3600 5804
382 558 440 615 106
798 558 960 634 Doc.125.
991 592 1025 602 -
1051 559 1106 616 An.
1132 573 1217 636 1325.

377 661 641 669 .—.--—.-—
656 663 787 670 -υ--η

377 756 460 812 libus
483 763 657 829 presentem
691 760 837 832 paginam
868 761 1052 832 inspecturis
1083 760 1217 816 salutern
1247 760 1277 816 in
1309 759 1450 815 omnium
1481 758 1634 815 salvatore.

377 861 472 944 Justis
505 863 675 935 petentium
706 864 867 922 desideriis
898 863 1023 922 facilem
1055 867 1186 938 prebere
1223 879 1414 934 consensum,
1446 865 1494 920 ius
1528 863 1635 933 invitat,

378 969 498 1040 equitas
521 967 630 1028 svadet
652 977 682 1026 et
706 971 791 1043 regia
814 971 991 1028 sublimitas
1015 977 1181 1029 exortatur.
1206 969 1339 1028 Proinde
1362 969 1402 1026 ad
1428 969 1636 1026 universorum

380 1077 444 1130 tam
468 1075 663 1148 presencium
687 1092 782 1148 quam
806 1076 981 1136 futurorum
1005 1078 1152 1136 noticiam
1174 1077 1286 1134 harum
1309 1076 1388 1133 serie
1411 1075 1557 1132 volumus
1575 1090 1637 1147 per-

380 1180 493 1250 venire,
518 1180 602 1254 quod
625 1183 761 1240 universi
785 1182 868 1240 cives
891 1182 930 1240 de
953 1187 1058 1241 monte
1082 1181 1193 1253 Grech‚
1224 1181 1331 1240 dilecti
1354 1187 1385 1238 et
1408 1180 1516 1238 fideles
1539 1181 1636 1250 nostri,

379 1286 586 1344 exhibuerunt
609 1289 699 1346 nobis
730 1289 931 1362 privilegium
963 1289 1141 1347 felicissime
1164 1288 1389 1346 recordacionis
1421 1287 1539 1344 domini
1567 1285 1639 1354 Bele,

380 1392 537 1466 quondam
562 1395 692 1452 illustris
715 1396 796 1468 regis
820 1396 985 1468 Huugarie,
1007 1396 1116 1470 proavi
1131 1395 1236 1466 nostri,
1252 1410 1346 1468 super
1362 1395 1506 1452 libertate
1521 1398 1550 1450 et
1565 1397 1639 1448 terra

379 1516 437 1573 per
459 1500 591 1558 eundern
616 1502 659 1558 eis
682 1500 761 1559 datis
784 1508 814 1560 et
838 1503 988 1560 concessis
1011 1500 1194 1572 conlectum,
1218 1507 1355 1574 petentes
1379 1500 1510 1557 anobis
1535 1496 1640 1554 humili

380 1621 451 1663 cum
475 1607 631 1676 instancia,
655 1613 688 1664 ut
711 1609 815 1680 ipsum
838 1609 880 1665 ob
895 1615 1070 1682 respectum
1088 1607 1230 1664 fidelium
1246 1607 1450 1664 serviciorum
1467 1603 1639 1662 eorumdem

381 1713 491 1770 merita
515 1714 765 1786 progenitoribus
787 1715 899 1771 nostris
923 1720 953 1771 et
976 1713 1103 1770 domurn
1127 1715 1216 1770 nobis
1240 1715 1381 1786 impensa
1404 1718 1506 1769 ratum
1524 1711 1638 1779 habere,

382 1824 489 1876 nostro
520 1819 687 1892 privilegio
717 1819 901 1878 confirmare
931 1829 961 1877 et
991 1820 1075 1893 ipsos
1105 1820 1136 1876 in
1167 1818 1306 1892 predicta
1333 1819 1475 1876 libertate
1509 1815 1641 1888 dignare·

383 1939 455 1981 mur
479 1939 669 1982 conservare.
693 1924 916 1998 Cuiusquidem
939 1926 1099 1998 privilegii
1127 1931 1216 1982 tenor
1245 1925 1316 1982 talis
1347 1930 1408 1980 est:
1432 1918 1504 2000 (vid.
1529 1938 1571 1978 nr.
1594 1936 1640 1994 49.

384 2045 464 2087 anno
492 2029 582 2102 1266,
608 2045 655 2104 23.
679 2023 879 2108 novembris).
903 2031 966 2089 Nos
989 2032 1094 2104 itaque
1117 2031 1205 2088 iustis
1237 2030 1443 2104 peticionibus
1468 2026 1641 2086 eorumdem

383 2137 498 2194 civium
522 2137 664 2194 fidelium
687 2145 864 2195 nostrorum
888 2139 973 2210 regio
995 2138 1133 2195 inclinati
1157 2152 1228 2194 curn
1252 2135 1369 2206 favore,
1390 2133 1564 2208 predictum
1586 2133 1643 2206 pri·

384 2243 536 2316 vilegium
561 2259 621 2300 non
645 2246 800 2314 abrasum,
824 2259 886 2302 non
917 2245 1131 2315 cancellatum,
1155 2259 1211 2300 nec
1243 2243 1273 2300 in
1297 2243 1403 2314 aliqua
1426 2241 1474 2297 sui
1496 2245 1581 2314 parte
1602 2237 1645 2294 vi-

385 2351 509 2418 ciatum,
533 2349 571 2406 de
594 2351 693 2407 verbo
717 2350 755 2408 ad
780 2351 913 2408 verbum
939 2350 1104 2408 transcribi
1127 2354 1156 2407 et
1180 2349 1374 2422 presentibus
1390 2347 1484 2404 inseri
1500 2344 1643 2414 facientes,

383 2462 513 2529 propter
536 2455 677 2513 fidelium
702 2457 905 2514 serviciorum
929 2457 1068 2530 ipsorum
1093 2456 1204 2513 merita
1229 2453 1480 2529 progenitoribus
1496 2451 1604 2509 nostris
1618 2453 1645 2505 et

384 2562 474 2619 nobis
497 2569 531 2620 ut
561 2561 696 2620 fideliter
723 2563 767 2619 sic
798 2561 952 2620 ferventer
982 2564 1117 2636 inpensa,
1149 2562 1371 2635 approbamus
1403 2559 1590 2616 ratificamus
1619 2559 1646 2611 et

384 2669 534 2741 presentis
558 2669 666 2742 scripti
682 2670 853 2742 patrocinio
870 2668 1099 2739 confirmamus,
1120 2668 1259 2724 volentes
1280 2665 1405 2724 eosdem
1429 2667 1460 2722 in
1481 2663 1647 2739 prescripta

385 2788 493 2830 eorum
518 2775 660 2832 libertate
683 2790 873 2832 conservare.
897 2775 930 2832 ln
955 2775 1041 2832 cuius
1057 2775 1102 2831 rei
1118 2773 1302 2830 memoriam
1327 2772 1570 2844 firmitatemque
1583 2785 1646 2842 per·

385 2887 511 2952 petuam
540 2887 698 2954 presentes
729 2881 848 2938 litteras
881 2881 997 2938 eisdem
1029 2881 1236 2938 concessimus
1268 2879 1365 2951 sigilli
1395 2879 1494 2934 nostri
1524 2873 1646 2950 duplicis

385 2987 556 3042 munimine
580 2987 749 3044 roboratas.
773 2987 889 3044 Datum
913 3001 969 3060 per
993 3002 1102 3044 manus
1125 2985 1249 3043 discreti
1273 2985 1334 3042 viri
1358 2983 1501 3056 magistri
1517 2979 1647 3039 ladizlai

384 3092 533 3164 prepositi
558 3094 685 3150 ecclesie
709 3093 894 3164 Tytuiensis,
918 3095 1053 3151 albensis
1070 3093 1168 3164 electi,
1185 3093 1255 3150 aule
1275 3097 1379 3148 nostre
1399 3087 1645 3154 vicecancellarii,

386 3197 491 3255 dilecti
517 3206 546 3255 et
571 3198 673 3256 fidelis
703 3201 808 3269 nostri,
840 3199 974 3257 secundo
1006 3199 1074 3257 idus
1105 3199 1248 3256 octobris.
1284 3201 1371 3255 Anno
1404 3196 1524 3254 domini
1548 3190 1647 3251 llCCC

387 3304 536 3362 vicesimo
560 3305 701 3362 secundo.
725 3305 822 3377 Regni
846 3311 950 3363 autern
973 3306 1069 3362 nostri
1092 3320 1172 3362 anno
1196 3304 1340 3362 similiter
1366 3303 1424 3359 XX
1447 3301 1585 3360 secundo.

478 3458 498 3506 E
518 3463 682 3523 transumpto
702 3459 820 3508 eiusdem
838 3458 929 3508 Caroli
949 3459 1027 3524 regis,
1047 3473 1114 3508 anno
1136 3468 1210 3519 1324

988 3779 1068 3844 125.

495 3887 571 3944 Anno
594 3893 667 3942 1323,
689 3893 710 3938 7.
729 3884 803 3949 Julii.

431 4013 565 4086 Sigillum
586 4022 641 4086 pro
663 4013 867 4087 confirmandis
890 4021 975 4086 atque
993 4012 1172 4086 expediendas
1194 4013 1296 4068 litteris
1318 4030 1337 4066 a
1360 4012 1485 4084 capimlo
1500 4009 1612 4083 zugrub.

745 4120 867 4192 erigimr
888 4127 917 4176 et
935 4120 1009 4176 iuris
1031 4120 1115 4192 vigor
1134 4119 1311 4176 attribuitur.

481 4282 635 4354 Quoniam
661 4282 691 4338 in
714 4297 810 4353 regno
834 4282 991 4353 ilungarie
1011 4281 1226 4356 expediciones
1242 4294 1406 4336 causarum
1429 4281 1460 4336 in
1485 4277 1551 4336 loro
1572 4293 1652 4334 secu·

393 4391 451 4446 lari
475 4390 679 4446 communiter
702 4393 928 4445 consueverunt
951 4387 1019 4445 fieri
1043 4403 1113 4443 curn
1146 4387 1319 4443 litterarum
1343 4385 1551 4458 capitulorum
1574 4381 1651 4438 testi·

394 4497 514 4566 moniis,
546 4495 615 4552 ideo
647 4511 707 4552 non
738 4495 882 4552 inmerito
913 4511 951 4551 ex
981 4494 1175 4551 institucione
1206 4492 1324 4550 domini
1356 4491 1528 4562 Augustini,
1556 4493 1653 4546 sancte

395 4603 553 4673 memorie,
577 4603 653 4658 olim
677 4611 780 4660 nostre
802 4602 930 4658 ecclesie
954 4601 1101 4674 episcopi,
1118 4599 1284 4673 specialius
1300 4599 1450 4672 processit
1466 4603 1496 4654 et
1511 4601 1653 4662 servatur,

394 4709 477 4782 quod
510 4708 650 4780 sigillum
679 4715 819 4765 nostrum
850 4714 881 4765 et
911 4708 1087 4781 specialiter
1117 4721 1242 4768 novum,
1272 4703 1356 4777 quod
1387 4711 1433 4761 est
1463 4708 1596 4760 erectum
1625 4707 1653 4755 et

394 4817 614 4873 autenticatum
638 4829 717 4872 anno
741 4813 859 4873 domini
887 4813 1108 4883 MCCCXXlll,
1139 4812 1227 4869 nonis
1258 4811 1372 4868 mensis
1402 4809 1487 4891 Julii,
1520 4807 1654 4865 adminus

396 4935 514 4996 septem
538 4921 676 4979 canonici
700 4921 730 4978 in
753 4927 832 4978 etate
855 4928 885 4979 et
908 4921 1095 4979 discrecione
1119 4919 1211 4993 positi
1228 4916 1400 4986 sufficienti,
1418 4915 1544 4990 possint,
1560 4911 1652 4985 ruptis

397 5028 544 5102 inpressis
566 5028 686 5101 sigiliis,
709 5027 747 5085 de
770 5027 878 5101 pixide
902 5029 1044 5100 excipere
1070 5030 1194 5084 etcum
1218 5039 1254 5082 eo
1277 5023 1396 5081 litteras
1424 5019 1594 5080 communis
1615 5017 1655 5074 iu·
