3600 5804
368 565 409 617 50
802 547 875 604 Dec.
894 557 945 622 57.
970 579 1012 588 -
1036 546 1091 603 An.
1117 559 1202 623 1273.

366 653 495 659 -——
515 653 692 660 --.-——
1066 653 1233 658 -—-—
1251 651 1556 660 --—-.-.-—.-—.-
1577 649 1634 656 --—-

365 747 525 816 libertatis,
550 745 632 818 quod
657 762 713 803 nec
735 762 792 820 per
807 761 871 816 nos,
895 761 951 803 nec
975 760 1031 818 per
1053 751 1174 803 nostros
1197 745 1348 803 officiales
1372 745 1424 802 vel
1450 743 1642 801 castellanos

365 867 424 926 pro
448 858 587 924 tempore
611 853 791 910 constitutos
815 851 865 908 vel
890 867 947 924 per
974 851 1152 924 iobagiones
1183 852 1302 909 castri.
1328 898 1334 909 .
1359 897 1364 908 .
1390 897 1396 908 .
1428 853 1514 924 ipsos
1542 864 1643 921 super

365 960 464 1016 vineis
488 959 617 1016 emticiis
641 958 692 1015 vel
717 958 807 1014 cultis
830 973 924 1030 super
955 963 1070 1014 terram
1103 958 1194 1015 castri
1225 951 1357 1036 (positis)
1380 958 1473 1014 liceat
1498 950 1642 1028 (pertur-

366 1065 434 1122 bari
463 1057 528 1140 aut)
558 1064 736 1137 aliqualiter
767 1064 931 1135 inquietari
955 1108 1172 1121 ........
1197 1063 1312 1120 Datum
1341 1061 1502 1134 Zagrabie,
1526 1061 1642 1133 quinta

366 1168 443 1227 feria
465 1175 535 1244 post
558 1176 683 1227 octavas
707 1169 799 1226 Pasce
818 1169 944 1226 domini.
970 1171 1059 1226 Anno
1082 1168 1221 1226 eiusdem
1247 1167 1415 1242 MCCLXX
1440 1167 1543 1223 tercio.

455 1287 594 1352 Originale
615 1287 641 1336 iu
660 1288 811 1336 membrana
830 1302 924 1351 parum
942 1285 1070 1335 attritum.
1098 1285 1126 1334 ln
1152 1286 1221 1334 arch.
1245 1285 1325 1334 Acad.
1351 1285 1446 1336 Scient
1467 1285 1537 1334 Slav.
1560 1281 1642 1332 meri-

367 1377 464 1425 dional.
483 1377 556 1441 Joan.
576 1375 744 1440 Kukuljevic'.
767 1375 853 1424 Arkiv
872 1389 901 1424 za
919 1374 1024 1439 poviest
1040 1375 1170 1438 jugoslav.
1189 1374 1250 1423 libr.
1270 1373 1317 1423 111.
1337 1390 1361 1439 p.
1382 1375 1423 1425 81.
1443 1387 1482 1422 nr.
1503 1371 1553 1422 111.

472 1575 520 1622 An.
544 1579 617 1630 1273·
967 1537 1026 1604 57·

367 1683 525 1740 ladislaus
545 1683 564 1738 I
572 1682 601 1738 V.
625 1683 800 1755 Hungariae
819 1689 866 1739 etc.
882 1701 944 1751 rex,
959 1683 1085 1756 episcopo
1101 1689 1129 1739 et
1144 1681 1270 1755 capitulo
1288 1697 1380 1736 arcem
1397 1678 1529 1747 Medvcd,
1548 1696 1641 1752 quam

359 1797 418 1862 pro
440 1787 633 1846 conservande
655 1789 789 1845 thesauro
811 1790 898 1861 regio,
921 1789 996 1846 Bela
1019 1788 1075 1845 IV.
1104 1808 1158 1846 rex
1185 1787 1228 1844 ad
1246 1795 1353 1860 tempus
1379 1787 1415 1842 ab
1444 1785 1563 1842 eeclesia
1592 1802 1642 1839 aa·

761 1895 912 1966 grabiensi
932 1903 1082 1970 receperat,
1106 1897 1237 1953 restituit.

457 2019 620 2078 Ladislaus
643 2019 692 2077 dei
715 2021 820 2092 gracia
842 2021 1008 2095 Hungarie,
1031 2023 1200 2092 Dalmacie‚
1229 2021 1363 2092 Cro'acie,
1387 2021 1494 2090 Rame,
1519 2017 1640 2088 Seruie,

367 2125 508 2197 Gallicie,
540 2126 731 2196 Lodomerie‚
766 2127 923 2198 Cumanie‚
953 2129 1159 2203 Bulgarieque
1188 2144 1251 2186 rex.
1287 2126 1440 2184 Omnibus
1475 2129 1640 2198 presentes

367 2234 486 2290 litteras
509 2233 693 2308 inspecturis
716 2235 847 2291 salutem
872 2236 903 2292 in
927 2251 1001 2292 vero
1024 2223 1160 2292 salutari.
1184 2234 1232 2292 Ad
1256 2235 1473 2292 universorum
1488 2231 1639 2290 notitiam

366 2347 431 2400 tam
447 2340 642 2412 presencium
658 2355 752 2412 quam
769 2339 945 2397 futurorum
961 2341 1072 2397 harum
1092 2341 1171 2398 serie
1187 2342 1334 2399 volumus
1357 2339 1531 2413 pervenire,
1550 2335 1636 2409 quod

367 2461 438 2503 cum
463 2445 550 2517 olym
572 2443 754 2502 karissimus
777 2459 855 2504 avus
877 2451 981 2503 noster
1003 2446 1147 2504 dominus
1179 2447 1251 2504 Bela
1282 2461 1346 2516 rex,
1370 2443 1469 2501 felicis
1490 2441 1641 2500 recorda-

367 2553 470 2622 cionis
494 2557 631 2610 castrum
662 2551 821 2624 quoddam
852 2553 938 2610 iuxta
968 2552 1160 2625 Zagrabiam‚
1192 2553 1276 2625 quod
1308 2551 1494 2608 Medwewar
1520 2563 1641 2607 nuncu·

368 2665 467 2730 patur,
491 2665 632 2732 tempore
656 2658 869 2716 translacionis
892 2659 1010 2717 domini
1025 2659 1165 2732 Philippi
1180 2665 1252 2716 tunc
1268 2657 1406 2732 episcopi
1425 2655 1641 2728 zagrabiensis

367 2763 399 2820 in
422 2764 583 2821 ecclesiam
607 2780 660 2822 seu
684 2765 985 2839 archiepiscopatum
1009 2766 1243 2837 strigoniensem
1267 2780 1325 2838 pro
1341 2761 1556 2821 conservando
1572 2763 1640 2818 the-

368 2884 458 2926 sauro
482 2871 568 2944 regio
591 2869 631 2928 ad
654 2875 779 2944 tempus
803 2871 843 2928 ab
867 2871 994 2929 ecelesia
1018 2872 1209 2943 zagrabiensi
1226 2871 1399 2944 recepisset,
1415 2873 1445 2926 et
1461 2868 1537 2926 licet
1553 2873 1641 2941 post-

368 2975 499 3033 modum
521 2977 625 3050 ipsum
649 2983 783 3034 castrum
810 2979 915 3035 taliter
943 2994 961 3035 a
993 2978 1055 3035 iam
1087 2978 1168 3035 dicta
1199 2978 1327 3034 ecclesia
1350 2976 1520 3032 alienatum
1546 2975 1641 3032 exsti-

368 3081 461 3153 tisset,
486 3085 515 3139 et
538 3098 594 3155 per
616 3084 714 3140 banos
730 3084 866 3141 Ducatus
888 3083 1050 3142 Sclauonie
1074 3085 1246 3142 successivo
1270 3098 1327 3156 pro
1351 3088 1491 3155 tempore
1525 3081 1640 3140 consti·

369 3193 459 3258 tutos,
483 3203 519 3245 eo
543 3188 626 3260 quod
650 3188 767 3246 dictum
798 3199 934 3247 castrum
965 3192 995 3248 in
1027 3189 1159 3248 confinio
1190 3190 1277 3261 regni
1308 3188 1470 3247 Sclauonie
1494 3196 1543 3247 est
1567 3205 1640 3248 oon·

369 3300 528 3363 structum,
551 3309 663 3365 guerra
683 3295 762 3352 inter
776 3295 939 3353 dominum
955 3295 1147 3370 Stephanum
1164 3311 1277 3368 regern,
1295 3294 1495 3352 karissimum
1513 3301 1640 3368 patrem

368 3404 510 3457 nostrum
532 3399 615 3456 clare
638 3402 796 3472 memorie,
827 3407 857 3458 et
887 3417 992 3474 regem
1017 3401 1202 3460 Boemorum
1229 3400 1425 3476 perdurante,
1449 3399 1488 3457 ad
1512 3417 1639 3458 conser-

368 3505 528 3562 vacionem
552 3505 638 3562 illius
661 3507 820 3579 provincie
844 3512 997 3564 retentum
1018 3507 1124 3565 fuisset
1140 3514 1171 3566 et
1186 3513 1411 3566 conservatum.
1427 3506 1545 3564 Tamen
1565 3509 1640 3580 quia

369 3615 453 3668 certo
476 3611 593 3668 cercius
616 3612 751 3668 constitit
773 3612 863 3669 nobis
886 3629 943 3687 per
965 3614 1096 3672 barones
1119 3620 1149 3672 et
1171 3616 1292 3673 nobiles
1312 3616 1399 3687 regni
1421 3614 1527 3682 nostri,
1553 3613 1641 3687 quod

369 3718 431 3775 iam
455 3717 574 3774 dictum
596 3723 732 3774 castrum
757 3735 795 3776 ex
819 3721 907 3778 bonis
927 3729 957 3778 et
973 3723 1149 3795 sumptibus
1166 3723 1292 3780 ecclesie
1308 3729 1412 3780 nostre
1427 3721 1641 3793 zagrabiensis

369 3839 426 3897 per
447 3822 604 3898 prefatum
628 3825 841 3883 venerabilem
865 3834 985 3900 patrem
1010 3839 1082 3886 tunc
1105 3829 1261 3902 prelatum
1292 3829 1389 3902 ipsius
1412 3827 1542 3884 ecclesie
1567 3842 1641 3884 con-

369 3935 520 3987 structum
544 3929 645 3988 suerat
667 3937 697 3988 et
721 3933 883 3989 munitum.
908 3933 970 3990 Nos
986 3936 1125 3992 nolentes
1141 3935 1200 3992 iuri
1217 3936 1390 4008 cuiuspiam
1406 3939 1435 3991 et
1459 3933 1641 4006 specialiter

369 4035 429 4092 iuri
454 4037 661 4094 ecclesiastico
684 4037 842 4110 derogare,
866 4039 1055 4099 attendentes
1076 4043 1212 4100 maxime
1236 4041 1319 4115 quod
1336 4041 1523 4098 venerabilis
1547 4049 1642 4115 pater

369 4140 582 4212 Thymotheus
606 4143 769 4216 episcopus
793 4143 912 4216 prefate
936 4147 1062 4204 ecclesie
1086 4149 1300 4221 zagrabiensis.
1325 4147 1455 4204 dilectus
1479 4153 1508 4203 et
1533 4147 1641 4205 fidelis

368 4252 480 4316 noster,
505 4247 559 4319 qui
580 4247 697 4304 nedum
725 4248 755 4305 id
785 4249 868 4321 quod
893 4266 984 4306 suum
1007 4259 1036 4309 et
1059 4255 1186 4310 ecclesie
1216 4270 1270 4311 sue
1301 4255 1347 4310 ius
1370 4253 1491 4326 attingit
1515 4253 1555 4310 de
1594 4272 1641 4312 re·

369 4353 432 4425 gali
455 4352 689 4425 magnificencia
711 4363 889 4424 mereretur,
912 4372 1020 4414 verum
1044 4360 1142 4416 eciam
1166 4367 1294 4434 propter
1318 4377 1371 4417 sue
1394 4362 1544 4417 immense
1561 4362 1642 4420 fide·

369 4460 464 4517 litatis
488 4465 517 4516 et
540 4460 743 4516 serviciorum
767 4463 877 4518 merita
900 4464 1017 4521 maiora
1045 4471 1074 4521 et
1105 4467 1259 4539 ampliora
1290 4467 1350 4524 sibi
1373 4473 1402 4523 et
1425 4467 1553 4524 ecclesie
1585 4486 1641 4528 sue

370 4567 401 4622 in
424 4566 685 4638 perpetuitatibus
709 4583 761 4623 seu
782 4566 1005 4626 donacionibus
1022 4573 1180 4644 perpetuis
1196 4571 1353 4630 debuisset
1367 4575 1550 4646 promereri,
1568 4591 1642 4648 pre·

370 4670 488 4728 dictum
511 4677 647 4729 castrum
671 4673 858 4730 Medwewar
881 4691 951 4731 cum
983 4677 1045 4732 suis
1075 4679 1220 4735 omnibus
1247 4680 1443 4752 pertinenciis
1467 4685 1496 4736 et
1519 4681 1642 4740 utilita-

370 4777 454 4834 tibus
477 4777 630 4834 universis
653 4781 842 4837 restituimus
874 4786 904 4838 et
933 4781 1127 4841 reddidimus
1158 4784 1280 4858 prefato
1306 4787 1478 4843 venerabili
1501 4790 1587 4860 patri
1613 4798 1642 4846 et

370 4884 507 4957 capitulo
530 4884 658 4941 ecclesie
681 4901 734 4942 sue
765 4892 917 4958 perpetuo
948 4889 1170 4960 possidendum
1201 4891 1317 4964 pariter
1337 4897 1368 4949 et
1391 4893 1581 4952 habendum.
1608 4897 1641 4954 ln

371 4989 458 5047 cuius
479 4990 525 5047 rei
547 4991 733 5048 memoriam
755 4991 998 5066 firmitatemque
1022 5003 1207 5070 perpetuam
1238 5003 1394 5071 presentes
1429 5003 1642 5060 concessimus
