3728 5806
768 542 844 600 Doc.
861 555 937 618 339.
955 556 1032 619 340.
1052 575 1089 584 —
1107 542 1164 601 An„
1185 539 1277 619 1389.

977 736 1066 804 339.

494 899 570 946 Anno
592 897 666 959 1389,
689 906 726 958 19.
748 897 912 962 septembris.
932 897 961 948 ln
981 897 1083 948 Monac.

391 1024 592 1100 Sigisrnuudus
611 1026 790 1100 Hungoriae
808 1035 855 1084 cic.
879 1045 941 1097 rex,
964 1027 1064 1084 Bubek
1082 1027 1157 1084 buno
1172 1030 1325 1102 praerupit,
1341 1036 1374 1085 ut
1386 1046 1516 1097 causam,
1532 1047 1607 1103 quac
1622 1029 1658 1086 de

388 1132 524 1189 sedecima
539 1139 628 1206 parte
650 1133 822 1190 decemumm
845 1135 921 1191 inter
941 1135 1097 1207 episcopum
1113 1135 1229 1208 zagrab.
1253 1141 1281 1192 ct
1300 1136 1374 1192 ciues
1395 1134 1570 1192 Greclrenses
1591 1154 1657 1208 age-

390 1239 483 1310 batur,
497 1239 639 1310 discutiat,
651 1239 822 1313 apartibus
833 1240 984 1298 tcmtt'ntmz
1005 1240 1048 1297 ad
1063 1241 1198 1298 ticdt'cticm
1213 1242 1312 1315 regale
1322 1241 1511 1315 cmnparendi,
1524 1242 1657 1315 assignet

1254 1375 1346 1419 Relsoio
1360 1374 1444 1419 domini
1458 1374 1602 1419 Iaewshcbii.

478 1487 695 1562 sigismundus
718 1489 767 1547 dei
790 1490 894 1562 gracia
914 1506 969 1547 rex
992 1490 1157 1564 Hungarie,
1189 1491 1358 1562 Dalmacie‚
1382 1489 1509 1548 Croacie
1532 1496 1597 1562 etc.‚
1620 1507 1658 1550 ac

391 1596 529 1654 marchio
552 1595 870 1670 Brandemburgensis
886 1602 940 1654 etc.
957 1597 1056 1655 Fideli
1071 1613 1127 1654 suo
1146 1596 1311 1670 magnifico
1326 1597 1395 1654 viro
1411 1595 1538 1654 domino
1558 1596 1658 1654 Theo·

391 1701 495 1760 clerico
519 1701 634 1774 Bubek,
657 1703 743 1775 regni
767 1701 929 1760 Sclauonie
959 1703 1049 1773 bano,
1078 1704 1211 1761 salutern
1243 1709 1273 1761 et
1303 1703 1447 1775 graciam.
1478 1702 1539 1760 Pro
1569 1709 1658 1777 parte

391 1807 534 1866 fidelium
557 1809 672 1866 civium
695 1815 873 1867 nostrorum
897 1809 1010 1867 montis
1037 1807 1221 1867 Grechensis
1244 1807 1282 1866 de
1305 1808 1455 1881 Zagrabia
1478 1814 1583 1866 nostre
1606 1825 1657 1866 ex·

392 1915 527 1988 positum
550 1915 651 1972 extitit
675 1915 835 1980 maiestati,
860 1915 944 1988 quod
967 1916 1156 1972 venerabilis
1179 1916 1210 1972 in
1233 1914 1356 1972 Christo
1387 1922 1484 1988 pater,
1512 1913 1658 1972 dominus

390 2021 544 2102 Johannes
567 2021 730 2094 episcopus
751 2021 966 2092 zagrabiensis,
983 2021 1169 2079 sedecimam
1186 2026 1308 2094 partem
1324 2022 1470 2078 vinorum
1486 2026 1516 2078 et
1532 2019 1657 2093 frugum

392 2133 461 2200 post
484 2127 696 2200 recepcionem
720 2126 911 2183 decimarum
935 2143 1063 2185 suarum
1093 2127 1131 2184 de
1162 2127 1241 2184 vinis
1265 2132 1294 2184 et
1317 2127 1459 2200 frugibus
1483 2128 1513 2184 in
1538 2127 1658 2184 territo

391 2233 445 2290 riis
468 2231 649 2290 eorumdem
672 2232 788 2290 civium
812 2233 1073 2306 provenientibus,
1097 2249 1155 2306 pro
1179 2249 1211 2290 se
1234 2233 1371 2306 recipere
1394 2237 1423 2290 et
1447 2233 1530 2306 exigi
1557 2231 1658 2290 facere

391 2340 547 2410 niteretur,
571 2353 667 2412 quam
690 2339 766 2396 alias
789 2337 884 2396 iidem
907 2340 990 2397 cives
1013 2356 1071 2414 pro
1102 2355 1134 2397 se
1168 2341 1346 2412 exegissent.
1374 2339 1517 2412 Cumque
1540 2339 1579 2397 de
1602 2341 1658 2397 hu·

392 2445 525 2502 iusmodi
548 2445 614 2502 iure
637 2462 694 2519 per
715 2459 772 2502 vos
795 2445 1053 2504 certitudinaliter
1076 2447 1210 2504 velimus
1243 2446 1373 2516 edoceri,
1397 2445 1542 2503 fidelitati
1564 2445 1659 2520 igitur

392 2557 493 2608 vestre
515 2551 749 2623 committimus,
773 2551 926 2624 vobisque
949 2551 1140 2624 mandamus,
1165 2559 1316 2626 quatenus
1339 2552 1377 2610 de
1401 2568 1446 2623 eo,
1470 2558 1577 2610 utrum
1592 2553 1659 2626 ipse

392 2657 535 2714 dominus
559 2657 724 2730 episcopus
747 2657 861 2715 dictam
885 2657 1038 2716 sedecime
1069 2659 1259 2716 solucionem
1291 2675 1329 2716 an
1352 2658 1466 2732 prefati
1489 2659 1573 2716 cives
1596 2659 1659 2716 exi·

392 2779 464 2834 gere
487 2764 528 2820 ab
559 2765 686 2836 antiquo
718 2765 939 2824 consveverint.
971 2766 1012 2822 ab
1044 2767 1188 2822 omnibus
1217 2781 1351 2837 quorum
1381 2765 1514 2835 interest,
1538 2779 1659 2822 meram

392 2870 494 2928 sciatis
525 2871 697 2941 veritatem,
729 2886 823 2944 quam
857 2871 982 2928 tandem
1012 2872 1101 2929 nobis
1132 2869 1266 2928 fideliter
1291 2871 1475 2928 rescribatis.
1504 2871 1660 2928 Volumus

393 2975 490 3032 eciam
513 2983 547 3033 ut
570 2992 607 3032 ex
631 2991 693 3048 quo
717 2976 855 3048 quelibet
879 2978 1019 3049 parcium
1051 2977 1091 3034 ad
1122 2977 1316 3034 exaccionem
1348 2976 1429 3034 dicte
1451 2977 1605 3034 sedecime
1628 2993 1660 3034 se

392 3083 439 3139 ius
463 3082 578 3139 habere
601 3081 763 3155 pretendit,
787 3083 862 3155 ipsis
886 3083 1053 3140 terminum
1076 3099 1147 3140 cum
1165 3083 1325 3140 autenticis
1340 3083 1540 3140 munimentis
1557 3083 1660 3140 huius-

392 3187 479 3245 modi
499 3189 640 3260 ipsornm
664 3188 909 3246 iurisdiccionem
936 3190 1141 3262 probantibus
1171 3205 1275 3246 coram
1306 3189 1396 3245 nobis
1418 3203 1454 3245 ac
1477 3189 1607 3261 prelatis
1630 3195 1661 3246 et

394 3294 563 3352 baronibus
587 3296 699 3352 nostris
722 3295 922 3368 comparendi
946 3297 1112 3352 terminum
1137 3295 1292 3368 assignare
1315 3294 1460 3352 debeatis.
1488 3294 1606 3351 Datum
1630 3295 1659 3351 in

395 3402 534 3472 liobam,
559 3400 712 3458 dominica
736 3402 879 3475 proxima
896 3411 965 3458 ante
981 3400 1095 3460 festum
1119 3402 1200 3459 beati
1224 3402 1338 3458 Mathei
1362 3401 1496 3473 apostoli
1512 3407 1543 3457 et
1558 3416 1661 3458 ewan-

395 3508 511 3579 geliste.
536 3509 625 3564 Anno
649 3507 767 3564 domini
791 3507 1015 3565 MCCCLXXX
1040 3524 1128 3566 nono

484 3641 624 3707 Originalc
643 3642 670 3692 in
690 3643 787 3702 charta,
808 3643 833 3692 in
853 3659 905 3707 qua
924 3643 1081 3710 impressum
1104 3651 1141 3695 est
1160 3645 1280 3711 sigillum
1299 3645 1457 3695 minusclum
1470 3644 1549 3710 regis.
1573 3643 1606 3694 ln
1619 3659 1660 3694 ar-

394 3729 471 3781 chivo
486 3732 504 3780 l.
518 3747 539 3780 r.
554 3730 624 3781 civit.
640 3732 744 3797 zagrab.

980 3931 1073 3996 340.

502 4071 576 4118 Anno
599 4070 672 4131 1389,
695 4079 732 4132 19.
753 4070 916 4134 septembris.
938 4071 968 4119 In
986 4071 1087 4122 Mohad.

398 4197 599 4271 Segismumius
621 4201 797 4272 Hungoriae
831 4208 877 4257 etc.
910 4219 972 4270 rex,
1003 4202 1129 4274 episopo
1157 4202 1273 4274 zcrgrab.
1298 4202 1439 4278 johanni
1454 4200 1608 4274 praecipu,
1631 4207 1664 4256 ut

396 4307 469 4363 cives
491 4306 665 4364 Grcclvenses
681 4307 900 4380 inperceptiora
914 4309 1065 4364 sedecimas
1080 4309 1179 4381 partis
1201 4307 1375 4364 decuriarum
1399 4315 1457 4364 dvm
1488 4307 1539 4363 alric
1575 4307 1661 4363 relut-

616 4420 696 4486 quat‚
724 4431 868 4487 quousque
890 4414 924 4469 dc
947 4433 981 4471 eu
1004 4415 1034 4470 in
1057 4415 1161 4471 iudicio
1184 4415 1262 4488 regio
1285 4414 1439 4471 ckcvdatur.

1275 4565 1367 4610 Rolncio
1381 4565 1465 4610 domini
1478 4565 1609 4610 Iuwslahii.

486 4679 702 4753 Sigismundus
725 4681 775 4739 dei
798 4683 901 4754 gracia
924 4700 979 4740 rex
1003 4685 1169 4756 ilungarie,
1193 4683 1361 4754 Dalmacie‚
1386 4683 1514 4740 Croacie
1537 4688 1602 4752 etc.‚
1627 4699 1662 4740 ac

399 4789 537 4844 marchio
561 4788 877 4862 Brundemburgensis
900 4797 954 4847 etc.
979 4790 1078 4848 Fideli
1102 4806 1158 4848 suo
1182 4790 1353 4848 venerabili
1375 4791 1407 4846 in
1431 4789 1555 4846 Christo
1579 4790 1663 4862 patn'

401 4894 527 4951 domino
549 4894 681 4976 Johanni
705 4896 852 4970 episcopo
873 4895 1073 4968 zagrabiensi.
1097 4897 1229 4954 salutem
1262 4901 1292 4954 et
1322 4897 1467 4968 graciam.
1491 4895 1552 4952 Pro
1575 4903 1665 4968 parte

401 4999 543 5060 fidelium
565 5001 681 5058 civium
705 5007 881 5059 nostrorum
906 5002 1020 5060 montis
1043 5003 1229 5061 Grechensis
1252 5002 1291 5060 de
1314 5001 1465 5074 Zagrabia
1486 5007 1591 5059 nostre
1612 5017 1665 5059 ex·
