3854 5806
644 551 798 628 Excerpto
820 569 835 607 c
856 551 966 608 coaevis
988 547 1177 622 scriptoribus.

889 744 924 808 6.

378 886 453 933 llnno
479 886 550 942 1387,
571 899 657 934 mense
675 883 758 948 Julio.

301 1013 416 1082 alara,
439 1015 515 1087 regas
539 997 719 1086 Szgzbnundi
738 1031 822 1082 uxor,
846 1033 860 1070 c
882 1013 1040 1072 carceribus
1064 1009 1234 1082 llboigrudc'
1255 1009 1385 1076 liberata,
1410 1006 1522 1078 Zagru-

795 1121 870 1177 biam
892 1119 1012 1176 ducitur.

361 1281 427 1338 Rex
451 1281 555 1354 itaque
581 1275 821 1360 (Sigismundus)
844 1291 936 1356 atque
959 1296 1089 1354 regnum
1112 1279 1164 1336 diu
1197 1277 1351 1334 laboravit
1375 1290 1432 1348 pro
1456 1274 1536 1344 regis

273 1386 387 1442 Mariae
412 1387 593 1446 liberatione
617 1389 668 1446 sed
694 1391 798 1446 omnia
811 1387 948 1446 remedia
961 1388 1082 1460 penitus
1099 1393 1185 1442 erant
1197 1381 1342 1450 invalida,
1355 1381 1412 1437 nisi
1431 1379 1536 1435 luisset

272 1492 444 1564 benignitas
468 1492 648 1567 ducalisque
666 1496 865 1553 Venetiarum
888 1494 1031 1569 potentia,
1057 1507 1136 1564 quae
1160 1489 1243 1548 misit
1271 1487 1407 1545 nobilem
1433 1485 1534 1541 virum

272 1597 422 1680 Joannem
447 1598 625 1671 Barbadico,
649 1601 853 1673 capitaneum,
878 1615 947 1658 cum
972 1598 1069 1670 galeis
1093 1597 1210 1670 optime
1233 1594 1368 1660 armatis,
1393 1593 1446 1664 qui
1466 1589 1536 1646 (lili-

272 1703 449 1774 gentissime
471 1719 531 1766 non
555 1705 657 1762 solum
681 1707 915 1764 attentissimam
940 1703 1111 1762 custodiam
1129 1701 1317 1760 maritimam
1333 1697 1482 1767 adhibuit,
1498 1713 1536 1752 nc

272 1809 339 1882 ipsa
362 1825 417 1866 rex
440 1811 538 1867 Maria
554 1813 812 1884 transveheretur,
829 1827 938 1869 verum
955 1812 1047 1868 etiam
1071 1815 1211 1884 potenter
1227 1805 1412 1864 descendens
1430 1804 1460 1862 in
1477 1809 1536 1860 ter-

271 1930 347 1984 ram,
363 1915 441 1973 adeo
461 1918 650 1991 expugnavit
666 1925 696 1975 et
712 1920 842 1976 arctavit
858 1919 960 1991 ipsum
978 1918 1116 1990 priorem
1134 1917 1282 1983 Auranae,
1299 1911 1381 1984 quod
1400 1910 1534 1983 pervim

255 2021 371 2092 ,coegit
387 2037 458 2078 eum
475 2021 514 2079 ad
539 2023 763 2082 restituendum
786 2025 895 2097 ipsam,
920 2039 1012 2096 quarn
1030 2038 1123 2096 super
1147 2020 1243 2092 galeis
1260 2019 1348 2076 duxit
1370 2015 1501 2088 Segnam
1518 2031 1536 2072 a

271 2127 446 2184 carceribus
466 2137 495 2185 et
519 2134 618 2186 morte
635 2130 813 2203 turpissima
831 2131 995 2187 liberatam
1006 2147 1012 2198 ;
1024 2129 1091 2202 ipsa
1105 2126 1221 2184 veroin
1234 2125 1356 2197 signum
1370 2131 1536 2195 perpetuae

273 2233 430 2290 charitatis
443 2235 569 2292 omnino
582 2235 682 2293 voluit
694 2236 824 2294 eundem
835 2237 984 2319 Joannem
995 2234 1174 2304 Barbadic0,
1183 2239 1393 2305 capetaneum,
1406 2229 1459 2301 qui
1472 2235 1536 2285 tarn

276 2342 399 2396 strenue
423 2341 621 2398 laboraverat
645 2358 703 2415 pro
725 2341 832 2399 eadem
856 2343 983 2399 militari
1008 2342 1130 2413 cingulo
1154 2339 1307 2410 insignire.
1332 2337 1536 2410 lpsequoque

271 2449 455 2518 capetaneus
478 2463 510 2503 se
534 2447 720 2505 transferens
744 2464 815 2506 cum
842 2449 939 2520 galeis
962 2447 1001 2504 ad
1032 2451 1166 2504 castrum
1199 2444 1371 2502 Scardonae
1402 2459 1458 2516 per
1488 2461 1535 2501 re-

270 2552 369 2609 belles
393 2569 523 2610 coronae
557 2559 751 2628 occupatum,
776 2555 920 2626 quamvis
950 2553 1191 2627 inexpugnabile
1223 2550 1302 2608 foret
1332 2558 1362 2607 et
1392 2551 1535 2621 gentibus

271 2659 378 2717 multis
402 2659 553 2732 fulcitum,
578 2662 679 2734 ipsum
704 2661 836 2719 obtinuit
861 2679 917 2734 per
940 2662 1004 2718 vim
1017 2661 1103 2729 belli,
1117 2657 1301 2730 assignando
1314 2657 1416 2730 ipsum
1433 2659 1535 2728 regiae

270 2771 299 2822 et
323 2766 451 2840 reginali
478 2768 638 2826 maiestati.
662 2769 789 2828 Ducalis
813 2770 995 2826 excellentia
1007 2768 1044 2826 ad
1062 2768 1159 2825 dictas
1176 2767 1350 2824 maiestates
1362 2781 1416 2822 sex
1429 2766 1535 2822 amba·

270 2873 414 2930 sciatores
435 2874 611 2946 sollemnes
638 2875 754 2932 scilicet
770 2876 891 2934 nobiles
907 2877 1007 2933 viros:
1027 2873 1221 2932 Leonardum
1235 2871 1380 2930 Dandulo
1393 2871 1534 2929 militem.

271 2986 502 3052 procuratorem
527 2997 549 3038 s.
574 2982 677 3051 Marci,
700 2982 852 3064 Jacobum
880 2982 1045 3055 Delphin0,
1078 2981 1217 3050 militem,
1252 2978 1380 3036 Paulum
1412 2980 1534 3035 Mauro-

271 3101 354 3156 ceno,
380 3086 505 3143 Petrum
529 3087 710 3159 llragadin0‚
735 3089 888 3146 ltlarinum
914 3089 1081 3162 blaripetro
1106 3093 1135 3144 et
1158 3086 1334 3158 Remigium
1351 3083 1534 3158 Superantio

269 3192 306 3248 ad
332 3193 610 3265 congratulandum
635 3193 673 3251 de
695 3195 824 3266 reginali
842 3195 1024 3252 liberatione
1041 3194 1225 3262 transmisit;
1244 3209 1305 3266 qua
1322 3190 1448 3264 quidem
1464 3207 1534 3248 con-

269 3299 475 3369 gratulatione
499 3299 548 3357 die
571 3301 660 3383 Jovis
685 3316 731 3375 ιε).
754 3299 830 3376 junii
859 3319 867 3358 ι
878 3301 947 3374 387.
965 3300 1053 3370 facta
1070 3307 1098 3357 et
1116 3300 1294 3372 dignissime
1310 3304 1443 3372 accepta,
1461 3315 1535 3369 ‹put-

273 3413 342 3462 tuor
366 3423 404 3462 ex
428 3407 470 3462 eis
494 3407 579 3464 iuxta
602 3407 744 3464 ordinem
767 3408 873 3464 datum
900 3407 1043 3464 Venetias
1070 3413 1274 3476 revertuntur,
1306 3405 1535 3462 remanentibus

272 3511 395 3570 duobus
419 3514 529 3574 exeis.
553 3514 669 3571 scilicet
694 3514 852 3571 leonardo
875 3513 1021 3572 Dandulo
1045 3521 1074 3571 et
1097 3513 1194 3570 Paulo
1218 3515 1402 3570 Mauroceno
1425 3511 1461 3568 ad
1488 3527 1534 3566 so-

271 3617 415 3675 ciandum
432 3620 603 3690 reginalem
620 3621 811 3677 maiestatem
829 3618 979 3692 usquead
997 3621 1228 3676 serenissimum
1244 3619 1406 3676 dominum
1422 3633 1534 3686 regem.

269 3723 373 3781 Primo
396 3725 490 3797 igitur
512 3726 588 3808 Julii
612 3728 827 3800 subsequentis
850 3729 1005 3785 sociarunt
1028 3743 1096 3783 eam
1120 3743 1217 3799 usque
1245 3727 1456 3799 Ysagabriam.
1481 3726 1534 3782 ubi

269 3829 450 3888 invenerunt
475 3832 635 3891 dominum
660 3849 765 3904 regem
785 3840 814 3890 et
837 3833 968 3891 eundem
998 3833 1237 3890 l’anthaleonem
1261 3832 1370 3903 Barbo,
1394 3833 1535 3900 militem,

270 3935 323 4008 qui
348 3945 495 3995 venerant
518 3939 643 3996 obviam
669 3940 798 4010 reginali
823 3940 983 3997 maiestati.
1007 3940 1171 3996 Celebrata
1199 3955 1321 4012 quoquc
1351 3939 1393 3996 ibi
1425 3953 1536 4010 magna

270 4043 487 4117 sollemnitate,
513 4047 577 4118 ipsc
601 4047 745 4104 dominus
770 4065 823 4104 rex
848 4048 909 4104 iam
934 4047 1050 4103 dictum
1075 4045 1235 4103 dominum
1261 4045 1389 4102 Paulum
1417 4047 1535 4101 llauro-

271 4166 345 4207 ceno
362 4150 400 4207 ad
418 4153 566 4209 honorem
585 4153 713 4210 militiae
730 4154 920 4223 sublimavit,
944 4155 1149 4226 subsequente
1178 4154 1262 4226 regia
1286 4163 1315 4209 et
1335 4153 1464 4226 reginali
1485 4169 1535 4210 ex-

268 4257 420 4328 cellentia,
438 4259 559 4332 ipsique
573 4266 634 4317 tres
647 4261 887 4318 ambasciatores
902 4261 1018 4318 scilicet
1045 4260 1220 4318 Leonardus
1244 4259 1397 4330 Dandum,
1423 4259 1536 4317 Paulus

272 4366 455 4422 Mauroceno
479 4371 508 4423 et
533 4365 677 4424 Pantaleo
701 4367 811 4438 Barb0,
835 4369 958 4438 milites,
982 4366 1101 4424 Rudam
1118 4383 1186 4425 cum
1215 4368 1328 4425 eximia
1342 4367 1455 4424 laetitia
1468 4383 1536 4440 per·

275 4479 424 4528 venerunt
448 4473 485 4530 de
509 4480 588 4530 statu
613 4481 642 4531 et
667 4477 769 4547 quiete
792 4476 878 4547 regni
901 4475 1125 4548 sapientissime
1152 4474 1357 4548 providentes,

357 4609 504 4669 (acesinus,
523 4611 594 4675 apud
615 4609 742 4673 Joannem
772 4610 848 4661 Lucii
874 4613 905 4662 de
927 4627 1008 4674 regno
1037 4611 1186 4662 Dalmatiae
1211 4622 1235 4662 et
1265 4613 1387 4663 (roatiac
1415 4611 1476 4662 libr.
1504 4617 1536 4670 V,

266 4698 329 4748 edil.
352 4700 499 4750 Amslelod.
519 4716 545 4764 p.
566 4708 678 4760 253-4.

802 4843 1038 4872 «ιιι-
