3600 5804
411 525 469 584 160
828 527 901 583 Dor.
926 522 995 585 182.
1024 563 1059 570 -
1087 530 1141 587 An.
1167 545 1254 608 1343.

478 630 590 636 -..—...--.
614 630 677 635 —-.-
694 631 731 636 q
746 631 752 636 .
777 633 840 637 --.-
1021 635 1041 639 ,,,
1191 637 1197 642 ,
1394 638 1408 644 .-

408 739 467 796 que
486 728 643 781 transeunt
659 725 708 782 vel
724 724 878 784 ducuntur
894 742 950 800 per
963 727 1144 800 Zagrabiam
1163 731 1213 786 vel
1230 731 1310 788 circa
1328 747 1532 804 quocumque,
1548 748 1655 806 semper

407 834 509 886 tamen
534 831 641 904 previa
664 831 793 889 racione.
819 833 903 894 item.
935 833 973 890 de
1001 836 1144 892 curribus
1175 837 1338 909 baliarum,
1369 839 1423 911 qui
1456 839 1600 896 ducuntur
1620 840 1652 897 ad

407 941 544 993 montem
568 936 762 1009 Grecensem,
786 941 852 995 sive
883 945 1027 1004 castrum,
1059 957 1193 1013 quorum
1224 958 1340 1000 merces
1364 946 1416 1000 vel
1441 961 1478 1001 ex
1502 947 1543 1002 eis
1563 947 1653 1018 alique

407 1042 580 1100 vendicioni
605 1050 809 1118 exponuntur,
834 1047 985 1103 tributum
1010 1048 1068 1104 hoc
1092 1048 1185 1104 modo
1216 1051 1370 1108 solvetur:
1400 1053 1503 1123 primo
1527 1053 1653 1110 videlicet

406 1146 444 1205 de
468 1150 596 1220 singulis
620 1150 715 1223 peciis
745 1153 838 1224 panni
869 1153 1000 1221 scarleti,
1026 1153 1146 1210 medius
1172 1153 1249 1211 serto
1273 1157 1390 1227 argenti
1416 1158 1493 1229 puri.
1518 1157 1596 1222 item,
1617 1157 1650 1213 de

407 1255 516 1326 pannis
540 1256 610 1312 aliis
634 1257 685 1312 vel
709 1258 802 1313 rebus
826 1258 1075 1332 quibuscumque
1099 1267 1128 1316 et
1153 1261 1182 1316 in
1199 1277 1395 1340 quocumque
1420 1265 1588 1332 consistant,
1609 1279 1654 1319 seu

408 1361 629 1434 cuiuscumque
653 1363 748 1435 precii
773 1364 913 1432 existant,
929 1364 1075 1437 precedat
1091 1367 1265 1424 communis
1283 1368 1441 1425 estimacio
1465 1369 1496 1425 in
1512 1370 1577 1425 loco
1593 1385 1654 1426 ven-

405 1465 534 1523 dicionis
558 1475 731 1539 conpetenS,
756 1485 816 1541 qua
841 1468 929 1539 iacta,
951 1469 989 1526 de
1012 1471 1142 1544 singulis
1158 1473 1270 1530 marcis
1294 1473 1410 1530 valoris
1438 1475 1545 1531 talium
1564 1489 1656 1530 rerum

404 1580 434 1629 et
458 1573 730 1652 mercimoniarum
754 1575 942 1648 recipiantur
966 1576 1085 1634 denarii
1110 1577 1179 1635 duo.
1201 1578 1287 1648 Item,
1312 1578 1349 1635 de
1374 1580 1504 1652 singulis
1527 1581 1654 1636 curribus

407 1678 586 1752 ponderatis
609 1695 806 1752 quocumque
830 1680 933 1750 blad0,
957 1683 1072 1755 singuli
1095 1699 1148 1740 sex
1172 1684 1288 1741 denarii
1312 1701 1329 1741 a
1353 1685 1515 1743 venditore
1537 1691 1565 1742 et
1583 1687 1656 1742 simi·

407 1785 478 1842 liter
501 1787 542 1843 ab
566 1795 725 1860 emptore;
747 1793 777 1844 et
800 1788 858 1846 hoc
881 1787 964 1845 idem
992 1787 1186 1862 duplicatum
1218 1789 1273 1846 tali
1304 1789 1398 1847 modo
1422 1807 1544 1865 semper
1564 1792 1655 1849 subin-

407 1893 566 1966 telligatur
589 1894 620 1950 in
644 1895 788 1952 omnibus
812 1901 842 1950 et
865 1895 996 1966 singulis
1018 1895 1112 1952 rebus
1136 1894 1341 1968 infrascriptis
1357 1897 1533 1970 specialiter
1548 1899 1595 1954 vel
1610 1891 1653 1969 ge·

404 1999 550 2056 neraliter
573 2000 803 2057 subintellectis¹
829 2000 913 2070 Puta,
937 2001 961 2057 si
986 2000 1099 2058 dicitur
1119 2001 1159 2058 de
1182 2003 1263 2059 bove
1286 2019 1365 2058 unus
1388 2001 1533 2060 denarius
1555 2005 1603 2060 vel
1623 2002 1656 2059 de

403 2119 461 2161 ove
485 2105 606 2174 obulus,
632 2111 703 2162 lunc
727 2106 918 2178 intelligitur,
943 2105 1026 2178 quod
1052 2108 1117 2180 ipse
1146 2107 1288 2165 denarius
1313 2109 1363 2165 vel
1387 2108 1502 2165 obulus
1526 2110 1656 2183 primda

403 2211 563 2269 venditore
587 2211 718 2268 debetur
741 2218 771 2268 et
796 2211 989 2269 tantumdem
1022 2215 1062 2270 ab
1093 2223 1242 2286 emptore,
1274 2223 1303 2270 et
1326 2216 1370 2272 sic
1393 2215 1432 2272 de
1452 2217 1604 2273 similibus
1625 2215 1656 2272 de

403 2319 513 2374 maiori
536 2325 565 2374 et
589 2318 701 2374 minori
723 2318 900 2390 quantitate.
918 2319 1003 2388 Item,
1020 2319 1058 2376 de
1075 2320 1204 2392 singulis
1220 2320 1411 2392 ponderibus
1427 2337 1578 2395 equorum
1594 2338 1654 2379 cum

403 2423 499 2482 blado
523 2439 728 2497 quocumque,
751 2424 813 2481 duo
837 2424 962 2481 denarii.
988 2425 1071 2492 item,
1096 2425 1134 2482 de
1158 2427 1287 2499 singulis
1311 2428 1431 2484 baculis
1455 2443 1532 2498 cere,
1555 2429 1656 2500 singuli

402 2530 536 2600 denarii;
561 2537 589 2587 et
613 2531 651 2587 de
675 2531 805 2603 singulis
828 2531 930 2588 stariis
954 2531 1027 2588 salis
1043 2547 1078 2588 ac
1094 2533 1224 2604 singulis
1247 2534 1342 2604 peciis
1359 2533 1433 2591 ferri
1454 2536 1573 2604 seccati,
1590 2549 1655 2608 quo·

403 2636 631 2709 modocumque
654 2637 840 2706 deferantur,
864 2637 978 2708 singuli
1002 2637 1097 2694 obuli.
1123 2638 1207 2705 item,
1233 2638 1270 2694 de
1286 2639 1417 2711 singulis
1433 2641 1576 2697 curribus
1592 2655 1654 2696 cum

401 2744 474 2800 vino
498 2744 661 2812 honeratis,
685 2743 747 2800 duo
771 2742 896 2799 denarii.
922 2743 1006 2813 item,
1031 2743 1069 2799 de
1092 2745 1222 2816 singulis
1246 2746 1388 2802 curribus
1412 2747 1545 2819 piscium
1567 2763 1657 2803 recen-

401 2850 492 2918 cium‚
518 2867 571 2906 sex
595 2849 719 2906 denarii.
745 2849 830 2915 item,
854 2848 893 2905 de
914 2849 1045 2921 singulis
1068 2851 1209 2906 curribus
1240 2852 1373 2924 piscium
1405 2853 1568 2916 salsorum,
1592 2853 1657 2910 duo

402 2957 503 3014 decim
527 2956 644 3014 denarii
653 2975 659 3025 ;
682 2963 712 3012 et
735 2956 760 3012 si
783 2971 894 3012 usones
919 2955 1039 3024 luerint,
1064 2956 1102 3012 de
1126 2958 1264 3028 singulis,
1288 2974 1341 3014 sex
1365 2957 1491 3015 denarii.
1516 2961 1599 3019 ltem.
1621 2959 1653 3015 de

402 3064 532 3136 singulis
555 3063 691 3120 corosnis
716 3062 847 3135 piscium
864 3077 1057 3134 magnorum,
1075 3063 1137 3120 duo
1152 3062 1278 3133 denarii,
1301 3070 1330 3120 et
1354 3063 1392 3120 de
1413 3067 1568 3122 minorum
1585 3081 1654 3122 unus

345 3193 347 3198 ·
400 3169 555 3240 denarius,
579 3186 614 3226 ac
637 3169 676 3226 de
698 3169 827 3240 singulis
851 3169 988 3225 corosnis
1004 3184 1194 3236 cancrorum,
1212 3169 1332 3226 obulus.
1350 3171 1435 3240 Item,
1460 3171 1498 3227 de
1521 3172 1654 3244 quolibet

400 3292 489 3348 equo,
513 3293 576 3345 sex,
600 3282 629 3332 et
653 3291 741 3348 equa,
766 3281 899 3347 quatuor
923 3274 1048 3332 denarii.
1073 3275 1158 3342 Item,
1180 3275 1218 3332 de
1242 3277 1371 3348 singulis
1400 3277 1588 3350 ponderibus
1608 3279 1656 3334 ho·

382 3384 520 3440 'minum
545 3397 616 3439 cum
643 3382 704 3438 tela
730 3381 779 3437 vel
804 3397 905 3454 panno
929 3382 1085 3438 communi
1109 3387 1138 3437 et
1161 3382 1325 3452 similibus,
1348 3382 1410 3439 duo
1435 3382 1569 3452 denarii;
1592 3383 1657 3440 etsi

399 3490 500 3546 maius
523 3489 574 3545 vel
599 3489 700 3545 minus
724 3487 823 3556 fuerit,
848 3493 996 3560 prorata
1021 3488 1135 3544 valoris
1166 3488 1285 3555 talium,
1310 3489 1477 3562 recipiatur
1500 3491 1651 3548 tributum.

400 3596 485 3665 ltem,
510 3594 548 3652 de
571 3595 701 3666 singulis
725 3594 834 3662 bobus,
861 3595 968 3664 vaccis
1001 3594 1108 3651 vitulis
1139 3595 1190 3651 vel
1221 3595 1366 3666 iuvencis,
1398 3597 1511 3668 singuli
1535 3596 1657 3652 denarii·

400 3702 486 3763 Item,
511 3700 549 3757 dc
573 3701 745 3758 minoribus
771 3700 958 3757 animalibus
974 3701 1103 3771 singulis
1123 3701 1379 3774 quibuscumque,
1403 3702 1534 3767 obulus;
1557 3715 1656 3772 ymmo

399 3808 496 3864 eciam
519 3807 558 3864 de
580 3807 710 3879 singulis
733 3807 864 3877 agnellis
888 3813 917 3864 et
941 3806 1014 3868 edis
1037 3807 1181 3863 similiter
1203 3807 1325 3876 obulus,
1349 3809 1427 3865 sicut
1451 3807 1509 3864 suit
1532 3815 1561 3864 et
1582 3807 1653 3864 alias

399 3919 590 3971 consvetum.
614 3913 700 3982 item,
721 3897 762 3968 ¹de
784 3913 914 3983 singulis
938 3912 1040 3985 porcis
1064 3911 1242 3980 maioribus.
1267 3912 1419 3982 denarius,
1446 3921 1476 3969 et
1507 3912 1545 3969 de
1566 3913 1655 3968 mino'

398 4021 486 4076 ribus
509 4019 648 4090 singulis
673 4019 750 4074 sicut
773 4017 867 4074 medii
890 4019 960 4074 anni
994 4023 1024 4074 et
1055 4017 1143 4088 infra,
1172 4018 1300 4088 obulus;
1333 4033 1369 4075 ac
1399 4018 1438 4075 de
1462 4018 1590 4090 singulis
1612 4031 1655 4073 co-

399 4126 498 4182 rosnis
523 4125 743 4198 porcellorum,
764 4123 886 4180 obulus,
910 4124 995 4194 item,
1019 4123 1057 4180 de
1078 4123 1200 4180 cutibus
1223 4125 1405 4181 animalium
1422 4123 1654 4181 domesticorum

398 4238 427 4290 et
451 4232 651 4302 silvestrium,
674 4230 788 4302 singuli
811 4229 928 4287 denarii
951 4230 1002 4286 vel
1027 4230 1123 4299 obuli,
1148 4229 1396 4288 consideracione
1419 4231 1528 4288 talium
1556 4229 1654 4287 habita

397 4338 566 4397 secundum
591 4339 691 4396 maius
714 4345 743 4394 et
768 4338 876 4408 minus,
901 4343 994 4410 prout
1022 4337 1079 4394 fuit
1109 4337 1186 4394 alias
1217 4344 1405 4394 consuetum.
1434 4339 1518 4408 item,
1542 4337 1578 4394 de
1601 4337 1653 4392 sin·

397 4447 479 4518 gulis
503 4445 601 4517 ydriis
624 4445 737 4515 mellis,
762 4444 891 4513 obulus;
916 4443 954 4500 de
978 4443 1043 4500 edis
1066 4450 1178 4514 tamen,
1203 4444 1256 4515 qui
1280 4459 1350 4500 cum
1379 4444 1531 4501 matribus
1554 4441 1591 4499 ad
1615 4440 1653 4496 i-

397 4569 466 4610 rum
499 4553 660 4623 ducuntur,
694 4567 791 4624 usque
823 4550 933 4608 festum
966 4550 1150 4608 ascensionis
1182 4550 1308 4620 domini,
1339 4551 1435 4608 nichil
1464 4565 1521 4624 pro
1545 4549 1653 4607 tributo

397 4665 527 4733 petatur.
551 4645 637 4730 Item,
661 4658 700 4715 de
716 4658 845 4729 singulis
862 4657 972 4714 tunicis
989 4663 1017 4714 et
1034 4657 1127 4729 paliis
1143 4657 1285 4714 virorum
1309 4657 1361 4712 vel
1384 4657 1550 4714 mulierum
1567 4652 1652 4728 panni

395 4767 496 4838 grisei,
521 4767 650 4832 obulus;
674 4765 712 4822 de
736 4765 805 4821 aliis
830 4778 903 4820 vero
928 4764 1037 4820 tunicis
1061 4768 1090 4820 et
1114 4762 1271 4820 mantellis
1303 4763 1430 4819 maioris
1459 4763 1509 4819 vel
1533 4759 1651 4818 minoris

396 4872 521 4941 valoris,
545 4870 736 4928 considerata
759 4869 853 4943 panni
875 4869 1023 4942 qualitate
1039 4869 1206 4942 recipiatur
1222 4868 1374 4925 tributum
1390 4869 1471 4926 circa
1487 4869 1549 4937 hec,
1566 4869 1650 4940 prout

395 4980 453 5037 fuit
476 4987 505 5035 et
527 4979 604 5035 alias
627 4982 815 5034 consuetum.
841 4977 924 5047 ltem,
948 4975 986 5032 de
1010 4976 1139 5048 singulis
1162 4975 1258 5032 saccis
1283 4974 1369 5031 bladi
1392 4975 1608 5046 cuiuscumque
1623 4975 1648 5026 et
