3600 5804
387 518 449 578 224
804 499 877 556 Doc.
901 512 971 577 242.
999 532 1036 541 -
1062 499 1118 557 An.
1143 495 1231 576 1361.

385 701 530 772 pretacte,
554 697 605 754 vel
627 696 739 754 saltem
762 697 827 754 sine
850 696 1020 771 preludicio
1044 697 1141 772 partis
1164 697 1228 755 lese
1250 698 1372 756 actricis
1387 699 1440 755 vel
1455 699 1502 756 rel
1516 698 1548 756 id
1564 699 1642 772 quod

384 802 521 862 iudicum
543 803 575 860 in
596 817 730 877 persona
751 803 837 875 regia
859 809 978 876 spectat
998 802 1037 860 ad
1055 804 1213 874 honorem,
1230 803 1366 878 predicte
1381 803 1485 862 littere
1500 805 1644 862 haberent

382 909 434 966 vel
457 914 582 983 possent
604 907 753 980 relaxare,
774 909 832 966 hac
863 907 902 966 de
931 923 1024 966 causa
1053 907 1146 966 iudex
1177 915 1207 967 et
1236 909 1328 968 iurati
1358 925 1394 966 ac
1425 909 1509 967 cives
1538 910 1645 968 montis

382 1015 574 1086 Grechensis,
599 1013 708 1073 fideles
732 1020 762 1072 et
786 1014 915 1072 devotos
945 1029 1018 1074 suos
1048 1016 1210 1073 canonicos
1243 1015 1372 1090 capituli
1393 1016 1523 1074 ecclesie
1545 1032 1645 1088 zagra·

381 1121 497 1180 biensis
521 1121 552 1179 in
574 1120 689 1180 iudicio
712 1121 889 1195 calumpnie
920 1127 1027 1180 contra
1056 1121 1141 1195 ipsos
1171 1126 1242 1179 ante
1272 1126 1414 1195 tempora
1436 1120 1577 1196 predicte
1596 1135 1646 1179 sue

381 1229 485 1300 gracie
506 1227 667 1300 generalis,
691 1227 807 1300 inquo
830 1243 925 1301 super
955 1226 1037 1285 facto
1069 1227 1311 1302 possessionario
1341 1228 1373 1285 in
1396 1229 1557 1302 presencia
1580 1241 1645 1285 con-

381 1332 455 1391 dam
479 1332 633 1406 magnifici
659 1333 719 1391 viri
742 1333 901 1390 laurencii
925 1339 998 1390 tunc
1019 1334 1250 1392 tavamicorum
1274 1349 1402 1392 suorum
1419 1333 1563 1406 magistri
1584 1347 1646 1391 sen·

380 1441 503 1498 tenciati
526 1441 705 1511 extitissent,
728 1455 898 1512 aggravare
922 1440 1104 1497 nitterentur
1127 1447 1234 1498 contra
1254 1437 1389 1498 formam
1416 1439 1569 1512 premisse
1595 1455 1645 1496 sue

380 1546 483 1616 gracie
505 1546 666 1618 generalis.
697 1545 766 1619 lpse
797 1545 902 1618 itaque
934 1545 1091 1619 predictus
1122 1545 1267 1604 dominus
1298 1551 1401 1603 noster
1432 1562 1497 1616 rex,
1529 1547 1581 1618 qui
1611 1561 1645 1602 ex

380 1651 486 1709 officio
508 1652 642 1726 suscepti
665 1651 713 1708 sui
736 1651 895 1724 regiminis
926 1658 956 1708 et
986 1652 1060 1709 iuris
1091 1653 1226 1725 equitate
1253 1651 1400 1709 suadente
1423 1667 1497 1709 suas
1521 1652 1646 1716 litteras,

379 1758 431 1815 vel
455 1759 533 1816 alias
555 1758 694 1830 graciose
717 1763 874 1814 emanatas
905 1757 1085 1815 contrahere
1108 1764 1138 1814 et
1161 1757 1325 1816 extendere
1347 1763 1377 1814 et
1401 1762 1553 1831 quantum
1577 1758 1644 1832 plus

380 1864 432 1920 vel
456 1865 559 1922 minus
582 1865 721 1921 valerent
745 1863 941 1937 interpretari
964 1863 1101 1934 haberet,
1135 1862 1174 1921 de
1200 1863 1359 1922 voluntate
1390 1871 1421 1921 et
1452 1863 1646 1938 beneplacito

379 1969 504 2028 domine
526 1970 631 2043 regine
653 1961 834 2048 genitr·ici(s)
864 1986 919 2027 sue
949 1969 1110 2028 karissime
1143 1975 1173 2026 et
1204 1969 1243 2028 de
1274 1985 1422 2028 consensu
1454 1971 1644 2043 prelatorum

380 2085 410 2134 et
432 2077 585 2135 baronum
609 2077 696 2148 regni
719 2077 767 2134 sui
789 2081 913 2134 matura
934 2091 1005 2134 cum
1029 2075 1147 2134 eisdem
1170 2075 1397 2134 deliberacione
1415 2077 1582 2150 prehabita
1597 2075 1645 2132 de

378 2183 533 2253 clarasset‚
557 2182 641 2256 quod
665 2183 763 2240 eciam
786 2183 893 2255 vigore
909 2189 939 2240 et
954 2183 1070 2241 virtute
1086 2183 1260 2241 litterarum
1284 2198 1411 2240 suarum
1433 2183 1643 2255 graciosarum

378 2295 588 2363 pretactarum
612 2289 785 2363 capitulum
816 2289 944 2347 ecclesie
973 2289 1181 2362 zagrabiensis
1212 2305 1230 2346 a
1261 2289 1400 2364 predicto
1433 2287 1573 2347 iudiciali
1599 2303 1645 2345 ca·

378 2395 519 2469 lumpnie
543 2396 732 2468 gravamine,
767 2410 884 2453 necnon
908 2395 979 2452 aliis
1001 2396 1165 2468 quibusvis
1188 2396 1422 2468 gravaminibus
1445 2394 1642 2452 iudicialibus

378 2517 437 2576 pro
459 2517 539 2560 anno
562 2501 681 2560 domini
704 2507 735 2559 et
757 2507 898 2576 ternpore
915 2501 1104 2576 prescriptis,
1120 2507 1185 2559 tam
1201 2517 1259 2575 pro
1275 2507 1364 2576 parte
1384 2500 1533 2572 iudicum,
1552 2515 1644 2574 quam

378 2623 436 2681 pm
457 2613 545 2682 parte
568 2607 793 2680 inlitigancium
818 2608 959 2666 veniente
982 2606 1150 2665 comodum
1172 2613 1300 2680 extaret,
1324 2613 1354 2665 et
1376 2608 1417 2664 ab
1441 2622 1478 2664 eo
1506 2613 1644 2680 tempore

377 2728 440 2786 quo
462 2729 565 2788 supra,
581 2714 731 2771 extitisset
752 2713 932 2787 expeditum
956 2722 985 2771 et
1007 2714 1154 2771 immune.
1178 2713 1227 2771 Ad
1251 2714 1429 2772 uberiorem
1452 2719 1557 2770 tamen
1573 2728 1642 2770 eau-

376 2820 480 2892 telam,
504 2820 577 2892 quia
600 2825 739 2878 sanctam
763 2825 895 2877 matrem
926 2821 1090 2877 ecclesiam
1120 2825 1150 2877 et
1181 2820 1240 2878 deo
1274 2819 1460 2878 famulantes
1484 2820 1514 2878 in
1538 2818 1644 2877 eadern

376 2941 482 2999 regern
522 2926 691 2998 graciosius
722 2926 869 3000 prosequi
900 2931 1097 3000 competeret,
1129 2925 1304 3000 predictum
1335 2927 1509 3000 capitulum
1540 2941 1644 2999 zagra·

376 3031 482 3090 biense
504 3047 522 3090 a
546 3031 685 3106 predicto
708 3031 845 3089 iudiciali
880 3032 1057 3106 calumpnie
1089 3033 1271 3104 gravamine
1294 3034 1325 3090 in
1348 3047 1410 3106 quo
1434 3039 1541 3090 contra
1563 3034 1647 3090 cives

377 3136 567 3196 Grechenses
590 3139 675 3212 ipsos
698 3138 860 3195 canonicos
889 3153 943 3194 seu
973 3138 1148 3211 capitulum
1179 3114 1264 3196 iu‘xta
1294 3139 1482 3196 sentenciam
1514 3138 1645 3212 predicti

377 3244 518 3315 magistri
551 3244 782 3302 tavamicorum
820 3259 947 3301 suorum
985 3245 1169 3302 remansisse
1207 3246 1417 3319 perhibentur,
1460 3244 1498 3302 de
1542 3246 1646 3318 gracia

377 3351 505 3424 speciali
527 3366 614 3408 mero
637 3357 725 3408 motu
748 3355 778 3408 et
801 3350 839 3408 de
862 3350 1056 3426 plenitudine
1079 3353 1163 3425 regie
1186 3353 1318 3426 pietatis,
1342 3358 1372 3409 et
1387 3351 1427 3409 ad
1447 3352 1566 3424 largius
1583 3367 1645 3425 quo

379 3458 482 3530 gracie
505 3458 589 3530 regie
612 3463 738 3531 possent
760 3457 965 3531 interpretari,
996 3456 1035 3514 de
1062 3457 1145 3516 bona
1175 3459 1335 3516 voluntate
1362 3466 1392 3516 et
1414 3473 1540 3515 assensu
1563 3457 1644 3514 dicte

377 3563 502 3620 domine
536 3563 641 3635 regine
664 3555 844 3642 genitrici(s)
875 3579 929 3620 sue
958 3563 1120 3622 karissime
1149 3580 1185 3622 ac
1215 3565 1406 3638 prelatorum
1429 3571 1459 3620 et
1492 3565 1645 3620 baronum

376 3670 464 3742 regni
486 3670 534 3728 sui
557 3686 595 3727 ex
616 3669 700 3726 omni
723 3675 811 3742 parte
834 3675 898 3726 tam
923 3670 1027 3743 ipsum
1050 3670 1211 3729 dominum
1235 3685 1341 3741 regem
1365 3670 1415 3726 vel
1444 3669 1561 3726 iudices
1578 3670 1646 3726 vice

376 3791 429 3833 sue
452 3791 591 3850 persone,
626 3791 721 3849 quam
751 3777 849 3833 eciam
872 3776 1067 3835 adversarios
1098 3781 1252 3852 pretactos
1283 3781 1435 3848 tangente,
1468 3777 1593 3850 penitus
1617 3781 1644 3832 et

376 3882 502 3940 omnino
525 3899 563 3939 ex
594 3881 881 3956 superhabundanti
912 3897 993 3940 nova
1025 3883 1123 3940 eciam
1155 3881 1322 3940 donacione
1346 3899 1385 3939 ex
1408 3888 1491 3939 certa
1513 3881 1644 3938 sciencia

376 3990 595 4046 exhonerasset
618 3995 647 4044 et
670 3988 864 4058 absolvisset,
889 3987 1074 4046 reddidisset
1097 3994 1127 4046 et
1149 3989 1320 4046 comisisset
1351 3987 1521 4062 expeditos,
1546 3987 1644 4060 preci-

376 4091 492 4166 piendo
515 4093 660 4150 omnibus
684 4092 847 4164 iudicibus,
871 4099 933 4150 tam
958 4092 1039 4151 infra
1062 4093 1194 4152 confinia
1225 4094 1311 4166 regni
1343 4095 1400 4164 sui,
1424 4107 1518 4165 quam
1543 4093 1642 4150 eciam

376 4201 407 4257 in
430 4198 569 4256 dominio
592 4215 645 4256 seu
669 4199 793 4256 Ducatu
823 4199 941 4256 domini
966 4199 1115 4282 Johannis
1145 4198 1241 4268 ducis,
1264 4199 1386 4272 nepotis
1409 4200 1457 4256 sui
1479 4197 1643 4264 karissimi,

376 4305 548 4362 constitutis
572 4304 624 4362 vel
646 4304 866 4363 constituendis
889 4305 920 4361 in
944 4303 1091 4376 futurum,
1123 4305 1259 4361 cuiusvis
1290 4305 1480 4362 auctoritatis
1503 4311 1533 4361 et
1557 4319 1644 4377 pree·

375 4410 525 4468 minencie
557 4411 728 4469 exstiterint
761 4417 792 4468 et
814 4411 926 4484 quovis
953 4409 1078 4468 honoris
1102 4416 1132 4468 et
1154 4410 1312 4482 dignitatis
1334 4411 1459 4468 nomine
1485 4409 1640 4482 fulgerent

374 4517 460 4588 regio
483 4515 576 4573 firmo
599 4517 658 4573 sub
681 4516 790 4588 edicto,
815 4515 899 4589 quod
930 4521 1059 4590 propter
1090 4515 1265 4590 predictum
1297 4515 1442 4574 iudiciale
1465 4517 1642 4590 calumpnie

374 4637 544 4694 gravamen
579 4628 685 4679 contra
707 4622 790 4680 cives
813 4620 1004 4679 Grechenses
1027 4621 1133 4694 aliquo
1156 4635 1295 4694 unquam
1323 4627 1465 4695 tempore
1488 4629 1642 4695 pretactos

375 4727 484 4786 fideles
506 4743 578 4786 suos
601 4728 763 4785 canonicos
782 4733 812 4784 et
835 4727 1009 4801 capitulum
1032 4727 1159 4785 ecclesie
1175 4727 1383 4799 zagrabiensis
1399 4729 1430 4785 in
1446 4729 1575 4802 speciali
1591 4729 1641 4786 vel

375 4835 520 4906 generali,
544 4834 751 4892 communiter
773 4833 825 4891 vel
848 4833 982 4899 divisim,
1006 4833 1132 4890 realiter
1155 4833 1220 4890 sive
1244 4834 1449 4907 personaliter
1471 4835 1503 4891 in
1527 4832 1641 4892 iudicio

375 4941 427 4997 vel
450 4947 537 4998 extra
560 4941 739 5013 inquietare,
763 4940 937 5010 molestare,
961 4939 1145 5014 perturbare
1168 4954 1221 4996 seu
1244 4940 1351 5012 aliquo
1375 4940 1468 4997 modo
1491 4939 1640 4997 auderent
