3600 5804
757 574 830 634 Doc.
854 588 924 633 202.
944 589 1013 653 203.
1041 610 1076 618 —
1101 577 1158 635 An.
1183 573 1272 655 1346.

971 769 1060 835 202.

468 895 544 943 Anno
567 893 640 954 1346,
661 901 683 950 5.
703 892 799 942 martii.
820 892 958 959 strigonii.

386 1019 548 1093 Capimlum
571 1021 632 1076 eccl.
663 1020 867 1094 surgentem,
898 1023 1064 1079 sententiam
1091 1022 1244 1097 Johannis
1276 1023 1347 1079 bani
1371 1023 1405 1079 de
1433 1024 1514 1080 novis
1536 1023 1648 1080 tributis

379 1128 503 1199 capitulo
526 1126 641 1199 zagrab.
665 1127 846 1198 adiudmatis,
867 1136 1008 1201 repertam
1039 1130 1069 1184 in
1100 1147 1151 1184 suo
1178 1128 1306 1200 arrhabo,
1329 1129 1421 1186 denuo
1445 1132 1647 1187 transsummit.

466 1287 734 1347 Excellentissimo
765 1288 892 1347 domino
926 1291 1075 1362 ipsorum,
1107 1290 1234 1348 domino
1269 1291 1433 1363 Lodouico,
1466 1292 1518 1350 dei
1547 1293 1648 1364 gracia

380 1394 494 1450 illustri
518 1394 583 1466 regi
608 1393 765 1467 Hungarie
788 1396 959 1468 capitulum
984 1397 1194 1468 strigoniensis
1218 1398 1346 1455 ecclesie
1368 1399 1528 1456 oraciones
1545 1399 1575 1456 in
1592 1398 1644 1455 do

380 1501 465 1557 mino
488 1515 546 1574 pro
570 1501 667 1574 ipsius
691 1502 754 1558 rita
777 1509 806 1558 et
829 1502 936 1558 salute.
951 1501 1086 1584 J'acobus
1101 1503 1278 1575 prepositus
1293 1503 1421 1560 ecclesie
1438 1504 1643 1576 zagrabiensis

380 1606 522 1664 exhibuit
544 1607 635 1664 nobis
658 1607 777 1664 litteras
801 1615 918 1665 vestras
948 1608 1068 1665 clausas
1099 1609 1129 1666 in
1161 1623 1198 1666 eo
1221 1613 1334 1680 tenore,
1358 1617 1392 1666 ut
1418 1610 1449 1666 iu
1475 1615 1580 1667 nostra
1604 1625 1648 1666 sa·

380 1711 483 1769 cristia
504 1729 556 1770 seu
581 1719 687 1770 nostro
710 1714 939 1771 conservatorio
972 1719 1072 1771 essent
1101 1714 1204 1772 littere
1228 1730 1281 1772 seu
1304 1717 1499 1773 munimenta
1522 1715 1649 1789 capituli

380 1819 585 1890 zagrabiensis
608 1819 745 1889 ecclesie,
769 1835 829 1892 que
851 1819 967 1892 requiri
991 1821 1108 1892 absque
1130 1822 1215 1878 omni
1246 1820 1319 1878 dolo
1344 1827 1373 1878 et
1401 1821 1508 1879 favore
1530 1821 1646 1879 tacere·

381 1940 459 1996 mus,
482 1931 512 1982 et
534 1925 560 1982 si
583 1925 714 1982 inveniri
737 1932 870 1998 possent,
894 1926 952 1982 sub
968 1932 1075 1983 nostro
1090 1927 1196 2000 sigillo
1212 1928 1299 2001 paria
1315 1929 1455 2001 ipsarum
1475 1928 1647 1985 litterarum

381 2032 586 2090 rescribemus
610 2039 711 2088 vestre
734 2032 920 2088 excellencie
944 2046 1000 2088 suo
1023 2032 1124 2090 modo
1149 2033 1302 2098 Mandatis
1323 2033 1418 2105 igitur
1436 2040 1534 2091 vestre
1550 2032 1648 2091 excel·

381 2138 478 2195 lencie
501 2137 684 2208 obediendo,
706 2143 741 2194 ut
764 2137 918 2194 debemus
948 2145 977 2194 et
1009 2143 1157 2210 tenemur,
1181 2139 1350 2197 discretum
1374 2141 1478 2198 virum
1502 2147 1532 2197 et
1554 2143 1644 2198 hone

381 2250 463 2302 stum
487 2245 648 2302 dominum
671 2243 825 2302 Thomam
849 2244 1008 2302 custodem
1032 2245 1160 2302 ecclesie
1182 2251 1286 2302 nostre
1302 2247 1421 2304 socium
1445 2253 1475 2304 et
1502 2259 1647 2304 concano-

382 2351 485 2408 nicum
517 2359 655 2408 nostrum
687 2349 907 2423 deputavimus
939 2349 976 2406 ad
1009 2349 1230 2422 requirendum
1263 2351 1293 2408 in
1324 2357 1429 2408 nostra
1461 2353 1597 2409 sacristia
1618 2357 1646 2406 et

380 2462 486 2514 nostro
509 2457 738 2515 conservatorio
763 2457 965 2513 instrumenta
993 2472 1087 2530 super
1117 2457 1236 2513 iuribus
1263 2457 1390 2514 ecclesie
1414 2465 1516 2514 vestre
1538 2472 1639 2529 ragra-

382 2563 502 2619 biensis.
527 2561 587 2634 Qui
612 2562 690 2619 tacta
714 2561 855 2633 diligenti
879 2561 1091 2633 requisicione,
1115 2563 1200 2619 omni
1225 2562 1333 2620 favore
1366 2564 1500 2633 excluso,
1523 2579 1643 2637 presen-

380 2668 458 2725 tavit
480 2669 570 2725 nobis
594 2669 749 2724 inventam
775 2668 806 2724 in
829 2675 934 2724 nostra
958 2669 1097 2724 sacristia
1120 2684 1214 2725 unam
1237 2671 1359 2743 copiam
1388 2671 1546 2742 privilegii
1568 2684 1643 2725 sere·

381 2774 500 2830 nissimi
524 2775 671 2846 principis
701 2772 819 2830 domini
851 2773 967 2843 Karoli,
1000 2773 1082 2845 regis
1113 2775 1282 2846 Hungarie‚
1314 2776 1522 2848 progenitoris
1545 2775 1642 2842 vestri,

381 2879 480 2938 felicis
504 2879 728 2938 recordacionis
749 2881 863 2937 tenoris
888 2879 1092 2954 infrascripti:
1117 2875 1190 2958 (vid.
1214 2898 1261 2939 nr.
1290 2881 1358 2950 126,
1382 2897 1462 2938 anno
1490 2875 1591 2957 1323).
1611 2881 1645 2937 Et

382 2987 455 3058 quia
479 2988 508 3044 in
532 2987 649 3044 eisdem
673 2988 785 3044 litteris
812 2987 973 3058 regalibus
1004 2988 1207 3060 preceptoriis
1239 2988 1462 3058 continebatur,
1486 2996 1521 3044 ut
1548 2989 1572 3044 si
1594 2987 1645 3044 ali-

382 3093 456 3165 quid
482 3094 755 3150 instrumentorum
788 3093 885 3166 ipsius
916 3093 1046 3150 ecclesie
1077 3094 1284 3165 zagrabiensis
1315 3094 1344 3150 in
1380 3101 1484 3151 nostra
1516 3094 1645 3151 sacristia

381 3200 547 3257 reinveniri
571 3206 683 3273 posset,
710 3199 768 3255 sub
791 3204 896 3256 nostro
917 3200 1022 3271 sigillo
1045 3200 1199 3257 autentico
1222 3200 1349 3257 rescribi
1374 3199 1526 3270 faciend0,
1543 3215 1645 3273 procu·

381 3307 476 3362 ratori
500 3305 580 3363 dicte
602 3305 729 3363 ecclesie
753 3305 826 3362 dare
849 3312 879 3362 et
902 3307 1054 3378 assignari
1080 3304 1257 3364 taceremus
1282 3306 1331 3364 Ob
1348 3307 1406 3363 hoc
1423 3313 1562 3364 tenorem
1578 3304 1644 3363 dicti

382 3412 538 3483 privilegii
562 3411 656 3469 modo
679 3411 819 3484 predicto
843 3413 971 3469 rescribi
997 3411 1140 3469 faciendo
1162 3412 1194 3468 in
1218 3411 1352 3470 formam
1377 3415 1474 3470 nostri
1491 3412 1641 3486 privilegii

381 3518 558 3589 redigendo,
582 3518 709 3577 domino
731 3519 849 3602 Jacobo
874 3519 1032 3592 preposito
1057 3517 1196 3576 eiusdem
1220 3519 1427 3590 zagrabiensis
1453 3521 1580 3578 ecclesie
1595 3535 1645 3593 per

382 3625 601 3682 excellenciam
624 3631 760 3682 vestram
784 3625 960 3699 specialiter
983 3623 1021 3681 ad
1053 3627 1113 3682 hoc
1144 3623 1296 3682 destinato
1325 3624 1473 3682 duximus
1496 3627 1644 3699 assignan-

382 3730 465 3788 dum.
510 3731 625 3789 Datum
660 3731 690 3788 in
726 3731 879 3789 dominica
915 3747 975 3803 qua
1010 3737 1151 3788 cantatur
1189 3731 1355 3788 invocavit.
1403 3733 1494 3789 Anno
1533 3731 1642 3788 domini

383 3834 549 3893 MCCCXL
571 3841 665 3894 sexto.

471 3969 611 4037 Originale
630 3971 657 4020 in
676 3971 773 4029 charta,
793 3985 807 4020 a
827 3977 902 4037 tergo
922 3971 948 4020 in
968 3971 1087 4038 margine
1107 3973 1249 4038 vestigium
1271 3972 1393 4038 impressi
1414 3971 1509 4038 sigilli.
1531 3973 1561 4022 ln
1579 3971 1643 4022 arch.

311 4073 313 4078 ’
383 4075 439 4110 ven.
459 4059 536 4125 capit.
559 4060 663 4125 zagrab.
683 4059 743 4109 fasc.
766 4069 804 4118 10,
824 4075 863 4109 nr.
883 4067 924 4120 47.

972 4310 1063 4376 203.

489 4453 565 4501 Anno
587 4450 661 4511 1346,
682 4458 705 4508 5.
725 4449 826 4515 aprilis.
847 4450 984 4515 Strigonii.

423 4581 586 4654 Capitulum
608 4579 793 4651 strtgom'ense
808 4587 931 4652 peracto
951 4581 1134 4654 inquestione
1155 4579 1189 4637 de
1211 4579 1292 4637 moda
1321 4579 1451 4638 solvendi
1482 4582 1615 4639 tributum

665 4687 790 4759 capimlo
812 4688 1001 4760 zagrabiensi,
1024 4688 1146 4746 eundem
1169 4697 1370 4746 commemorat.

472 4831 535 4889 Nos
559 4831 730 4904 capitulum
752 4832 879 4889 ecclesie
901 4833 1118 4904 strigoniensis
1143 4833 1262 4891 Tenore
1278 4835 1472 4908 presencium
1496 4832 1644 4906 significa·

385 4953 454 4995 mus
478 4938 591 5011 quibus
615 4936 740 5010 expedit
763 4937 922 5007 universis
947 4937 1008 5010 qud
1035 4955 1106 4995 cum
1128 4953 1185 4996 nos
1201 4939 1312 4997 litteris
1328 4939 1526 5012 generalibus
1550 4937 1645 4996 excel-

384 5044 546 5101 lentissimi
570 5043 719 5117 principis
742 5043 859 5102 domini
882 5043 1038 5110 Lodouici‚
1073 5043 1122 5100 dei
1143 5046 1247 5117 gracia
1270 5047 1350 5118 regis
1374 5045 1541 5118 Hungarie‚
1565 5051 1643 5117 cyta-
