<?xml version="1.0" encoding="UTF-8"?>
<!DOCTYPE html PUBLIC "-//W3C//DTD XHTML 1.0 Transitional//EN"
    "http://www.w3.org/TR/xhtml1/DTD/xhtml1-transitional.dtd">
<html xmlns="http://www.w3.org/1999/xhtml" xml:lang="en" lang="en">
 <head>
  <title>
</title>
<meta http-equiv="Content-Type" content="text/html;charset=utf-8" />
  <meta name='ocr-system' content='tesseract 3.04.00' />
  <meta name='ocr-capabilities' content='ocr_page ocr_carea ocr_par ocr_line ocrx_word'/>
</head>
<body>
  <div class='ocr_page' id='page_1' title='image "./monumentahistor18laszgoog_0483.png"; bbox 0 0 3728 5806; ppageno 0'>
   <div class='ocr_carea' id='block_1_1' title="bbox 626 501 1466 584">
    <p class='ocr_par' dir='ltr' id='par_1_1' title="bbox 626 501 1466 584">
     <span class='ocr_line' id='line_1_1' title="bbox 626 501 1466 584; baseline 0.004 -19"><span class='ocrx_word' id='word_1_1' title='bbox 626 508 699 566; x_wconf 84' lang='lat' dir='ltr'>Doc.</span> <span class='ocrx_word' id='word_1_2' title='bbox 724 501 795 582; x_wconf 84' lang='lat'><em>258.</em></span> <span class='ocrx_word' id='word_1_3' title='bbox 822 540 859 550; x_wconf 92' lang='lat'><em>-</em></span> <span class='ocrx_word' id='word_1_4' title='bbox 885 507 941 565; x_wconf 86' lang='lat' dir='ltr'>An.</span> <span class='ocrx_word' id='word_1_5' title='bbox 965 517 1051 584; x_wconf 75' lang='lat'><em>1375·</em></span> <span class='ocrx_word' id='word_1_6' title='bbox 1407 523 1466 584; x_wconf 73' lang='lat'>247</span> 
     </span>
    </p>
   </div>
   <div class='ocr_carea' id='block_1_2' title="bbox 593 613 930 620">
    <p class='ocr_par' dir='ltr' id='par_1_2' title="bbox 593 613 930 620">
     <span class='ocr_line' id='line_1_2' title="bbox 593 613 930 620; baseline 0 0"><span class='ocrx_word' id='word_1_7' title='bbox 593 613 930 620; x_wconf 76' lang='lat'><em>-..---·.-—---—-</em></span> 
     </span>
    </p>
   </div>
   <div class='ocr_carea' id='block_1_3' title="bbox 198 705 1547 4808">
    <p class='ocr_par' dir='ltr' id='par_1_3' title="bbox 198 705 1547 4808">
     <span class='ocr_line' id='line_1_3' title="bbox 202 705 1469 781; baseline 0.002 -19"><span class='ocrx_word' id='word_1_8' title='bbox 202 706 336 776; x_wconf 86' lang='lat' dir='ltr'>liassent,</span> <span class='ocrx_word' id='word_1_9' title='bbox 361 705 567 763; x_wconf 89' lang='lat' dir='ltr'>denudassent</span> <span class='ocrx_word' id='word_1_10' title='bbox 590 717 619 762; x_wconf 91' lang='lat' dir='ltr'>et</span> <span class='ocrx_word' id='word_1_11' title='bbox 639 705 854 781; x_wconf 89' lang='lat' dir='ltr'>deturpassent</span> <span class='ocrx_word' id='word_1_12' title='bbox 874 707 904 764; x_wconf 93' lang='lat' dir='ltr'>in</span> <span class='ocrx_word' id='word_1_13' title='bbox 922 706 1054 764; x_wconf 90' lang='lat' dir='ltr'>dedecus</span> <span class='ocrx_word' id='word_1_14' title='bbox 1071 707 1233 765; x_wconf 90' lang='lat' dir='ltr'>muliebris</span> <span class='ocrx_word' id='word_1_15' title='bbox 1255 721 1346 764; x_wconf 86' lang='lat' dir='ltr'>sexus</span> <span class='ocrx_word' id='word_1_16' title='bbox 1369 713 1399 764; x_wconf 90' lang='lat' dir='ltr'>et</span> <span class='ocrx_word' id='word_1_17' title='bbox 1414 708 1469 764; x_wconf 92' lang='lat' dir='ltr'>ho·</span> 
     </span>
     <span class='ocr_line' id='line_1_4' title="bbox 202 787 1497 884; baseline 0 -16"><span class='ocrx_word' id='word_1_18' title='bbox 202 811 301 880; x_wconf 91' lang='lat' dir='ltr'>noris;</span> <span class='ocrx_word' id='word_1_19' title='bbox 325 815 355 868; x_wconf 90' lang='lat' dir='ltr'>et</span> <span class='ocrx_word' id='word_1_20' title='bbox 379 812 433 868; x_wconf 89' lang='lat' dir='ltr'>ubi</span> <span class='ocrx_word' id='word_1_21' title='bbox 456 811 565 868; x_wconf 90' lang='lat' dir='ltr'>eedem</span> <span class='ocrx_word' id='word_1_22' title='bbox 588 811 735 868; x_wconf 88' lang='lat' dir='ltr'>mulieres</span> <span class='ocrx_word' id='word_1_23' title='bbox 759 815 788 868; x_wconf 89' lang='lat' dir='ltr'>et</span> <span class='ocrx_word' id='word_1_24' title='bbox 812 812 947 884; x_wconf 85' lang='lat' dir='ltr'>virgines</span> <span class='ocrx_word' id='word_1_25' title='bbox 963 813 1134 870; x_wconf 88' lang='lat' dir='ltr'>clamorem</span> <span class='ocrx_word' id='word_1_26' title='bbox 1151 811 1291 868; x_wconf 86' lang='lat' dir='ltr'>fecissent</span> <span class='ocrx_word' id='word_1_27' title='bbox 1306 811 1345 868; x_wconf 92' lang='lat' dir='ltr'>de</span> <span class='ocrx_word' id='word_1_28' title='bbox 1360 811 1469 884; x_wconf 90' lang='lat' dir='ltr'>spoliis</span> <span class='ocrx_word' id='word_1_29' title='bbox 1495 787 1497 790; x_wconf 25' lang='lat'>¹</span> 
     </span>
     <span class='ocr_line' id='line_1_5' title="bbox 201 915 1470 991; baseline 0 -18"><span class='ocrx_word' id='word_1_30' title='bbox 201 932 308 974; x_wconf 89' lang='lat' dir='ltr'>earum</span> <span class='ocrx_word' id='word_1_31' title='bbox 333 917 409 991; x_wconf 89' lang='lat' dir='ltr'>ipsis</span> <span class='ocrx_word' id='word_1_32' title='bbox 433 917 538 986; x_wconf 89' lang='lat' dir='ltr'>illatis,</span> <span class='ocrx_word' id='word_1_33' title='bbox 561 921 591 974; x_wconf 91' lang='lat' dir='ltr'>et</span> <span class='ocrx_word' id='word_1_34' title='bbox 614 933 686 974; x_wconf 88' lang='lat' dir='ltr'>curn</span> <span class='ocrx_word' id='word_1_35' title='bbox 709 933 760 974; x_wconf 91' lang='lat' dir='ltr'>eas</span> <span class='ocrx_word' id='word_1_36' title='bbox 783 915 950 974; x_wconf 81' lang='lat' dir='ltr'>defendere</span> <span class='ocrx_word' id='word_1_37' title='bbox 974 917 1144 975; x_wconf 91' lang='lat' dir='ltr'>voluissent</span> <span class='ocrx_word' id='word_1_38' title='bbox 1168 917 1271 974; x_wconf 87' lang='lat' dir='ltr'>mariti</span> <span class='ocrx_word' id='word_1_39' title='bbox 1294 921 1325 974; x_wconf 92' lang='lat' dir='ltr'>et</span> <span class='ocrx_word' id='word_1_40' title='bbox 1347 917 1470 989; x_wconf 85' lang='lat' dir='ltr'><strong>cognati</strong></span> 
     </span>
     <span class='ocr_line' id='line_1_6' title="bbox 201 1022 1468 1098; baseline 0.001 -20"><span class='ocrx_word' id='word_1_41' title='bbox 201 1023 350 1095; x_wconf 90' lang='lat' dir='ltr'>ipsarum,</span> <span class='ocrx_word' id='word_1_42' title='bbox 382 1029 453 1079; x_wconf 95' lang='lat' dir='ltr'>tunc</span> <span class='ocrx_word' id='word_1_43' title='bbox 484 1022 613 1096; x_wconf 87' lang='lat' dir='ltr'>predicti</span> <span class='ocrx_word' id='word_1_44' title='bbox 646 1023 786 1080; x_wconf 89' lang='lat' dir='ltr'>homines</span> <span class='ocrx_word' id='word_1_45' title='bbox 816 1023 943 1098; x_wconf 90' lang='lat' dir='ltr'>capituli</span> <span class='ocrx_word' id='word_1_46' title='bbox 975 1039 1069 1097; x_wconf 89' lang='lat' dir='ltr'>super</span> <span class='ocrx_word' id='word_1_47' title='bbox 1099 1023 1183 1097; x_wconf 90' lang='lat' dir='ltr'>ipsos</span> <span class='ocrx_word' id='word_1_48' title='bbox 1213 1023 1381 1094; x_wconf 84' lang='lat' dir='ltr'>irruissent,</span> <span class='ocrx_word' id='word_1_49' title='bbox 1414 1023 1468 1079; x_wconf 89' lang='lat' dir='ltr'>ubi</span> 
     </span>
     <span class='ocr_line' id='line_1_7' title="bbox 201 1127 1468 1202; baseline -0.002 -16"><span class='ocrx_word' id='word_1_50' title='bbox 201 1129 343 1186; x_wconf 90' lang='lat' dir='ltr'>homines</span> <span class='ocrx_word' id='word_1_51' title='bbox 366 1129 463 1202; x_wconf 94' lang='lat' dir='ltr'>ipsius</span> <span class='ocrx_word' id='word_1_52' title='bbox 485 1129 618 1187; x_wconf 90' lang='lat' dir='ltr'>civitatis</span> <span class='ocrx_word' id='word_1_53' title='bbox 641 1145 674 1185; x_wconf 91' lang='lat' dir='ltr'>se</span> <span class='ocrx_word' id='word_1_54' title='bbox 698 1127 892 1186; x_wconf 92' lang='lat' dir='ltr'>defendendo</span> <span class='ocrx_word' id='word_1_55' title='bbox 915 1130 1020 1201; x_wconf 90' lang='lat' dir='ltr'>aliqua</span> <span class='ocrx_word' id='word_1_56' title='bbox 1041 1145 1129 1186; x_wconf 91' lang='lat' dir='ltr'>arma</span> <span class='ocrx_word' id='word_1_57' title='bbox 1143 1129 1282 1202; x_wconf 93' lang='lat' dir='ltr'>ipsorum</span> <span class='ocrx_word' id='word_1_58' title='bbox 1299 1127 1330 1185; x_wconf 94' lang='lat' dir='ltr'>in</span> <span class='ocrx_word' id='word_1_59' title='bbox 1346 1128 1468 1200; x_wconf 88' lang='lat' dir='ltr'>signum</span> 
     </span>
     <span class='ocr_line' id='line_1_8' title="bbox 201 1233 1467 1312; baseline -0.001 -20"><span class='ocrx_word' id='word_1_60' title='bbox 201 1237 388 1310; x_wconf 86' lang='lat' dir='ltr'>recepissent</span> <span class='ocrx_word' id='word_1_61' title='bbox 418 1241 448 1294; x_wconf 89' lang='lat' dir='ltr'>et</span> <span class='ocrx_word' id='word_1_62' title='bbox 479 1236 522 1293; x_wconf 92' lang='lat' dir='ltr'>sic</span> <span class='ocrx_word' id='word_1_63' title='bbox 552 1236 701 1294; x_wconf 89' lang='lat' dir='ltr'>mulieres</span> <span class='ocrx_word' id='word_1_64' title='bbox 731 1241 762 1293; x_wconf 92' lang='lat' dir='ltr'>et</span> <span class='ocrx_word' id='word_1_65' title='bbox 794 1235 876 1293; x_wconf 89' lang='lat' dir='ltr'>filias</span> <span class='ocrx_word' id='word_1_66' title='bbox 905 1236 1044 1312; x_wconf 90' lang='lat' dir='ltr'>ipsorum</span> <span class='ocrx_word' id='word_1_67' title='bbox 1076 1233 1289 1292; x_wconf 86' lang='lat' dir='ltr'>defendissent.</span> <span class='ocrx_word' id='word_1_68' title='bbox 1318 1235 1384 1291; x_wconf 92' lang='lat' dir='ltr'>Hiis</span> <span class='ocrx_word' id='word_1_69' title='bbox 1408 1250 1467 1291; x_wconf 91' lang='lat' dir='ltr'>non</span> 
     </span>
     <span class='ocr_line' id='line_1_9' title="bbox 200 1340 1468 1415; baseline -0.002 -17"><span class='ocrx_word' id='word_1_70' title='bbox 200 1340 397 1412; x_wconf 81' lang='lat' dir='ltr'>sufficientes,</span> <span class='ocrx_word' id='word_1_71' title='bbox 415 1341 523 1399; x_wconf 90' lang='lat' dir='ltr'>eodem</span> <span class='ocrx_word' id='word_1_72' title='bbox 549 1340 598 1398; x_wconf 91' lang='lat' dir='ltr'>die</span> <span class='ocrx_word' id='word_1_73' title='bbox 615 1341 696 1399; x_wconf 88' lang='lat' dir='ltr'>circa</span> <span class='ocrx_word' id='word_1_74' title='bbox 710 1341 820 1398; x_wconf 87' lang='lat' dir='ltr'>horam</span> <span class='ocrx_word' id='word_1_75' title='bbox 836 1357 1038 1415; x_wconf 91' lang='lat' dir='ltr'>vesperarum</span> <span class='ocrx_word' id='word_1_76' title='bbox 1055 1341 1094 1398; x_wconf 91' lang='lat' dir='ltr'>ad</span> <span class='ocrx_word' id='word_1_77' title='bbox 1111 1340 1230 1398; x_wconf 92' lang='lat' dir='ltr'>Novam</span> <span class='ocrx_word' id='word_1_78' title='bbox 1247 1340 1358 1398; x_wconf 91' lang='lat' dir='ltr'>villam</span> <span class='ocrx_word' id='word_1_79' title='bbox 1370 1355 1468 1414; x_wconf 90' lang='lat' dir='ltr'>prope</span> 
     </span>
     <span class='ocr_line' id='line_1_10' title="bbox 200 1446 1468 1522; baseline -0.002 -18"><span class='ocrx_word' id='word_1_80' title='bbox 200 1447 331 1505; x_wconf 83' lang='lat' dir='ltr'>fluvium</span> <span class='ocrx_word' id='word_1_81' title='bbox 357 1447 455 1520; x_wconf 83' lang='lat' dir='ltr'>Zawe,</span> <span class='ocrx_word' id='word_1_82' title='bbox 489 1464 549 1521; x_wconf 90' lang='lat' dir='ltr'>que</span> <span class='ocrx_word' id='word_1_83' title='bbox 572 1453 619 1505; x_wconf 88' lang='lat' dir='ltr'>est</span> <span class='ocrx_word' id='word_1_84' title='bbox 643 1448 672 1505; x_wconf 91' lang='lat' dir='ltr'>in</span> <span class='ocrx_word' id='word_1_85' title='bbox 704 1447 860 1505; x_wconf 90' lang='lat' dir='ltr'>territorio</span> <span class='ocrx_word' id='word_1_86' title='bbox 891 1447 1025 1505; x_wconf 88' lang='lat' dir='ltr'>civitatis</span> <span class='ocrx_word' id='word_1_87' title='bbox 1056 1446 1202 1522; x_wconf 84' lang='lat' dir='ltr'>predicte,</span> <span class='ocrx_word' id='word_1_88' title='bbox 1233 1447 1373 1503; x_wconf 91' lang='lat' dir='ltr'>homines</span> <span class='ocrx_word' id='word_1_89' title='bbox 1400 1462 1468 1519; x_wconf 91' lang='lat' dir='ltr'>pre-</span> 
     </span>
     <span class='ocr_line' id='line_1_11' title="bbox 200 1537 1468 1628; baseline -0.001 -18"><span class='ocrx_word' id='word_1_90' title='bbox 200 1553 273 1611; x_wconf 89' lang='lat' dir='ltr'>dicti</span> <span class='ocrx_word' id='word_1_91' title='bbox 299 1554 489 1628; x_wconf 82' lang='lat' dir='ltr'>capitulien</span> <span class='ocrx_word' id='word_1_92' title='bbox 512 1555 729 1612; x_wconf 89' lang='lat' dir='ltr'>commissione</span> <span class='ocrx_word' id='word_1_93' title='bbox 763 1553 901 1612; x_wconf 91' lang='lat' dir='ltr'>eiusdem</span> <span class='ocrx_word' id='word_1_94' title='bbox 928 1569 1023 1627; x_wconf 92' lang='lat' dir='ltr'>super</span> <span class='ocrx_word' id='word_1_95' title='bbox 1045 1555 1146 1628; x_wconf 89' lang='lat' dir='ltr'>ipsam</span> <span class='ocrx_word' id='word_1_96' title='bbox 1169 1537 1280 1610; x_wconf 81' lang='lat' dir='ltr'>villam</span> <span class='ocrx_word' id='word_1_97' title='bbox 1304 1568 1397 1610; x_wconf 90' lang='lat' dir='ltr'>manu</span> <span class='ocrx_word' id='word_1_98' title='bbox 1420 1568 1468 1610; x_wconf 88' lang='lat' dir='ltr'>ar-</span> 
     </span>
     <span class='ocr_line' id='line_1_12' title="bbox 201 1658 1468 1732; baseline -0.001 -16"><span class='ocrx_word' id='word_1_99' title='bbox 201 1666 284 1716; x_wconf 90' lang='lat' dir='ltr'>mata</span> <span class='ocrx_word' id='word_1_100' title='bbox 315 1664 345 1716; x_wconf 86' lang='lat' dir='ltr'>et</span> <span class='ocrx_word' id='word_1_101' title='bbox 376 1659 512 1718; x_wconf 87' lang='lat' dir='ltr'>violenta</span> <span class='ocrx_word' id='word_1_102' title='bbox 533 1661 703 1732; x_wconf 87' lang='lat' dir='ltr'>irruissent,</span> <span class='ocrx_word' id='word_1_103' title='bbox 726 1661 781 1717; x_wconf 92' lang='lat' dir='ltr'>ubi</span> <span class='ocrx_word' id='word_1_104' title='bbox 805 1659 934 1717; x_wconf 88' lang='lat' dir='ltr'>feminas</span> <span class='ocrx_word' id='word_1_105' title='bbox 964 1666 995 1717; x_wconf 92' lang='lat' dir='ltr'>et</span> <span class='ocrx_word' id='word_1_106' title='bbox 1025 1659 1160 1732; x_wconf 84' lang='lat' dir='ltr'>virgines</span> <span class='ocrx_word' id='word_1_107' title='bbox 1189 1658 1404 1732; x_wconf 89' lang='lat' dir='ltr'>deturpassent</span> <span class='ocrx_word' id='word_1_108' title='bbox 1438 1664 1468 1715; x_wconf 89' lang='lat' dir='ltr'>et</span> 
     </span>
     <span class='ocr_line' id='line_1_13' title="bbox 200 1763 1466 1839; baseline -0.002 -17"><span class='ocrx_word' id='word_1_109' title='bbox 200 1764 353 1837; x_wconf 90' lang='lat' dir='ltr'>quasdam</span> <span class='ocrx_word' id='word_1_110' title='bbox 376 1765 551 1836; x_wconf 84' lang='lat' dir='ltr'>violassent,</span> <span class='ocrx_word' id='word_1_111' title='bbox 584 1781 620 1822; x_wconf 94' lang='lat' dir='ltr'>ac</span> <span class='ocrx_word' id='word_1_112' title='bbox 643 1781 740 1823; x_wconf 93' lang='lat' dir='ltr'>unum</span> <span class='ocrx_word' id='word_1_113' title='bbox 764 1765 922 1839; x_wconf 88' lang='lat' dir='ltr'>pociorem</span> <span class='ocrx_word' id='word_1_114' title='bbox 946 1765 1142 1838; x_wconf 86' lang='lat' dir='ltr'>iobagionem</span> <span class='ocrx_word' id='word_1_115' title='bbox 1165 1765 1195 1821; x_wconf 93' lang='lat' dir='ltr'>in</span> <span class='ocrx_word' id='word_1_116' title='bbox 1218 1763 1356 1838; x_wconf 86' lang='lat' dir='ltr'>predicta</span> <span class='ocrx_word' id='word_1_117' title='bbox 1379 1763 1466 1822; x_wconf 88' lang='lat' dir='ltr'>Nova</span> 
     </span>
     <span class='ocr_line' id='line_1_14' title="bbox 200 1869 1467 1945; baseline 0 -19"><span class='ocrx_word' id='word_1_118' title='bbox 200 1870 277 1927; x_wconf 88' lang='lat' dir='ltr'>villa</span> <span class='ocrx_word' id='word_1_119' title='bbox 301 1870 331 1927; x_wconf 94' lang='lat' dir='ltr'>in</span> <span class='ocrx_word' id='word_1_120' title='bbox 357 1886 412 1927; x_wconf 88' lang='lat' dir='ltr'>sua</span> <span class='ocrx_word' id='word_1_121' title='bbox 435 1869 529 1927; x_wconf 93' lang='lat' dir='ltr'>domo</span> <span class='ocrx_word' id='word_1_122' title='bbox 550 1871 669 1928; x_wconf 89' lang='lat' dir='ltr'>crudeli</span> <span class='ocrx_word' id='word_1_123' title='bbox 685 1886 758 1928; x_wconf 90' lang='lat' dir='ltr'>nece</span> <span class='ocrx_word' id='word_1_124' title='bbox 773 1870 962 1929; x_wconf 92' lang='lat' dir='ltr'>occidissent.</span> <span class='ocrx_word' id='word_1_125' title='bbox 980 1871 1109 1945; x_wconf 87' lang='lat' dir='ltr'>Insuper</span> <span class='ocrx_word' id='word_1_126' title='bbox 1124 1869 1292 1943; x_wconf 89' lang='lat' dir='ltr'>quemdam</span> <span class='ocrx_word' id='word_1_127' title='bbox 1308 1870 1467 1927; x_wconf 90' lang='lat' dir='ltr'>concivem</span> 
     </span>
     <span class='ocr_line' id='line_1_15' title="bbox 200 1975 1468 2062; baseline -0.002 -28"><span class='ocrx_word' id='word_1_128' title='bbox 200 1975 336 2034; x_wconf 89' lang='lat' dir='ltr'>civitatis</span> <span class='ocrx_word' id='word_1_129' title='bbox 359 1976 506 2050; x_wconf 89' lang='lat' dir='ltr'>predicte,</span> <span class='ocrx_word' id='word_1_130' title='bbox 530 1975 676 2034; x_wconf 88' lang='lat' dir='ltr'>videlicet</span> <span class='ocrx_word' id='word_1_131' title='bbox 699 1977 891 2048; x_wconf 90' lang='lat' dir='ltr'>Michaelem,</span> <span class='ocrx_word' id='word_1_132' title='bbox 913 1977 1017 2035; x_wconf 87' lang='lat' dir='ltr'>filium</span> <span class='ocrx_word' id='word_1_133' title='bbox 1040 1977 1192 2046; x_wconf 89' lang='lat' dir='ltr'>Damiani,</span> <span class='ocrx_word' id='word_1_134' title='bbox 1216 1991 1309 2032; x_wconf 94' lang='lat' dir='ltr'>manu</span> <span class='ocrx_word' id='word_1_135' title='bbox 1333 1975 1468 2062; x_wconf 77' lang='lat' dir='ltr'>violenta</span> 
     </span>
     <span class='ocr_line' id='line_1_16' title="bbox 200 2080 1467 2156; baseline 0 -18"><span class='ocrx_word' id='word_1_136' title='bbox 200 2081 411 2155; x_wconf 87' lang='lat' dir='ltr'>captivassent</span> <span class='ocrx_word' id='word_1_137' title='bbox 434 2087 464 2139; x_wconf 94' lang='lat' dir='ltr'>et</span> <span class='ocrx_word' id='word_1_138' title='bbox 486 2081 695 2153; x_wconf 88' lang='lat' dir='ltr'>detinuissent,</span> <span class='ocrx_word' id='word_1_139' title='bbox 718 2083 806 2140; x_wconf 92' lang='lat' dir='ltr'>acin</span> <span class='ocrx_word' id='word_1_140' title='bbox 830 2083 970 2156; x_wconf 88' lang='lat' dir='ltr'>ipsorum</span> <span class='ocrx_word' id='word_1_141' title='bbox 1001 2082 1133 2140; x_wconf 88' lang='lat' dir='ltr'>vinculis</span> <span class='ocrx_word' id='word_1_142' title='bbox 1149 2087 1275 2155; x_wconf 91' lang='lat' dir='ltr'>captum</span> <span class='ocrx_word' id='word_1_143' title='bbox 1292 2080 1467 2150; x_wconf 87' lang='lat' dir='ltr'>tenuissent,</span> 
     </span>
     <span class='ocr_line' id='line_1_17' title="bbox 201 2186 1468 2261; baseline -0.002 -17"><span class='ocrx_word' id='word_1_144' title='bbox 201 2203 363 2260; x_wconf 89' lang='lat' dir='ltr'>quousque</span> <span class='ocrx_word' id='word_1_145' title='bbox 387 2203 496 2245; x_wconf 91' lang='lat' dir='ltr'>eorum</span> <span class='ocrx_word' id='word_1_146' title='bbox 519 2187 687 2261; x_wconf 90' lang='lat' dir='ltr'>placuisset</span> <span class='ocrx_word' id='word_1_147' title='bbox 709 2188 871 2261; x_wconf 87' lang='lat' dir='ltr'>voluntati,</span> <span class='ocrx_word' id='word_1_148' title='bbox 895 2188 1027 2246; x_wconf 88' lang='lat' dir='ltr'>eundern</span> <span class='ocrx_word' id='word_1_149' title='bbox 1055 2188 1085 2245; x_wconf 95' lang='lat' dir='ltr'>in</span> <span class='ocrx_word' id='word_1_150' title='bbox 1110 2186 1333 2260; x_wconf 87' lang='lat' dir='ltr'>quinquaginta</span> <span class='ocrx_word' id='word_1_151' title='bbox 1355 2186 1468 2242; x_wconf 89' lang='lat' dir='ltr'>marcis</span> 
     </span>
     <span class='ocr_line' id='line_1_18' title="bbox 200 2290 1468 2368; baseline -0.002 -18"><span class='ocrx_word' id='word_1_152' title='bbox 200 2293 399 2350; x_wconf 86' lang='lat' dir='ltr'>denariorum</span> <span class='ocrx_word' id='word_1_153' title='bbox 432 2295 472 2350; x_wconf 91' lang='lat' dir='ltr'>ab</span> <span class='ocrx_word' id='word_1_154' title='bbox 505 2294 573 2367; x_wconf 92' lang='lat' dir='ltr'>ipso</span> <span class='ocrx_word' id='word_1_155' title='bbox 603 2294 799 2368; x_wconf 89' lang='lat' dir='ltr'>recepissent,</span> <span class='ocrx_word' id='word_1_156' title='bbox 829 2295 932 2368; x_wconf 89' lang='lat' dir='ltr'>ipsum</span> <span class='ocrx_word' id='word_1_157' title='bbox 961 2293 999 2350; x_wconf 92' lang='lat' dir='ltr'>de</span> <span class='ocrx_word' id='word_1_158' title='bbox 1023 2308 1131 2350; x_wconf 90' lang='lat' dir='ltr'>eorum</span> <span class='ocrx_word' id='word_1_159' title='bbox 1154 2291 1287 2349; x_wconf 89' lang='lat' dir='ltr'>vinculis</span> <span class='ocrx_word' id='word_1_160' title='bbox 1322 2290 1468 2364; x_wconf 87' lang='lat' dir='ltr'>predictis</span> 
     </span>
     <span class='ocr_line' id='line_1_19' title="bbox 199 2397 1466 2481; baseline -0.002 -25"><span class='ocrx_word' id='word_1_161' title='bbox 199 2399 381 2456; x_wconf 90' lang='lat' dir='ltr'>emisissent.</span> <span class='ocrx_word' id='word_1_162' title='bbox 403 2399 475 2456; x_wconf 92' lang='lat' dir='ltr'>Post</span> <span class='ocrx_word' id='word_1_163' title='bbox 491 2399 547 2456; x_wconf 93' lang='lat' dir='ltr'>hec</span> <span class='ocrx_word' id='word_1_164' title='bbox 563 2399 661 2456; x_wconf 89' lang='lat' dir='ltr'>eciam</span> <span class='ocrx_word' id='word_1_165' title='bbox 679 2397 880 2473; x_wconf 90' lang='lat' dir='ltr'>Stephanum,</span> <span class='ocrx_word' id='word_1_166' title='bbox 898 2399 1000 2458; x_wconf 89' lang='lat' dir='ltr'>filium</span> <span class='ocrx_word' id='word_1_167' title='bbox 1016 2399 1133 2481; x_wconf 89' lang='lat' dir='ltr'>Jacobi,</span> <span class='ocrx_word' id='word_1_168' title='bbox 1150 2397 1310 2455; x_wconf 88' lang='lat' dir='ltr'>concivem</span> <span class='ocrx_word' id='word_1_169' title='bbox 1326 2397 1466 2470; x_wconf 90' lang='lat' dir='ltr'>ipsorum</span> 
     </span>
     <span class='ocr_line' id='line_1_20' title="bbox 199 2503 1467 2580; baseline -0.002 -18"><span class='ocrx_word' id='word_1_170' title='bbox 199 2505 317 2562; x_wconf 84' lang='lat' dir='ltr'>civium</span> <span class='ocrx_word' id='word_1_171' title='bbox 340 2505 474 2562; x_wconf 87' lang='lat' dir='ltr'>civitatis</span> <span class='ocrx_word' id='word_1_172' title='bbox 497 2505 625 2578; x_wconf 87' lang='lat' dir='ltr'>prefate,</span> <span class='ocrx_word' id='word_1_173' title='bbox 649 2506 704 2563; x_wconf 94' lang='lat' dir='ltr'>ubi</span> <span class='ocrx_word' id='word_1_174' title='bbox 727 2521 823 2579; x_wconf 89' lang='lat' dir='ltr'>equos</span> <span class='ocrx_word' id='word_1_175' title='bbox 846 2506 944 2580; x_wconf 89' lang='lat' dir='ltr'>patris</span> <span class='ocrx_word' id='word_1_176' title='bbox 967 2507 1014 2564; x_wconf 91' lang='lat' dir='ltr'>sui</span> <span class='ocrx_word' id='word_1_177' title='bbox 1037 2505 1069 2563; x_wconf 92' lang='lat' dir='ltr'>in</span> <span class='ocrx_word' id='word_1_178' title='bbox 1084 2505 1207 2579; x_wconf 89' lang='lat' dir='ltr'>pascuis</span> <span class='ocrx_word' id='word_1_179' title='bbox 1223 2503 1319 2578; x_wconf 92' lang='lat' dir='ltr'>ipsius</span> <span class='ocrx_word' id='word_1_180' title='bbox 1336 2503 1467 2561; x_wconf 88' lang='lat' dir='ltr'>civitatis</span> 
     </span>
     <span class='ocr_line' id='line_1_21' title="bbox 199 2608 1467 2684; baseline -0.002 -16"><span class='ocrx_word' id='word_1_181' title='bbox 199 2609 416 2668; x_wconf 90' lang='lat' dir='ltr'>custodivisset</span> <span class='ocrx_word' id='word_1_182' title='bbox 447 2612 661 2684; x_wconf 89' lang='lat' dir='ltr'>captivassent,</span> <span class='ocrx_word' id='word_1_183' title='bbox 697 2617 727 2669; x_wconf 90' lang='lat' dir='ltr'>et</span> <span class='ocrx_word' id='word_1_184' title='bbox 759 2613 790 2670; x_wconf 92' lang='lat' dir='ltr'>in</span> <span class='ocrx_word' id='word_1_185' title='bbox 817 2627 925 2669; x_wconf 91' lang='lat' dir='ltr'>eorum</span> <span class='ocrx_word' id='word_1_186' title='bbox 959 2611 1093 2669; x_wconf 87' lang='lat' dir='ltr'>vinculis</span> <span class='ocrx_word' id='word_1_187' title='bbox 1127 2609 1335 2681; x_wconf 90' lang='lat' dir='ltr'>detinuissent,</span> <span class='ocrx_word' id='word_1_188' title='bbox 1370 2608 1467 2667; x_wconf 91' lang='lat' dir='ltr'>donec</span> 
     </span>
     <span class='ocr_line' id='line_1_22' title="bbox 199 2717 1467 2791; baseline -0.002 -17"><span class='ocrx_word' id='word_1_189' title='bbox 199 2717 340 2791; x_wconf 88' lang='lat' dir='ltr'>ipsorum</span> <span class='ocrx_word' id='word_1_190' title='bbox 371 2717 539 2790; x_wconf 89' lang='lat' dir='ltr'>placuisset</span> <span class='ocrx_word' id='word_1_191' title='bbox 567 2718 728 2775; x_wconf 90' lang='lat' dir='ltr'>voluntati.</span> <span class='ocrx_word' id='word_1_192' title='bbox 759 2719 797 2776; x_wconf 91' lang='lat' dir='ltr'>Et</span> <span class='ocrx_word' id='word_1_193' title='bbox 823 2719 877 2775; x_wconf 89' lang='lat' dir='ltr'>ubi</span> <span class='ocrx_word' id='word_1_194' title='bbox 901 2718 962 2791; x_wconf 94' lang='lat' dir='ltr'>ipsi</span> <span class='ocrx_word' id='word_1_195' title='bbox 985 2719 1067 2776; x_wconf 90' lang='lat' dir='ltr'>cives</span> <span class='ocrx_word' id='word_1_196' title='bbox 1090 2717 1195 2791; x_wconf 92' lang='lat' dir='ltr'>aliqua</span> <span class='ocrx_word' id='word_1_197' title='bbox 1219 2717 1316 2774; x_wconf 90' lang='lat' dir='ltr'>verba</span> <span class='ocrx_word' id='word_1_198' title='bbox 1338 2730 1467 2789; x_wconf 90' lang='lat' dir='ltr'>prepro-</span> 
     </span>
     <span class='ocr_line' id='line_1_23' title="bbox 200 2822 1467 2898; baseline -0.001 -18"><span class='ocrx_word' id='word_1_199' title='bbox 200 2823 302 2880; x_wconf 90' lang='lat' dir='ltr'>missis</span> <span class='ocrx_word' id='word_1_200' title='bbox 326 2822 483 2894; x_wconf 84' lang='lat' dir='ltr'>dixissent,</span> <span class='ocrx_word' id='word_1_201' title='bbox 516 2829 546 2880; x_wconf 91' lang='lat' dir='ltr'>et</span> <span class='ocrx_word' id='word_1_202' title='bbox 569 2839 640 2881; x_wconf 90' lang='lat' dir='ltr'>cum</span> <span class='ocrx_word' id='word_1_203' title='bbox 663 2823 804 2898; x_wconf 90' lang='lat' dir='ltr'>predicto</span> <span class='ocrx_word' id='word_1_204' title='bbox 827 2825 965 2898; x_wconf 86' lang='lat' dir='ltr'>capitulo</span> <span class='ocrx_word' id='word_1_205' title='bbox 988 2829 1118 2898; x_wconf 90' lang='lat' dir='ltr'>propter</span> <span class='ocrx_word' id='word_1_206' title='bbox 1140 2823 1280 2897; x_wconf 91' lang='lat' dir='ltr'>ipsorum</span> <span class='ocrx_word' id='word_1_207' title='bbox 1303 2837 1414 2896; x_wconf 88' lang='lat' dir='ltr'>graves</span> <span class='ocrx_word' id='word_1_208' title='bbox 1437 2829 1467 2880; x_wconf 88' lang='lat' dir='ltr'>et</span> 
     </span>
     <span class='ocr_line' id='line_1_24' title="bbox 199 2928 1467 3005; baseline 0 -19"><span class='ocrx_word' id='word_1_209' title='bbox 199 2943 342 2987; x_wconf 87' lang='lat' dir='ltr'>enormes</span> <span class='ocrx_word' id='word_1_210' title='bbox 372 2931 566 2988; x_wconf 89' lang='lat' dir='ltr'>necessitates</span> <span class='ocrx_word' id='word_1_211' title='bbox 596 2931 796 3002; x_wconf 88' lang='lat' dir='ltr'>altricassent,</span> <span class='ocrx_word' id='word_1_212' title='bbox 832 2935 904 2988; x_wconf 87' lang='lat' dir='ltr'>tunc</span> <span class='ocrx_word' id='word_1_213' title='bbox 936 2931 1040 3005; x_wconf 92' lang='lat' dir='ltr'>ipsum</span> <span class='ocrx_word' id='word_1_214' title='bbox 1063 2930 1236 3004; x_wconf 89' lang='lat' dir='ltr'>capitulum</span> <span class='ocrx_word' id='word_1_215' title='bbox 1258 2928 1467 3004; x_wconf 90' lang='lat' dir='ltr'>respondisset</span> 
     </span>
     <span class='ocr_line' id='line_1_25' title="bbox 199 3033 1467 3110; baseline 0.001 -19"><span class='ocrx_word' id='word_1_216' title='bbox 199 3051 237 3091; x_wconf 86' lang='lat' dir='ltr'>ex</span> <span class='ocrx_word' id='word_1_217' title='bbox 260 3033 393 3092; x_wconf 89' lang='lat' dir='ltr'>adverso</span> <span class='ocrx_word' id='word_1_218' title='bbox 417 3034 552 3093; x_wconf 88' lang='lat' dir='ltr'>dicentes</span> <span class='ocrx_word' id='word_1_219' title='bbox 571 3035 688 3094; x_wconf 89' lang='lat' dir='ltr'>eisdem</span> <span class='ocrx_word' id='word_1_220' title='bbox 703 3035 893 3095; x_wconf 89' lang='lat' dir='ltr'>iniuriando:</span> <span class='ocrx_word' id='word_1_221' title='bbox 920 3043 954 3094; x_wconf 92' lang='lat' dir='ltr'>ut</span> <span class='ocrx_word' id='word_1_222' title='bbox 970 3037 1031 3110; x_wconf 92' lang='lat' dir='ltr'>ipsi</span> <span class='ocrx_word' id='word_1_223' title='bbox 1046 3037 1129 3094; x_wconf 90' lang='lat' dir='ltr'>cives</span> <span class='ocrx_word' id='word_1_224' title='bbox 1144 3035 1246 3093; x_wconf 88' lang='lat' dir='ltr'>adhuc</span> <span class='ocrx_word' id='word_1_225' title='bbox 1261 3050 1322 3092; x_wconf 91' lang='lat' dir='ltr'>non</span> <span class='ocrx_word' id='word_1_226' title='bbox 1337 3033 1467 3093; x_wconf 90' lang='lat' dir='ltr'>fuissent</span> 
     </span>
     <span class='ocr_line' id='line_1_26' title="bbox 200 3141 1466 3216; baseline 0 -18"><span class='ocrx_word' id='word_1_227' title='bbox 200 3142 336 3212; x_wconf 88' lang='lat' dir='ltr'>cremati,</span> <span class='ocrx_word' id='word_1_228' title='bbox 361 3142 444 3199; x_wconf 91' lang='lat' dir='ltr'>bono</span> <span class='ocrx_word' id='word_1_229' title='bbox 467 3141 570 3214; x_wconf 89' lang='lat' dir='ltr'>modu,</span> <span class='ocrx_word' id='word_1_230' title='bbox 593 3141 648 3200; x_wconf 92' lang='lat' dir='ltr'>sed</span> <span class='ocrx_word' id='word_1_231' title='bbox 672 3141 776 3200; x_wconf 89' lang='lat' dir='ltr'>futura</span> <span class='ocrx_word' id='word_1_232' title='bbox 798 3143 906 3216; x_wconf 88' lang='lat' dir='ltr'>peiora</span> <span class='ocrx_word' id='word_1_233' title='bbox 928 3143 1041 3200; x_wconf 90' lang='lat' dir='ltr'>sentire</span> <span class='ocrx_word' id='word_1_234' title='bbox 1067 3141 1216 3200; x_wconf 90' lang='lat' dir='ltr'>deberent</span> <span class='ocrx_word' id='word_1_235' title='bbox 1238 3141 1268 3199; x_wconf 93' lang='lat' dir='ltr'>in</span> <span class='ocrx_word' id='word_1_236' title='bbox 1292 3155 1466 3198; x_wconf 89' lang='lat' dir='ltr'>concrema·</span> 
     </span>
     <span class='ocr_line' id='line_1_27' title="bbox 199 3246 1466 3328; baseline -0.002 -21"><span class='ocrx_word' id='word_1_237' title='bbox 199 3248 286 3328; x_wconf 80' lang='lat' dir='ltr'>cione</span> <span class='ocrx_word' id='word_1_238' title='bbox 310 3247 391 3306; x_wconf 86' lang='lat' dir='ltr'>dicte</span> <span class='ocrx_word' id='word_1_239' title='bbox 415 3249 548 3306; x_wconf 89' lang='lat' dir='ltr'>civitatis</span> <span class='ocrx_word' id='word_1_240' title='bbox 571 3264 688 3308; x_wconf 88' lang='lat' dir='ltr'>eorum.</span> <span class='ocrx_word' id='word_1_241' title='bbox 712 3249 775 3308; x_wconf 92' lang='lat' dir='ltr'>Ubi</span> <span class='ocrx_word' id='word_1_242' title='bbox 799 3247 907 3307; x_wconf 92' lang='lat' dir='ltr'>eodem</span> <span class='ocrx_word' id='word_1_243' title='bbox 930 3263 1007 3320; x_wconf 91' lang='lat' dir='ltr'>sero,</span> <span class='ocrx_word' id='word_1_244' title='bbox 1025 3247 1170 3306; x_wconf 91' lang='lat' dir='ltr'>videlicet</span> <span class='ocrx_word' id='word_1_245' title='bbox 1184 3248 1217 3305; x_wconf 91' lang='lat' dir='ltr'>in</span> <span class='ocrx_word' id='word_1_246' title='bbox 1232 3247 1281 3305; x_wconf 91' lang='lat' dir='ltr'>die</span> <span class='ocrx_word' id='word_1_247' title='bbox 1298 3246 1368 3304; x_wconf 89' lang='lat' dir='ltr'>festi</span> <span class='ocrx_word' id='word_1_248' title='bbox 1384 3248 1466 3305; x_wconf 90' lang='lat' dir='ltr'>beati</span> 
     </span>
     <span class='ocr_line' id='line_1_28' title="bbox 199 3353 1466 3429; baseline -0.002 -17"><span class='ocrx_word' id='word_1_249' title='bbox 199 3353 361 3412; x_wconf 83' lang='lat' dir='ltr'>laurencii</span> <span class='ocrx_word' id='word_1_250' title='bbox 385 3355 529 3426; x_wconf 89' lang='lat' dir='ltr'>martiris,</span> <span class='ocrx_word' id='word_1_251' title='bbox 559 3355 732 3429; x_wconf 91' lang='lat' dir='ltr'>predictam</span> <span class='ocrx_word' id='word_1_252' title='bbox 755 3355 914 3413; x_wconf 89' lang='lat' dir='ltr'>civitatem</span> <span class='ocrx_word' id='word_1_253' title='bbox 938 3355 970 3412; x_wconf 88' lang='lat' dir='ltr'>in</span> <span class='ocrx_word' id='word_1_254' title='bbox 992 3354 1061 3411; x_wconf 93' lang='lat' dir='ltr'>loco</span> <span class='ocrx_word' id='word_1_255' title='bbox 1084 3353 1208 3412; x_wconf 88' lang='lat' dir='ltr'>meliori</span> <span class='ocrx_word' id='word_1_256' title='bbox 1231 3358 1262 3411; x_wconf 91' lang='lat' dir='ltr'>et</span> <span class='ocrx_word' id='word_1_257' title='bbox 1284 3353 1389 3428; x_wconf 89' lang='lat' dir='ltr'>platea</span> <span class='ocrx_word' id='word_1_258' title='bbox 1411 3367 1466 3428; x_wconf 93' lang='lat' dir='ltr'>po·</span> 
     </span>
     <span class='ocr_line' id='line_1_29' title="bbox 199 3458 1466 3534; baseline -0.001 -16"><span class='ocrx_word' id='word_1_259' title='bbox 199 3460 275 3518; x_wconf 89' lang='lat' dir='ltr'>ciori</span> <span class='ocrx_word' id='word_1_260' title='bbox 305 3460 376 3533; x_wconf 81' lang='lat' dir='ltr'>igne</span> <span class='ocrx_word' id='word_1_261' title='bbox 406 3458 549 3518; x_wconf 87' lang='lat' dir='ltr'>fecissent</span> <span class='ocrx_word' id='word_1_262' title='bbox 580 3475 678 3533; x_wconf 91' lang='lat' dir='ltr'>usque</span> <span class='ocrx_word' id='word_1_263' title='bbox 709 3459 747 3518; x_wconf 88' lang='lat' dir='ltr'>ad</span> <span class='ocrx_word' id='word_1_264' title='bbox 778 3475 937 3519; x_wconf 90' lang='lat' dir='ltr'>summum</span> <span class='ocrx_word' id='word_1_265' title='bbox 967 3461 1032 3519; x_wconf 92' lang='lat' dir='ltr'>eius</span> <span class='ocrx_word' id='word_1_266' title='bbox 1063 3460 1261 3532; x_wconf 91' lang='lat' dir='ltr'>concremari,</span> <span class='ocrx_word' id='word_1_267' title='bbox 1300 3475 1362 3534; x_wconf 92' lang='lat' dir='ltr'>quo</span> <span class='ocrx_word' id='word_1_268' title='bbox 1396 3475 1466 3518; x_wconf 89' lang='lat' dir='ltr'>sero</span> 
     </span>
     <span class='ocr_line' id='line_1_30' title="bbox 200 3564 1466 3649; baseline -0.002 -25"><span class='ocrx_word' id='word_1_269' title='bbox 200 3565 329 3640; x_wconf 88' lang='lat' dir='ltr'>quidam</span> <span class='ocrx_word' id='word_1_270' title='bbox 362 3566 485 3624; x_wconf 88' lang='lat' dir='ltr'>institor</span> <span class='ocrx_word' id='word_1_271' title='bbox 512 3566 637 3624; x_wconf 90' lang='lat' dir='ltr'>nomine</span> <span class='ocrx_word' id='word_1_272' title='bbox 659 3567 815 3649; x_wconf 90' lang='lat' dir='ltr'>Johannes</span> <span class='ocrx_word' id='word_1_273' title='bbox 837 3566 876 3624; x_wconf 90' lang='lat' dir='ltr'>ad</span> <span class='ocrx_word' id='word_1_274' title='bbox 899 3583 955 3625; x_wconf 91' lang='lat' dir='ltr'>sua</span> <span class='ocrx_word' id='word_1_275' title='bbox 976 3566 1179 3624; x_wconf 91' lang='lat' dir='ltr'>mercimonia</span> <span class='ocrx_word' id='word_1_276' title='bbox 1201 3566 1240 3623; x_wconf 93' lang='lat' dir='ltr'>de</span> <span class='ocrx_word' id='word_1_277' title='bbox 1263 3564 1403 3640; x_wconf 88' lang='lat' dir='ltr'>predicta</span> <span class='ocrx_word' id='word_1_278' title='bbox 1424 3565 1466 3623; x_wconf 92' lang='lat' dir='ltr'>ci·</span> 
     </span>
     <span class='ocr_line' id='line_1_31' title="bbox 198 3671 1465 3746; baseline -0.001 -17"><span class='ocrx_word' id='word_1_279' title='bbox 198 3674 295 3731; x_wconf 91' lang='lat' dir='ltr'>vitate</span> <span class='ocrx_word' id='word_1_280' title='bbox 317 3673 377 3730; x_wconf 90' lang='lat' dir='ltr'>iter</span> <span class='ocrx_word' id='word_1_281' title='bbox 398 3687 489 3730; x_wconf 88' lang='lat' dir='ltr'>suum</span> <span class='ocrx_word' id='word_1_282' title='bbox 521 3673 703 3746; x_wconf 80' lang='lat' dir='ltr'>arripuisset</span> <span class='ocrx_word' id='word_1_283' title='bbox 732 3672 909 3730; x_wconf 86' lang='lat' dir='ltr'>faciendum</span> <span class='ocrx_word' id='word_1_284' title='bbox 939 3679 969 3730; x_wconf 93' lang='lat' dir='ltr'>et</span> <span class='ocrx_word' id='word_1_285' title='bbox 992 3671 1066 3730; x_wconf 90' lang='lat' dir='ltr'>dum</span> <span class='ocrx_word' id='word_1_286' title='bbox 1090 3672 1194 3745; x_wconf 90' lang='lat' dir='ltr'>ipsum</span> <span class='ocrx_word' id='word_1_287' title='bbox 1217 3672 1320 3744; x_wconf 82' lang='lat' dir='ltr'>ignem</span> <span class='ocrx_word' id='word_1_288' title='bbox 1343 3676 1373 3728; x_wconf 90' lang='lat' dir='ltr'>et</span> <span class='ocrx_word' id='word_1_289' title='bbox 1395 3687 1465 3729; x_wconf 91' lang='lat' dir='ltr'>con·</span> 
     </span>
     <span class='ocr_line' id='line_1_32' title="bbox 199 3777 1466 3851; baseline -0.002 -14"><span class='ocrx_word' id='word_1_290' title='bbox 199 3780 426 3838; x_wconf 85' lang='lat' dir='ltr'>cremacionem</span> <span class='ocrx_word' id='word_1_291' title='bbox 450 3795 482 3837; x_wconf 93' lang='lat' dir='ltr'>se</span> <span class='ocrx_word' id='word_1_292' title='bbox 505 3779 690 3838; x_wconf 89' lang='lat' dir='ltr'>revertendo</span> <span class='ocrx_word' id='word_1_293' title='bbox 721 3779 857 3851; x_wconf 90' lang='lat' dir='ltr'>vidisset,</span> <span class='ocrx_word' id='word_1_294' title='bbox 888 3795 962 3837; x_wconf 87' lang='lat' dir='ltr'>mox</span> <span class='ocrx_word' id='word_1_295' title='bbox 993 3793 1136 3837; x_wconf 88' lang='lat' dir='ltr'>reversus</span> <span class='ocrx_word' id='word_1_296' title='bbox 1160 3777 1275 3848; x_wconf 89' lang='lat' dir='ltr'>fuisset,</span> <span class='ocrx_word' id='word_1_297' title='bbox 1300 3784 1372 3834; x_wconf 91' lang='lat' dir='ltr'>tunc</span> <span class='ocrx_word' id='word_1_298' title='bbox 1393 3792 1466 3834; x_wconf 93' lang='lat' dir='ltr'>eum</span> 
     </span>
     <span class='ocr_line' id='line_1_33' title="bbox 199 3882 1466 3960; baseline -0.002 -18"><span class='ocrx_word' id='word_1_299' title='bbox 199 3885 230 3942; x_wconf 91' lang='lat' dir='ltr'>in</span> <span class='ocrx_word' id='word_1_300' title='bbox 255 3885 307 3942; x_wconf 89' lang='lat' dir='ltr'>via</span> <span class='ocrx_word' id='word_1_301' title='bbox 329 3885 458 3959; x_wconf 89' lang='lat' dir='ltr'>publica</span> <span class='ocrx_word' id='word_1_302' title='bbox 487 3885 619 3959; x_wconf 89' lang='lat' dir='ltr'>predicti</span> <span class='ocrx_word' id='word_1_303' title='bbox 650 3886 790 3944; x_wconf 91' lang='lat' dir='ltr'>homines</span> <span class='ocrx_word' id='word_1_304' title='bbox 821 3885 949 3960; x_wconf 91' lang='lat' dir='ltr'>capituli</span> <span class='ocrx_word' id='word_1_305' title='bbox 978 3883 1160 3958; x_wconf 90' lang='lat' dir='ltr'>reperiendo</span> <span class='ocrx_word' id='word_1_306' title='bbox 1191 3889 1220 3941; x_wconf 93' lang='lat' dir='ltr'>et</span> <span class='ocrx_word' id='word_1_307' title='bbox 1247 3882 1285 3940; x_wconf 90' lang='lat' dir='ltr'>de</span> <span class='ocrx_word' id='word_1_308' title='bbox 1319 3882 1466 3940; x_wconf 89' lang='lat' dir='ltr'>mandato</span> 
     </span>
     <span class='ocr_line' id='line_1_34' title="bbox 200 3988 1547 4065; baseline -0.002 -17"><span class='ocrx_word' id='word_1_309' title='bbox 200 3991 297 4064; x_wconf 91' lang='lat' dir='ltr'>ipsius</span> <span class='ocrx_word' id='word_1_310' title='bbox 320 3990 450 4064; x_wconf 89' lang='lat' dir='ltr'>capituli</span> <span class='ocrx_word' id='word_1_311' title='bbox 474 3990 592 4048; x_wconf 90' lang='lat' dir='ltr'>crudeli</span> <span class='ocrx_word' id='word_1_312' title='bbox 615 4007 689 4048; x_wconf 89' lang='lat' dir='ltr'>nece</span> <span class='ocrx_word' id='word_1_313' title='bbox 712 3991 902 4062; x_wconf 91' lang='lat' dir='ltr'>occidissent,</span> <span class='ocrx_word' id='word_1_314' title='bbox 924 3992 1067 4065; x_wconf 90' lang='lat' dir='ltr'>bonaque</span> <span class='ocrx_word' id='word_1_315' title='bbox 1089 4006 1145 4048; x_wconf 89' lang='lat' dir='ltr'>sua</span> <span class='ocrx_word' id='word_1_316' title='bbox 1164 3990 1205 4046; x_wconf 93' lang='lat' dir='ltr'>ab</span> <span class='ocrx_word' id='word_1_317' title='bbox 1228 3989 1336 4047; x_wconf 91' lang='lat' dir='ltr'>eodem</span> <span class='ocrx_word' id='word_1_318' title='bbox 1360 3988 1465 4046; x_wconf 85' lang='lat' dir='ltr'>abstu·</span> <span class='ocrx_word' id='word_1_319' title='bbox 1546 4001 1547 4004; x_wconf 72' lang='grc'>’</span> 
     </span>
     <span class='ocr_line' id='line_1_35' title="bbox 201 4095 1460 4171; baseline -0.002 -18"><span class='ocrx_word' id='word_1_320' title='bbox 201 4097 314 4154; x_wconf 83' lang='lat' dir='ltr'>iissent</span> <span class='ocrx_word' id='word_1_321' title='bbox 338 4096 407 4153; x_wconf 93' lang='lat' dir='ltr'>Hiis</span> <span class='ocrx_word' id='word_1_322' title='bbox 429 4112 490 4154; x_wconf 92' lang='lat' dir='ltr'>non</span> <span class='ocrx_word' id='word_1_323' title='bbox 513 4097 654 4169; x_wconf 90' lang='lat' dir='ltr'>contenti,</span> <span class='ocrx_word' id='word_1_324' title='bbox 670 4097 805 4154; x_wconf 90' lang='lat' dir='ltr'>secundo</span> <span class='ocrx_word' id='word_1_325' title='bbox 821 4097 871 4155; x_wconf 92' lang='lat' dir='ltr'>die</span> <span class='ocrx_word' id='word_1_326' title='bbox 887 4095 956 4154; x_wconf 88' lang='lat' dir='ltr'>festi</span> <span class='ocrx_word' id='word_1_327' title='bbox 973 4096 1112 4171; x_wconf 90' lang='lat' dir='ltr'>predicti,</span> <span class='ocrx_word' id='word_1_328' title='bbox 1129 4096 1196 4169; x_wconf 89' lang='lat' dir='ltr'>ipsa</span> <span class='ocrx_word' id='word_1_329' title='bbox 1212 4095 1460 4152; x_wconf 89' lang='lat' dir='ltr'>concremacione</span> 
     </span>
     <span class='ocr_line' id='line_1_36' title="bbox 199 4201 1463 4278; baseline -0.002 -19"><span class='ocrx_word' id='word_1_330' title='bbox 199 4202 278 4260; x_wconf 90' lang='lat' dir='ltr'>dicte</span> <span class='ocrx_word' id='word_1_331' title='bbox 302 4203 435 4260; x_wconf 86' lang='lat' dir='ltr'>civitatis</span> <span class='ocrx_word' id='word_1_332' title='bbox 465 4209 598 4276; x_wconf 89' lang='lat' dir='ltr'>peracta,</span> <span class='ocrx_word' id='word_1_333' title='bbox 629 4203 660 4260; x_wconf 94' lang='lat' dir='ltr'>in</span> <span class='ocrx_word' id='word_1_334' title='bbox 692 4203 833 4278; x_wconf 91' lang='lat' dir='ltr'>ipsorum</span> <span class='ocrx_word' id='word_1_335' title='bbox 863 4203 980 4260; x_wconf 90' lang='lat' dir='ltr'>civium</span> <span class='ocrx_word' id='word_1_336' title='bbox 1002 4217 1114 4276; x_wconf 90' lang='lat' dir='ltr'>campo</span> <span class='ocrx_word' id='word_1_337' title='bbox 1137 4201 1175 4260; x_wconf 89' lang='lat' dir='ltr'>ad</span> <span class='ocrx_word' id='word_1_338' title='bbox 1199 4216 1331 4275; x_wconf 88' lang='lat' dir='ltr'>peccora</span> <span class='ocrx_word' id='word_1_339' title='bbox 1356 4215 1463 4258; x_wconf 91' lang='lat' dir='ltr'>eorum</span> 
     </span>
     <span class='ocr_line' id='line_1_37' title="bbox 199 4306 1464 4384; baseline -0.002 -18"><span class='ocrx_word' id='word_1_340' title='bbox 199 4309 367 4381; x_wconf 89' lang='lat' dir='ltr'>irruissent,</span> <span class='ocrx_word' id='word_1_341' title='bbox 389 4309 445 4366; x_wconf 91' lang='lat' dir='ltr'>ubi</span> <span class='ocrx_word' id='word_1_342' title='bbox 467 4310 536 4384; x_wconf 91' lang='lat' dir='ltr'>ipsa</span> <span class='ocrx_word' id='word_1_343' title='bbox 559 4325 689 4383; x_wconf 90' lang='lat' dir='ltr'>peccora</span> <span class='ocrx_word' id='word_1_344' title='bbox 703 4310 918 4382; x_wconf 90' lang='lat' dir='ltr'>pascebantur,</span> <span class='ocrx_word' id='word_1_345' title='bbox 936 4324 1007 4366; x_wconf 93' lang='lat' dir='ltr'>cum</span> <span class='ocrx_word' id='word_1_346' title='bbox 1023 4306 1222 4366; x_wconf 88' lang='lat' dir='ltr'>multitudine</span> <span class='ocrx_word' id='word_1_347' title='bbox 1237 4322 1365 4365; x_wconf 86' lang='lat' dir='ltr'>suorum</span> <span class='ocrx_word' id='word_1_348' title='bbox 1381 4322 1464 4365; x_wconf 88' lang='lat' dir='ltr'>com·</span> 
     </span>
     <span class='ocr_line' id='line_1_38' title="bbox 199 4413 1465 4488; baseline -0.002 -16"><span class='ocrx_word' id='word_1_349' title='bbox 199 4415 319 4488; x_wconf 91' lang='lat' dir='ltr'>plicum</span> <span class='ocrx_word' id='word_1_350' title='bbox 341 4430 435 4473; x_wconf 86' lang='lat' dir='ltr'>manu</span> <span class='ocrx_word' id='word_1_351' title='bbox 466 4421 585 4474; x_wconf 89' lang='lat' dir='ltr'>armata</span> <span class='ocrx_word' id='word_1_352' title='bbox 615 4422 644 4473; x_wconf 92' lang='lat' dir='ltr'>et</span> <span class='ocrx_word' id='word_1_353' title='bbox 674 4416 809 4474; x_wconf 89' lang='lat' dir='ltr'>violenta</span> <span class='ocrx_word' id='word_1_354' title='bbox 840 4415 1039 4473; x_wconf 88' lang='lat' dir='ltr'>abstulissent</span> <span class='ocrx_word' id='word_1_355' title='bbox 1069 4421 1099 4472; x_wconf 92' lang='lat' dir='ltr'>et</span> <span class='ocrx_word' id='word_1_356' title='bbox 1129 4413 1199 4471; x_wconf 88' lang='lat' dir='ltr'>fena</span> <span class='ocrx_word' id='word_1_357' title='bbox 1230 4413 1370 4486; x_wconf 89' lang='lat' dir='ltr'>ipsorum</span> <span class='ocrx_word' id='word_1_358' title='bbox 1394 4429 1465 4470; x_wconf 91' lang='lat' dir='ltr'>con-</span> 
     </span>
     <span class='ocr_line' id='line_1_39' title="bbox 199 4520 1465 4596; baseline -0.003 -16"><span class='ocrx_word' id='word_1_359' title='bbox 199 4529 325 4595; x_wconf 79' lang='lat' dir='ltr'>gregata</span> <span class='ocrx_word' id='word_1_360' title='bbox 349 4522 380 4579; x_wconf 92' lang='lat' dir='ltr'>in</span> <span class='ocrx_word' id='word_1_361' title='bbox 401 4523 520 4580; x_wconf 90' lang='lat' dir='ltr'>acervis</span> <span class='ocrx_word' id='word_1_362' title='bbox 542 4521 657 4580; x_wconf 87' lang='lat' dir='ltr'>auferri</span> <span class='ocrx_word' id='word_1_363' title='bbox 680 4520 821 4579; x_wconf 89' lang='lat' dir='ltr'>fecissent</span> <span class='ocrx_word' id='word_1_364' title='bbox 845 4522 986 4596; x_wconf 92' lang='lat' dir='ltr'>potencia</span> <span class='ocrx_word' id='word_1_365' title='bbox 1008 4521 1171 4579; x_wconf 90' lang='lat' dir='ltr'>mediante.</span> <span class='ocrx_word' id='word_1_366' title='bbox 1188 4520 1255 4578; x_wconf 89' lang='lat' dir='ltr'>Lite</span> <span class='ocrx_word' id='word_1_367' title='bbox 1271 4526 1373 4578; x_wconf 90' lang='lat' dir='ltr'>tamen</span> <span class='ocrx_word' id='word_1_368' title='bbox 1391 4535 1465 4594; x_wconf 91' lang='lat' dir='ltr'>pen·</span> 
     </span>
     <span class='ocr_line' id='line_1_40' title="bbox 200 4625 1465 4703; baseline -0.002 -19"><span class='ocrx_word' id='word_1_369' title='bbox 200 4625 289 4684; x_wconf 89' lang='lat' dir='ltr'>dente</span> <span class='ocrx_word' id='word_1_370' title='bbox 311 4628 392 4686; x_wconf 87' lang='lat' dir='ltr'>inter</span> <span class='ocrx_word' id='word_1_371' title='bbox 414 4628 507 4701; x_wconf 69' lang='lat' dir='ltr'>ipsos</span> <span class='ocrx_word' id='word_1_372' title='bbox 540 4634 632 4702; x_wconf 90' lang='lat' dir='ltr'>prout</span> <span class='ocrx_word' id='word_1_373' title='bbox 654 4627 819 4703; x_wconf 92' lang='lat' dir='ltr'>superinde</span> <span class='ocrx_word' id='word_1_374' title='bbox 842 4633 925 4686; x_wconf 89' lang='lat' dir='ltr'>certo</span> <span class='ocrx_word' id='word_1_375' title='bbox 949 4633 979 4684; x_wconf 90' lang='lat' dir='ltr'>et</span> <span class='ocrx_word' id='word_1_376' title='bbox 999 4626 1118 4685; x_wconf 89' lang='lat' dir='ltr'>efficaci</span> <span class='ocrx_word' id='word_1_377' title='bbox 1152 4626 1337 4684; x_wconf 86' lang='lat' dir='ltr'>documento</span> <span class='ocrx_word' id='word_1_378' title='bbox 1364 4631 1465 4700; x_wconf 91' lang='lat' dir='ltr'>potest</span> 
     </span>
     <span class='ocr_line' id='line_1_41' title="bbox 200 4734 405 4808; baseline -0.005 -17"><span class='ocrx_word' id='word_1_379' title='bbox 200 4734 405 4808; x_wconf 85' lang='lat' dir='ltr'>comprobari.</span> 
     </span>
    </p>
   </div>
   <div class='ocr_carea' id='block_1_4' title="bbox 202 4867 1464 5024">
    <p class='ocr_par' dir='ltr' id='par_1_4' title="bbox 202 4867 1464 5024">
     <span class='ocr_line' id='line_1_42' title="bbox 287 4867 1464 4935; baseline -0.003 -15"><span class='ocrx_word' id='word_1_380' title='bbox 287 4870 309 4920; x_wconf 89' lang='lat' dir='ltr'>E</span> <span class='ocrx_word' id='word_1_381' title='bbox 328 4869 526 4920; x_wconf 85' lang='lat' dir='ltr'>transactionali</span> <span class='ocrx_word' id='word_1_382' title='bbox 552 4872 709 4921; x_wconf 89' lang='lat' dir='ltr'>documento</span> <span class='ocrx_word' id='word_1_383' title='bbox 734 4869 880 4935; x_wconf 87' lang='lat' dir='ltr'>capitulum</span> <span class='ocrx_word' id='word_1_384' title='bbox 905 4869 1074 4935; x_wconf 84' lang='lat' dir='ltr'>zagrabiense</span> <span class='ocrx_word' id='word_1_385' title='bbox 1094 4869 1163 4919; x_wconf 88' lang='lat' dir='ltr'>inter</span> <span class='ocrx_word' id='word_1_386' title='bbox 1188 4875 1214 4919; x_wconf 90' lang='lat' dir='ltr'>et</span> <span class='ocrx_word' id='word_1_387' title='bbox 1234 4867 1375 4927; x_wconf 85' lang='lat' dir='ltr'>civitatem,</span> <span class='ocrx_word' id='word_1_388' title='bbox 1395 4867 1464 4918; x_wconf 90' lang='lat' dir='ltr'>facto</span> 
     </span>
     <span class='ocr_line' id='line_1_43' title="bbox 202 4957 1464 5024; baseline -0.002 -15"><span class='ocrx_word' id='word_1_389' title='bbox 202 4973 269 5010; x_wconf 87' lang='lat' dir='ltr'>anuo</span> <span class='ocrx_word' id='word_1_390' title='bbox 291 4960 365 5023; x_wconf 82' lang='lat'>1469,</span> <span class='ocrx_word' id='word_1_391' title='bbox 383 4959 411 5009; x_wconf 89' lang='lat' dir='ltr'>in</span> <span class='ocrx_word' id='word_1_392' title='bbox 432 4975 485 5024; x_wconf 92' lang='lat' dir='ltr'>quo</span> <span class='ocrx_word' id='word_1_393' title='bbox 505 4958 648 5024; x_wconf 90' lang='lat' dir='ltr'>conscripti</span> <span class='ocrx_word' id='word_1_394' title='bbox 665 4965 725 5010; x_wconf 87' lang='lat' dir='ltr'>sunt</span> <span class='ocrx_word' id='word_1_395' title='bbox 744 4959 827 5009; x_wconf 88' lang='lat' dir='ltr'>eciam</span> <span class='ocrx_word' id='word_1_396' title='bbox 846 4959 912 5010; x_wconf 89' lang='lat' dir='ltr'>certi</span> <span class='ocrx_word' id='word_1_397' title='bbox 931 4959 1047 5019; x_wconf 87' lang='lat' dir='ltr'>articuli,</span> <span class='ocrx_word' id='word_1_398' title='bbox 1068 4959 1115 5010; x_wconf 87' lang='lat' dir='ltr'>tali</span> <span class='ocrx_word' id='word_1_399' title='bbox 1134 4959 1183 5009; x_wconf 89' lang='lat' dir='ltr'>sub</span> <span class='ocrx_word' id='word_1_400' title='bbox 1203 4958 1295 5009; x_wconf 90' lang='lat' dir='ltr'>titulo:</span> <span class='ocrx_word' id='word_1_401' title='bbox 1314 4957 1412 5023; x_wconf 92' lang='lat' dir='ltr'>Incipit</span> <span class='ocrx_word' id='word_1_402' title='bbox 1425 4973 1464 5007; x_wconf 92' lang='lat' dir='ltr'>rc-</span> 
     </span>
    </p>
   </div>
   <div class='ocr_carea' id='block_1_5' title="bbox 0 0 1868 5806">
    <p class='ocr_par' dir='ltr' id='par_1_5' title="bbox 0 0 1868 5806">
     <span class='ocr_line' id='line_1_44' title="bbox 0 0 1868 5806; baseline 0 0"><span class='ocrx_word' id='word_1_403' title='bbox 0 0 1868 5806; x_wconf 95' lang='lat' dir='ltr'> </span> 
     </span>
    </p>
   </div>
  </div>
 </body>
</html>
