3824 5806
408 577 468 636 34²
826 559 898 616 Dor.
916 553 992 634 362.
1019 591 1056 600 -
1082 558 1138 615 An.
1164 556 1252 636 1392.

407 665 775 672 --.-——-————--...
799 665 863 670 ....-
884 663 983 669 -—-...-
997 664 1669 670 ——-.—--—.-————-——-——-

406 757 545 814 rivulum
569 757 608 814 ad
633 763 755 831 partem
778 756 1063 830 septemtrionalem
1095 756 1226 815 tenendo
1258 763 1287 813 et
1318 771 1374 828 per
1402 771 1511 811 verum
1536 760 1672 812 meatum

406 868 436 920 et
458 863 619 935 antiquum
644 879 768 920 cursum
792 879 849 936 per
874 863 991 919 bonum
1006 863 1147 935 spacium
1163 862 1260 935 ipsius
1280 861 1376 918 rivuli
1398 859 1509 930 eund0,
1533 861 1673 932 pervenit

406 967 445 1024 ad
469 969 545 1026 duas
567 973 665 1026 metas
689 977 812 1039 terreas,
842 969 872 1024 in
904 967 1018 1039 quibus
1049 968 1138 1024 metis
1170 967 1290 1040 lapides
1322 981 1381 1040 pro
1411 966 1499 1038 signo
1529 966 1622 1038 positi
1644 971 1672 1022 et

406 1075 544 1148 deputati
568 1077 738 1133 extitissent
761 1075 791 1132 iu
817 1074 877 1132 fine
901 1073 1060 1130 cuiusdam
1093 1073 1199 1131 fossati
1230 1073 1355 1130 secundi
1386 1089 1404 1129 a
1429 1071 1564 1144 quadam
1590 1079 1671 1128 turre

406 1189 511 1239 nostra
534 1181 565 1238 in
588 1187 693 1238 monte
717 1179 862 1238 Grecensi
886 1179 993 1236 habita
1016 1180 1046 1236 in
1070 1184 1155 1236 tanto
1185 1179 1299 1251 spacio,
1332 1179 1362 1235 in
1390 1183 1506 1250 quanto
1528 1179 1672 1249 sagittare

405 1287 505 1344 solent
527 1286 567 1344 ad
591 1287 685 1359 signa.
710 1284 979 1359 Quarumquidem
1003 1284 1135 1342 duarum
1159 1291 1313 1342 metarum
1338 1283 1597 1358 supradictarum,
1614 1299 1672 1340 una

405 1409 423 1450 a
448 1399 534 1465 parte
558 1392 700 1450 orientali
725 1397 771 1448 est
794 1407 851 1465 pro
874 1391 964 1447 nobis
997 1389 1144 1463 deputata
1174 1397 1204 1448 et
1234 1392 1296 1448 alia
1326 1407 1344 1447 a
1379 1400 1466 1464 parte
1490 1389 1670 1446 occidentali

405 1499 526 1556 civibus
549 1499 727 1571 prenotatis,
751 1498 805 1554 tali
830 1497 954 1554 vinculo
979 1497 1200 1554 moderaminis
1228 1498 1409 1554 introserto:
1432 1504 1467 1554 ut
1489 1513 1508 1554 a
1531 1495 1670 1569 predicto

406 1609 475 1660 orto
498 1601 630 1660 fratrum
654 1603 885 1660 predicatorum
909 1619 1006 1675 usque
1031 1602 1184 1674 predictas
1208 1601 1285 1659 duas
1310 1609 1407 1660 metas
1431 1609 1547 1660 terreas
1564 1604 1595 1660 in
1610 1603 1669 1660 fine

407 1708 481 1766 dicti
505 1707 611 1765 fossati
634 1715 757 1779 erectas,
781 1725 836 1764 nec
859 1723 923 1778 nos,
946 1708 1064 1764 scilicet
1087 1709 1271 1781 capitulum,
1295 1725 1350 1765 nec
1373 1709 1433 1782 ipsi
1457 1709 1540 1766 cives
1567 1709 1670 1781 aliqua

406 1814 584 1872 molendina
606 1815 657 1870 vel
681 1814 743 1871 alia
767 1813 917 1885 hedificia,
941 1831 1002 1887 que
1033 1829 1089 1887 per
1118 1830 1242 1872 cursum
1271 1831 1349 1888 aque
1373 1816 1470 1888 ipsius
1493 1815 1580 1872 fluvii
1602 1831 1669 1888 pos-

405 1927 472 1978 sent
495 1920 565 1978 duci
589 1935 642 1976 seu
666 1919 858 1990 ducerentur,
882 1918 990 1988 faeere,
1014 1929 1192 1977 construere
1216 1928 1246 1977 et
1269 1919 1414 1978 edificare
1438 1921 1593 1993 possimus
1620 1921 1668 1976 vel

406 2025 532 2098 possint,
556 2033 609 2082 aut
633 2025 794 2082 valeamus
816 2042 869 2082 seu
894 2026 1017 2083 valeant
1047 2025 1141 2082 modo
1172 2027 1290 2099 aliquli.
1320 2026 1495 2084 Molendina
1518 2042 1594 2083 vero
1617 2026 1668 2083 do

405 2131 482 2188 mini
505 2131 627 2188 abbatis
651 2131 778 2189 claustri
802 2133 891 2189 beate
914 2133 1010 2189 Marie
1033 2133 1163 2204 virginis
1180 2131 1218 2189 de
1234 2132 1316 2189 dicta
1332 2132 1482 2205 Zagrabia
1505 2133 1585 2189 inter
1602 2148 1669 2205 pre·

406 2236 503 2293 dictas
526 2243 624 2293 metas
647 2243 678 2293 et
700 2237 788 2309 signa
811 2238 935 2294 metalla
959 2237 1132 2302 eristencia.
1156 2253 1212 2295 nos
1233 2247 1262 2295 et
1287 2239 1346 2312 ipsi
1372 2239 1454 2295 cives
1470 2239 1501 2295 in
1517 2253 1574 2295 suo
1590 2247 1668 2295 statu

406 2342 536 2417 pacifico
559 2343 765 2417 relinquimus
788 2350 818 2401 et
839 2346 1063 2416 commisimus;
1084 2345 1144 2402 hoc
1167 2345 1296 2416 adiecto
1320 2344 1402 2418 quod
1419 2346 1445 2402 si
1461 2345 1527 2417 ipse
1551 2345 1669 2402 rivulus

405 2447 582 2520 Cyrkuenik
604 2449 694 2506 nobis
717 2449 768 2507 vel
792 2450 938 2523 predictis
961 2451 1082 2508 civibus
1106 2451 1144 2508 de
1168 2467 1243 2509 vero
1259 2461 1363 2509 meatu
1383 2459 1414 2508 et
1429 2451 1556 2523 antiquo
1579 2466 1668 2507 cursu

405 2561 536 2628 propter
559 2555 798 2612 innundaciones
820 2571 973 2629 aquarum
997 2557 1048 2613 vel
1071 2557 1133 2614 alio
1158 2557 1367 2631 inpedimento
1385 2558 1583 2630 preveniente
1603 2573 1669 2613 exe·

405 2659 488 2717 undo
524 2659 660 2734 dampna
688 2663 740 2718 vel
762 2662 824 2718 alia
844 2669 1028 2720 nocumenta
1050 2662 1163 2720 inferre
1186 2663 1351 2734 videretur,
1375 2665 1426 2720 vel
1450 2664 1541 2720 aliter
1563 2679 1669 2720 cursus

405 2766 501 2839 ipsius
535 2764 621 2824 ssuvii
656 2765 694 2823 de
728 2781 804 2824 vero
838 2775 940 2826 meatu
976 2769 1154 2840 violaretur,
1189 2775 1261 2826 tunc
1296 2784 1351 2826 nos
1385 2785 1423 2826 ex
1450 2775 1538 2842 parte
1574 2769 1670 2826 nostri

405 2871 552 2930 territorii
589 2878 618 2929 et
652 2873 711 2947 ipsi
742 2873 824 2930 cives
851 2874 993 2931 similiter
1022 2890 1060 2931 ex
1092 2881 1179 2947 parte
1207 2875 1346 2948 ipsorum
1374 2875 1529 2944 territorii,
1568 2876 1668 2948 ipsum

404 2994 530 3035 cursum
553 2977 640 3036 lluvii
662 2979 794 3052 predicti
817 2981 1020 3038 violentatum
1044 2981 1209 3039 claudendi
1232 2991 1261 3038 et
1284 2980 1470 3039 fortificandi
1486 2981 1669 3039 habebimus

405 3083 537 3141 liberam
562 3084 747 3143 facultatem.
785 3086 907 3142 Abhinc
937 3087 1004 3159 ipse
1034 3103 1141 3144 cursus
1173 3089 1295 3144 metalis
1327 3104 1383 3162 per
1413 3097 1551 3145 meatum
1573 3090 1668 3162 ipsius

406 3190 501 3247 rivuli
525 3207 618 3265 supra
642 3191 682 3248 ad
705 3198 825 3264 partem
854 3194 1138 3265 septemtrionalem
1172 3193 1334 3262 tendendo,
1365 3196 1508 3268 pervenit
1531 3195 1570 3252 ad
1593 3197 1668 3254 alias

405 3295 481 3353 duas
517 3305 614 3354 metas
646 3306 760 3355 terreas
793 3314 891 3372 prope
922 3297 1081 3371 quoddam
1113 3299 1327 3356 molendinum
1362 3300 1501 3358 filiorum
1533 3301 1668 3375 Chupor,

404 3403 509 3475 ipsum
532 3403 746 3461 molendinum
777 3404 815 3461 ad
850 3405 977 3478 plagam
1008 3405 1238 3478 acquilonarem
1267 3407 1479 3480 relinquendo
1502 3408 1533 3465 in
1557 3408 1669 3480 quibus

405 3507 526 3564 duabus
550 3510 639 3565 metis
662 3509 855 3582 supradictis,
879 3508 973 3567 modo
1005 3525 1067 3582 quo
1096 3526 1199 3583 supra,
1232 3511 1353 3586 lapides
1385 3513 1479 3586 positi
1501 3529 1556 3570 seu
1579 3515 1670 3572 locati

406 3615 584 3672 extitissent.
608 3614 748 3688 Quarum
772 3615 903 3672 duarum
929 3623 1083 3674 metarum
1105 3633 1166 3674 una
1189 3634 1208 3674 a
1229 3619 1325 3692 plaga
1356 3620 1498 3677 orientali
1521 3620 1668 3694 predicta,

405 3727 510 3778 nostra
533 3737 598 3778 esse
619 3721 787 3779 dinoscitur
810 3728 840 3779 et
863 3723 924 3779 alia
948 3738 967 3779 a
989 3731 1077 3796 parte
1101 3724 1284 3782 occidentali
1307 3726 1424 3783 civium
1456 3727 1570 3783 montis
1594 3725 1668 3783 Gre-

406 3829 504 3885 censis
527 3827 747 3902 predictorum,
771 3827 814 3884 ita
838 3833 949 3898 tamen,
973 3836 1007 3885 ut
1030 3829 1091 3902 ipsi
1114 3831 1196 3887 cives
1221 3831 1251 3888 in
1275 3832 1344 3904 ipso
1369 3833 1472 3889 rivulo
1496 3830 1583 3888 nulla
1607 3829 1668 3887 edi·

406 3934 476 3992 ficia
497 3940 550 3992 aut
581 3933 758 3992 molendina
781 3950 841 4007 que
865 3951 921 4008 per
944 3951 1070 3992 cursum
1093 3937 1191 4009 ipsius
1214 3937 1318 4006 rivuli,
1344 3943 1377 3994 ut
1403 3933 1591 4011 premissum
1616 3945 1669 4004 est,

406 4039 475 4097 duci
498 4049 624 4113 possent
647 4041 699 4098 vel
723 4041 908 4098 ducerentur
929 4057 947 4098 a
969 4041 1117 4115 predictis
1141 4041 1262 4099 duabus
1285 4045 1376 4100 metis
1400 4059 1498 4117 prope
1521 4045 1668 4102 molendi·

405 4162 479 4203 num
502 4145 642 4203 filiorum
664 4147 793 4220 Chupor
817 4145 1000 4222 predictum,
1031 4147 1141 4220 positis
1172 4155 1201 4205 et
1234 4150 1343 4207 erectis
1373 4150 1549 4223 incipiendo
1572 4167 1668 4224 usque

405 4251 560 4324 predictas
583 4251 659 4309 duas
683 4263 780 4311 metas
801 4269 901 4328 prope
924 4254 1026 4327 ipsam
1060 4255 1172 4311 turrim
1203 4263 1341 4312 nostram
1364 4271 1459 4328 penes
1482 4257 1587 4329 ipsum
1611 4255 1667 4313 fos-

405 4365 506 4415 satum
529 4357 654 4430 positas,
678 4356 777 4415 facere
801 4367 831 4415 et
855 4366 1031 4416 construere
1054 4375 1115 4417 non
1138 4361 1259 4434 possint
1282 4377 1336 4418 uec
1361 4362 1485 4418 valeant
1503 4361 1598 4418 modo
1614 4363 1667 4419 ali·

405 4463 506 4536 quali;
529 4461 583 4519 sed
607 4477 670 4533 nos,
694 4463 811 4520 scilicet
834 4465 1006 4538 capitulum
1023 4473 1051 4522 et
1068 4465 1107 4523 ad
1124 4482 1179 4524 nos
1202 4468 1389 4540 pertinentes
1413 4469 1492 4524 inter
1515 4467 1667 4540 predictas

404 4575 542 4624 metesa
565 4573 653 4640 parte
676 4569 818 4626 orientali
841 4571 957 4627 scilicet
981 4572 1077 4628 nostri
1105 4573 1250 4630 territorii
1271 4573 1302 4630 in
1325 4575 1542 4646 prenominato
1566 4573 1666 4631 rivulo

404 4673 581 4746 Cyrkuenik
604 4683 722 4747 vocato,
747 4676 924 4734 molendina
955 4685 985 4734 et
1015 4679 1077 4735 alia
1108 4679 1248 4751 quelibet
1276 4677 1397 4736 edificia
1419 4679 1616 4738 construendi
1639 4687 1667 4736 et

404 4779 536 4838 faciendi
559 4796 595 4838 ao
620 4781 784 4840 edificandi
807 4789 898 4856 atque
922 4799 1036 4856 aquam
1060 4801 1113 4842 seu
1137 4801 1261 4842 cursum
1285 4801 1364 4858 aque
1387 4787 1485 4860 ipsius
1512 4787 1608 4844 rivuli
1630 4786 1666 4843 de

404 4903 480 4945 vero
504 4902 595 4944 cursu
630 4888 661 4944 in
689 4887 764 4945 locis
794 4889 972 4947 necessariis
1004 4890 1176 4964 excipiendi
1207 4892 1340 4949 liberam
1363 4893 1549 4949 habebimus
1573 4892 1667 4950 facul·

405 5000 508 5052 tatem.
531 4993 651 5051 Deinde
676 4993 742 5067 ipse
765 5009 873 5052 cursus
895 4996 1021 5053 metalis
1045 5013 1101 5071 per
1124 5003 1261 5054 meatum
1285 5013 1339 5055 seu
1363 5013 1471 5054 verum
1488 5014 1614 5056 cursum
1628 4998 1666 5054 ri·
