3782 5812
674 537 747 594 Doc.
771 552 819 614 25.
847 571 883 580 —
909 534 965 592 An.
990 547 1077 613 1247.

229 734 376 791 sencium
399 736 546 794 noticiam
569 738 738 807 habituris,
769 738 902 796 salutem
925 738 955 795 in
980 751 1032 806 eo,
1064 738 1118 808 qui
1140 737 1266 809 regibus
1290 735 1343 794 dat
1365 736 1505 794 salutem.

227 840 328 898 Oculi
351 841 485 898 sedentis
509 843 540 899 in
564 845 675 901 throno
698 845 784 916 regio
808 843 900 917 digne
924 843 1117 901 considerare
1134 843 1255 914 debent,
1273 842 1348 916 quid
1365 843 1404 900 sit
1420 843 1505 914 utile,

228 946 312 1018 quid
349 963 488 1020 necesse,
523 951 610 1006 cuius
644 951 885 1024 circumspeccio
920 951 951 1008 in
984 965 1019 1007 ea
1050 950 1158 1024 pocius
1188 950 1375 1024 provisionis
1404 949 1506 1023 specie

228 1052 417 1124 delectatur,
442 1071 502 1128 que
523 1063 609 1114 extra
632 1056 664 1114 id
689 1056 773 1128 quod
794 1057 965 1130 reipublice
980 1057 1147 1114 utilitatem
1163 1057 1296 1130 respicit,
1313 1070 1392 1128 opus
1408 1055 1505 1112 eciam

229 1161 362 1233 pietatis
385 1162 521 1219 noscitur
544 1163 720 1234 importare.
752 1162 885 1220 Proinde
910 1161 946 1218 ad
973 1163 1199 1232 universorum,
1224 1167 1288 1218 tam
1311 1161 1505 1234 presencium

228 1281 332 1338 quam
356 1272 562 1340 posterorum,
592 1269 739 1326 noticiam
770 1270 881 1326 barum
916 1270 995 1327 serie
1029 1269 1176 1325 volumus
1212 1268 1389 1341 pervenire:
1422 1265 1504 1338 quod

227 1372 415 1430 accedentes
431 1372 469 1430 ad
485 1376 676 1446 presenciam
696 1382 833 1432 nostram
850 1375 926 1446 Fyle
942 1375 1119 1448 prepositus
1132 1373 1347 1446 zagrabiensis,
1359 1373 1506 1445 magister

226 1478 306 1560 Job,
319 1480 494 1552 prepositus
511 1481 691 1551 bachiensis,
705 1496 808 1538 comes
824 1481 944 1556 capelle
956 1487 1059 1539 nostre
1072 1489 1101 1538 et
1114 1482 1277 1538 canonicus
1290 1478 1506 1550 zagrabiensis,

229 1584 335 1656 Zoym
359 1587 534 1659 prepositus
557 1588 752 1656 chasmensis,
777 1587 884 1644 Petrus
900 1595 1014 1658 cantor,
1038 1586 1271 1644 archidiaconus
1287 1583 1503 1656 zagrabiensiS,

227 1693 379 1763 Mychael
401 1693 499 1750 lector
522 1697 551 1750 et
573 1693 735 1750 Ladislaus
759 1693 892 1751 decanus
915 1694 1130 1766 zagrabiensis,
1159 1692 1267 1750 Petrus
1291 1690 1506 1748 camaricensis

230 1804 263 1856 et
290 1799 400 1856 Petrus
420 1797 459 1856 de
475 1799 610 1856 Kemlulr
626 1798 834 1857 archidiaconi
851 1805 880 1856 et
896 1801 950 1857 alii
966 1800 1005 1857 de
1021 1799 1158 1873 capitulo
1173 1796 1365 1871 zagrabiensi
1381 1795 1506 1852 nomine

230 1921 270 1962 ac
305 1907 373 1963 rice
404 1905 547 1978 capituli,
578 1906 668 1962 nobis
697 1905 858 1962 humiliter
888 1907 1120 1980 supplicarunt,
1151 1904 1234 1977 quod
1265 1918 1335 1960 cum
1360 1899 1504 1970 formido,

232 2027 301 2084 que
330 2011 506 2084 specialiter
533 2027 570 2068 ex
601 2012 733 2069 terribili
767 2013 877 2070 sevitia
907 2012 1107 2069 Tartarorum
1142 2027 1196 2068 seu
1230 2011 1365 2066 aliorum
1399 2007 1504 2064 hostili

230 2119 362 2174 incursu
386 2117 462 2190 ipsis
486 2117 516 2174 in
541 2116 680 2174 futurum
705 2119 867 2176 imminere
890 2119 1024 2181 timetur,
1057 2118 1259 2174 munitionem
1283 2114 1421 2186 aliquam
1447 2126 1505 2186 pro

228 2222 430 2295 recipiendis,
454 2222 574 2280 tuendis
593 2229 622 2281 et
638 2223 834 2282 defensandis
850 2225 913 2282 suis
929 2231 959 2283 et
974 2239 1101 2281 suorum
1118 2222 1258 2296 personis
1274 2221 1358 2294 ipsos
1376 2233 1505 2290 querere

228 2345 288 2388 seu
312 2328 443 2386 condere
466 2329 619 2403 impellat,
643 2339 779 2388 montem
805 2331 969 2404 quendam,
999 2331 1124 2388 nomine
1147 2327 1279 2400 Gradyz,
1303 2327 1335 2384 in
1357 2325 1505 2382 comitatu

229 2435 435 2508 zagrabiensi‚
460 2437 547 2493 iuxta
570 2434 752 2508 Zagrabiam
770 2439 959 2502 existentem,
977 2439 1063 2494 cuius
1080 2437 1193 2493 montis
1212 2441 1331 2507 partem
1348 2430 1504 2505 quandam

229 2540 273 2598 ad
307 2541 419 2598 villam
449 2542 608 2614 hospitum
636 2539 674 2600 de
697 2541 792 2614 Grez,
824 2543 982 2616 quandam
1006 2559 1081 2600 vero
1104 2542 1142 2599 ad
1166 2540 1338 2612 Wanlegen
1359 2537 1504 2596 novimus

227 2648 405 2721 pertinere,
441 2649 484 2706 eis
515 2647 654 2706 conferre
684 2655 714 2706 et
748 2649 870 2708 tradere
893 2649 1107 2722 dignaremur,
1138 2661 1210 2705 cum
1233 2662 1294 2704 non
1317 2645 1452 2702 babeant
1474 2643 1505 2700 in

229 2759 319 2811 tanto
348 2759 443 2812 vento
474 2755 615 2826 turbinis,
652 2770 760 2827 ymmo
791 2762 857 2813 tam
888 2755 1025 2828 generali
1053 2763 1138 2812 metu
1162 2753 1288 2822 mortis,
1320 2751 1375 2808 ubi
1398 2765 1453 2807 sua
1476 2753 1505 2805 et

231 2873 362 2917 suorum
385 2862 488 2933 capita
510 2861 634 2918 valeant
657 2863 808 2920 reclinare
830 2861 882 2919 vel
905 2862 987 2920 bona
1009 2862 1136 2920 ecclesie
1160 2857 1367 2932 zagrabiensis
1390 2871 1426 2914 ac
1447 2869 1503 2912 sua

231 2973 300 3024 tuto
331 2967 503 3024 munimine
532 2967 698 3026 defensare.
736 2968 800 3026 Nos
830 2970 940 3042 igitur,
972 2969 1086 3042 quibus
1116 2983 1154 3025 ex
1184 2965 1319 3038 suscepti
1345 2960 1505 3034 regiminis

230 3072 336 3130 officio
367 3073 521 3131 incumbit
549 3075 701 3132 universis
732 3081 835 3134 nostre
866 3091 979 3133 corone
1005 3075 1168 3144 fidelibus,
1200 3073 1336 3130 maxime
1361 3070 1390 3126 in
1415 3073 1500 3126 tanto

232 3180 422 3237 necessitatis
445 3179 576 3237 articulo
599 3195 727 3238 manum
749 3183 858 3240 auxilii
881 3183 1048 3256 porrigere,
1073 3179 1308 3248 considerantes
1327 3173 1411 3248 quod
1433 3173 1503 3232 talis

233 3286 371 3358 provisio
395 3286 425 3342 in
449 3299 580 3358 corpore
602 3293 632 3342 et
654 3287 757 3344 anima
780 3303 836 3345 nos
855 3287 1000 3345 hedificat
1017 3286 1211 3353 adsalutem,
1228 3283 1349 3340 dictum
1364 3285 1502 3338 montem

234 3407 304 3448 cum
340 3397 424 3449 terra
460 3391 749 3464 circumadiacente,
785 3393 957 3451 sufficiente
996 3393 1065 3450 usui
1104 3396 1133 3448 et
1170 3387 1384 3447 commoditati
1415 3386 1503 3443 unius

233 3512 344 3569 magne
374 3497 468 3569 ville,
500 3497 601 3555 eidem
632 3499 768 3572 capitulo
799 3500 829 3558 in
860 3507 1047 3574 perpetuum
1079 3497 1221 3554 dedimus
1252 3501 1282 3552 et
1313 3493 1501 3550 contulimus

234 3603 324 3676 pleno
356 3605 442 3672 iure;
473 3605 531 3660 hoc
562 3619 725 3678 expresso,
759 3606 840 3678 quod
871 3607 901 3664 in
925 3604 1035 3662 eodem
1059 3609 1164 3660 monte
1187 3601 1306 3658 dictum
1328 3597 1500 3671 capitulum

232 3717 368 3768 assumat
393 3723 451 3783 pro
474 3725 515 3782 se,
546 3711 604 3768 boc
627 3715 673 3768 est
696 3726 754 3784 pro
775 3713 1003 3781 communitate,
1034 3710 1193 3768 decentem
1218 3707 1405 3782 porcionem,
1440 3719 1499 3776 que

233 3817 390 3874 muniatur
414 3817 532 3889 optime
557 3831 612 3889 per
634 3833 784 3890 expensas
807 3819 905 3876 tocius
932 3817 1070 3891 capituli,
1095 3816 1180 3872 cuius
1204 3811 1389 3870 municionis
1412 3816 1500 3883 septa

232 3929 373 3998 tempore
389 3923 575 3980 discriminis
591 3929 728 3996 venture,
746 3924 828 3997 quod
846 3925 935 3996 absit,
952 3925 1016 3981 illis
1032 3927 1158 3997 pateant
1174 3921 1307 3992 illosque
1323 3916 1498 3990 suscipiant,

232 4029 284 4102 qui
307 4029 370 4086 sibi
392 4045 449 4103 per
473 4045 505 4086 se
529 4031 705 4104 specialiter
728 4030 894 4088 hedificare
917 4031 1080 4099 noluerint,
1106 4029 1156 4086 vel
1177 4026 1290 4084 suerint
1305 4025 1498 4097 impotentes.

232 4133 364 4192 Persone
396 4149 471 4192 vero
501 4135 678 4210 supradicte
707 4137 758 4194 vel
788 4137 848 4194 alie
879 4137 918 4195 de
948 4136 1057 4194 eodem
1088 4134 1241 4209 capitulo,
1273 4147 1332 4204 que
1359 4135 1499 4203 potentes

231 4240 344 4298 suerint
377 4239 545 4300 hedificare
574 4243 635 4300 sibi
665 4247 765 4300 turres
796 4245 961 4317 speciales,
1000 4249 1159 4300 assumant
1189 4256 1226 4297 ex
1259 4236 1436 4295 voluntaria
1468 4245 1498 4292 et

230 4347 359 4419 speciali
384 4347 553 4406 collacione
577 4349 705 4423 capituli
729 4351 797 4407 loca
828 4365 987 4420 arearum,
1018 4349 1049 4406 in
1074 4347 1187 4420 quibus
1211 4343 1376 4402 hedificent
1398 4347 1498 4398 turres

230 4459 262 4508 et
284 4467 393 4509 muros
416 4467 474 4525 pro
498 4455 561 4511 suis
584 4455 772 4528 specialibus
796 4455 923 4514 familiis
954 4461 1047 4528 atque
1078 4454 1186 4523 rebus,
1221 4449 1390 4508 secundum
1414 4447 1497 4520 quod

230 4559 472 4632 uniuscuiusque
487 4562 667 4634 porcionem
683 4563 848 4635 contingit;
865 4579 925 4635 que
942 4561 1068 4634 quidem
1083 4557 1227 4617 hedificia
1243 4557 1305 4614 suis
1322 4553 1496 4624 heredibus,

230 4664 444 4738 heredumque
475 4669 703 4726 successoribus
734 4669 786 4726 vel
818 4669 1066 4741 quibuscumque
1089 4664 1244 4722 voluerint
1268 4662 1391 4719 valeant
1414 4659 1495 4730 dare,

229 4771 354 4834 donare,
379 4771 546 4830 concedere
569 4783 599 4831 et
621 4781 774 4848 perpetuo
797 4776 910 4847 legare,
933 4775 1019 4831 iuxta
1038 4788 1092 4830 sue
1108 4769 1302 4844 beneplacita
1317 4765 1495 4837 voluntatis,

229 4876 370 4934 dominio
401 4883 505 4936 tamen
536 4881 633 4953 ipsius
664 4883 757 4938 castri
787 4881 870 4938 dicto
897 4881 1035 4954 capitulo
1058 4895 1115 4953 per
1140 4877 1243 4935 omnia
1266 4879 1431 4933 reservato.
1462 4873 1495 4930 ln

229 4985 316 5040 cuius
347 4983 462 5042 montis
493 4995 523 5044 et
553 4994 634 5046 terre
663 4987 947 5045 circumadiacentis
970 4985 1166 5060 corporalem
1190 4981 1416 5058 possessionem
1440 4995 1496 5052 per
