3728 5806
420 523 481 578 250
835 507 908 564 Dor.
932 502 1002 564 262.
1027 539 1070 550 -
1093 507 1149 564 An.
1172 503 1261 584 1376.

418 706 549 763 ficarunt
572 705 661 762 nobis
685 704 795 762 fideles
818 707 914 762 nostri
938 705 1039 776 iudex,
1064 705 1155 762 iurati
1177 711 1207 762 et
1231 706 1367 763 universi
1390 707 1473 764 cives
1494 722 1530 764 ac
1547 708 1676 781 hospites

418 813 514 869 nostri
538 812 576 868 de
599 817 703 868 monte
725 811 871 869 Grecensi
903 810 941 869 de
972 811 1131 884 Zagrabia,
1163 811 1246 884 quod
1279 827 1336 884 per
1360 813 1478 870 litteras
1503 813 1575 870 bani
1597 816 1677 886 regni

418 918 514 975 nostri
536 917 700 975 Sclauonie
722 918 773 974 vel
797 918 863 974 eius
895 917 1036 974 vicebani
1067 921 1174 974 contra
1204 919 1364 991 antiquam
1393 919 1533 992 ipsorum
1558 935 1677 977 consue

418 1022 556 1080 tudinem
579 1039 652 1096 sepe
675 1024 778 1097 sepius
810 1025 840 1081 in
872 1024 990 1080 curiam
1022 1027 1159 1080 nostram
1186 1023 1354 1082 citarentur
1383 1031 1414 1082 et
1444 1026 1543 1082 eciam
1576 1041 1678 1082 evoca·

418 1133 531 1200 rentur,
556 1145 626 1186 cum
663 1133 765 1186 tamen
797 1129 855 1203 ipsi
888 1129 1034 1202 primitus
1064 1145 1223 1201 nunquam
1255 1145 1312 1203 per
1343 1131 1462 1188 litteras
1492 1131 1566 1188 bani
1597 1132 1679 1203 regni

418 1236 514 1293 nostri
537 1233 699 1293 Sclauonie
724 1235 774 1292 vel
798 1237 863 1293 eius
885 1235 1027 1293 vicebani
1043 1235 1097 1292 sed
1120 1235 1319 1293 solummodo
1343 1252 1399 1309 per
1422 1237 1542 1294 litteras
1566 1243 1679 1294 nostras

417 1342 517 1414 regias
540 1348 593 1399 aut
623 1343 762 1416 magistri
795 1342 1024 1399 tavarnicorum
1055 1347 1232 1399 nostrorum
1263 1343 1294 1400 in
1325 1342 1475 1400 iudicium
1506 1345 1538 1400 in
1566 1344 1678 1400 curiam

418 1453 555 1505 nostram
585 1449 685 1505 atrahi
715 1447 844 1505 fuissent
873 1449 1019 1517 consueti,
1047 1448 1257 1521 supplicantes
1287 1454 1392 1506 nostre
1422 1449 1586 1519 maiestati,
1609 1449 1679 1522 ipsis

417 1571 511 1628 super
533 1555 592 1611 hoc
615 1554 653 1611 de
674 1554 813 1612 remedio
837 1553 997 1628 provideri
1020 1559 1183 1628 oportuno.
1206 1554 1269 1612 Nos
1293 1554 1388 1627 igitur
1403 1556 1545 1630 ipsarum
1565 1555 1679 1628 suppli-

418 1661 595 1720 cacionibus
617 1660 778 1731 exauditis,
803 1661 942 1718 volentes
973 1659 1099 1717 eosdem
1129 1661 1212 1717 cives
1243 1667 1364 1719 nostros
1387 1676 1423 1718 ac
1446 1661 1585 1734 hospites
1609 1659 1679 1718 Gre-

418 1783 522 1825 censes
545 1767 584 1824 de
607 1766 758 1838 Zagrabia
781 1767 812 1823 in
835 1767 969 1838 antiquis
1000 1781 1108 1823 eorum
1138 1766 1335 1824 libertatibus
1358 1771 1387 1824 et
1410 1765 1680 1823 consuetudinibus

418 1875 508 1932 bonis
532 1881 561 1931 et
585 1873 765 1948 prescriptis
788 1889 979 1943 conservare,
1004 1873 1217 1930 commisimus
1240 1878 1270 1930 et
1293 1873 1371 1930 serie
1387 1873 1585 1946 presencium
1601 1887 1680 1929 com·

418 1981 578 2046 mittimus,
602 1987 636 2036 ut
659 1980 719 2053 ipsi
742 1979 855 2036 amodo
879 1985 908 2036 et
932 1978 1076 2051 deinceps
1099 1995 1156 2051 per
1173 1979 1289 2036 litteras
1307 1979 1378 2036 bani
1401 1979 1498 2036 nostri
1521 1976 1680 2035 Sclauonie

418 2088 469 2144 vel
493 2087 558 2144 eius
582 2085 723 2143 vicebani
746 2093 853 2143 contra
876 2086 1057 2158 quempiam
1080 2086 1140 2142 huc
1164 2085 1195 2142 in
1214 2101 1344 2158 regnum
1361 2091 1503 2143 nostrum
1526 2084 1681 2157 Hungarie

418 2193 589 2252 incuriam
614 2197 752 2248 nostram
782 2207 843 2248 non
873 2193 992 2264 possint
1022 2192 1109 2249 citari
1139 2192 1191 2248 vel
1223 2192 1353 2248 evocari.
1386 2189 1568 2248 Mandantes
1591 2189 1681 2262 igitur

417 2305 519 2357 vestre
542 2298 687 2356 fidelitati
709 2297 842 2355 firmiter
865 2302 895 2355 et
918 2297 1065 2367 districte,
1089 2303 1121 2354 ut
1144 2297 1257 2355 amodo
1281 2297 1312 2354 in
1334 2303 1424 2354 antea
1443 2302 1585 2354 vestrum
1602 2296 1680 2353 testi-

417 2406 557 2464 monium
580 2405 687 2478 vigore
711 2405 885 2462 litterarum
909 2403 982 2460 dicti
999 2403 1071 2460 bani
1087 2401 1250 2461 Sclauonie
1273 2405 1326 2461 vel
1349 2404 1414 2461 eius
1429 2402 1573 2460 vicebani
1596 2401 1679 2460 nullo

418 2512 511 2570 modo
534 2512 608 2568 dare
638 2510 880 2585 presumpmatis
910 2509 950 2566 ad
981 2510 1179 2567 evocaciones
1203 2509 1255 2567 vel
1278 2510 1441 2567 citaciones
1464 2514 1574 2566 contra
1600 2509 1679 2582 ipsos

417 2619 499 2676 cives
522 2625 644 2676 nostros
674 2618 734 2675 huc
763 2617 794 2674 in
825 2616 944 2674 curiam
973 2623 1112 2674 nostram
1142 2615 1305 2688 faciendas
1337 2615 1391 2673 sed
1422 2613 1622 2672 solummodo
1642 2612 1677 2670 ad

416 2727 534 2783 litteras
557 2731 677 2782 nostras
707 2725 807 2797 regias
838 2723 889 2781 vel
921 2723 1040 2780 litteras
1072 2723 1213 2796 magistri
1242 2723 1472 2780 tavarnicorum
1505 2726 1679 2778 nostrorum

417 2831 643 2906 predictorum;
665 2847 752 2888 secus
777 2829 877 2887 facere
900 2845 961 2887 non
984 2828 1130 2886 audentes
1154 2829 1189 2886 in
1208 2829 1374 2902 premissis.
1396 2827 1513 2886 Datum
1538 2829 1569 2885 in
1592 2827 1678 2899 Wys·

417 2937 536 3011 segrad,
560 2935 638 2995 feria
661 2943 772 3010 quarta
795 2937 939 3010 proxima
962 2940 1033 3010 post
1064 2934 1177 2994 festum
1199 2935 1421 2993 penthecostes.
1450 2935 1543 2991 Anno
1567 2933 1679 2991 domini

417 3044 612 3102 lthCCLXX
635 3048 730 3100 sexto

504 3177 643 3244 Originale
663 3178 689 3228 in
709 3179 867 3236 membrana,
887 3176 914 3227 in
932 3192 985 3240 qua
1004 3182 1042 3226 est
1060 3193 1215 3243 appressum
1233 3176 1354 3244 sigillum
1373 3175 1451 3242 regis.
1469 3175 1500 3226 In
1513 3175 1622 3226 archivo
1634 3174 1678 3225 lib.

415 3285 470 3335 reg.
491 3267 561 3318 civit.
581 3267 685 3333 zagrab.

1006 3480 1093 3546 262.

521 3627 596 3674 Anno
619 3625 693 3683 1376,
715 3625 753 3673 16.
774 3622 895 3688 Augusti.
916 3621 1070 3688 Zagrabiae.

422 3755 568 3812 Cambrirm
590 3755 666 3812 tirter
679 3753 842 3828 paredrum
866 3751 1081 3808 novovillanum
1103 3757 1132 3807 et
1144 3751 1263 3824 fratres
1281 3748 1447 3805 fflrcmilas
1465 3747 1499 3804 de
1513 3747 1679 3822 quibusdum

926 3856 1159 3931 possessionibus.

501 4005 686 4075 Demetrius
711 4003 761 4061 dei
784 4009 814 4060 et
839 4002 1012 4076 apostolica
1034 4001 1139 4074 gracia
1162 4000 1327 4074 episcopus
1350 3999 1559 4071 zagrabiensis
1582 4004 1612 4055 et
1634 4012 1679 4054 ca·

415 4112 548 4185 pitulum
573 4110 634 4167 loci
657 4109 803 4167 eiusdem.
825 4109 979 4166 Omnibus
1003 4107 1118 4164 Christi
1141 4105 1289 4163 fidelihus
1313 4119 1439 4179 presens
1469 4105 1623 4178 scriptum
1638 4104 1680 4161 in·

414 4218 565 4290 specturis
589 4218 730 4287 salutem,
753 4216 785 4272 in
809 4215 917 4272 salutis
940 4215 1096 4286 largitore.
1126 4210 1228 4284 Sagax
1251 4212 1385 4269 humane
1406 4215 1516 4268 nature
1551 4209 1680 4268 diseccio

415 4324 566 4381 memoria
589 4322 721 4379 hominis
746 4321 899 4378 labilitate
922 4325 1057 4394 pensata,
1093 4335 1131 4376 ne
1152 4334 1201 4375 res
1224 4318 1309 4374 clara
1333 4316 1527 4390 presentibus
1551 4317 1680 4374 obscura

414 4429 561 4488 reddatur
591 4427 711 4498 futuris,
744 4432 960 4502 pragmaturas
983 4427 1158 4483 sancciones
1181 4423 1347 4494 adinvenit,
1371 4429 1406 4479 ut
1428 4421 1680 4479 contrahencium

414 4543 487 4593 vota
510 4535 634 4592 redacta
657 4535 787 4606 longum
803 4539 964 4590 serventur
980 4533 1011 4589 in
1027 4547 1129 4588 evum.
1146 4529 1278 4588 Proinde
1294 4536 1359 4586 tam
1373 4529 1573 4603 presencium
1588 4544 1679 4602 quam

416 4642 591 4699 futurorum
625 4641 736 4697 noticie
767 4639 961 4713 presencium
992 4638 1070 4695 serie
1101 4638 1248 4694 volumus
1274 4635 1344 4693 fieri
1365 4633 1576 4706 manifestum,
1598 4633 1678 4708 quod

416 4748 587 4805 constitutis
611 4747 641 4804 in
667 4752 772 4804 nostra
795 4745 953 4819 presencia
975 4745 1044 4802 viro
1068 4744 1200 4802 discreto
1223 4743 1372 4815 magistro
1405 4741 1578 4814 Mychaele,
1602 4741 1680 4799 dicte

416 4854 543 4911 ecclesie
575 4859 678 4910 nostre
709 4853 855 4910 canonico
885 4867 920 4909 ac
946 4852 1082 4925 plebano
1105 4849 1231 4907 ecclesie
1254 4849 1350 4906 sancti
1372 4847 1522 4930 Johannis
1548 4847 1680 4922 baptiste

417 4967 447 5018 et
477 4962 579 5035 plebis
610 4961 649 5018 de
678 4974 760 5018 nova
789 4959 868 5017 villa
898 4959 1027 5032 capituli
1058 4959 1099 5014 ab
1126 4972 1195 5029 una,
1220 4961 1308 5030 parte
1330 4969 1405 5013 vero
1428 4955 1469 5012 ab
1493 4954 1592 5012 altera
1615 4953 1679 5011 viro
