3824 5806
416 551 480 610 400
838 535 911 594 Doc.
934 547 1003 614 415.
1031 569 1067 579 -
1093 536 1150 594 An.
1175 549 1266 614 1399.

414 730 481 788 vice
505 737 535 788 et
562 732 593 790 in
625 733 765 806 personis
795 733 913 804 iudicis,
945 735 1118 792 iuratorum
1149 741 1180 792 et
1210 737 1427 794 universorum
1457 737 1573 796 civium
1601 737 1685 796 dicte

414 837 547 894 civitatis
572 839 685 896 montis
709 837 894 897 Grechensis
917 841 1007 898 nobis
1031 856 1088 914 per
1111 840 1241 900 modum
1257 842 1491 915 protestacionis
1514 848 1544 900 et
1567 843 1682 900 inhibi·

414 943 509 1000 cionis
533 943 706 1016 significare
738 946 868 1015 curavit,
899 945 1058 1018 quomodo
1089 947 1229 1020 magistri
1262 948 1447 1007 Laurencius
1470 955 1500 1006 et
1524 948 1679 1016 Nicotaus,

414 1049 471 1107 filii
495 1049 645 1122 Nicholai,
671 1051 745 1110 dicti
765 1051 877 1124 Thotb,
902 1051 940 1108 de
956 1051 1155 1124 Zomzeduar‚
1181 1053 1219 1110 ad
1245 1053 1397 1127 quasdam
1420 1055 1513 1112 villas
1535 1055 1615 1112 dicte
1638 1055 1681 1112 ci-

414 1155 518 1213 vitatis
543 1155 713 1228 Petronius,
731 1158 870 1216 Hrascha
893 1165 923 1215 et
945 1157 1146 1232 Silyakouina
1169 1165 1359 1233 nuncupatas
1379 1160 1538 1233 veniendo,
1555 1161 1681 1219 easdem

412 1278 471 1336 pro
494 1279 526 1320 se
550 1264 626 1338 ipsis
649 1264 751 1322 minus
776 1265 854 1323 iuste
878 1271 908 1323 et
931 1265 1067 1324 indebite
1090 1281 1198 1338 ymmo
1221 1267 1438 1340 potencialiter
1468 1273 1678 1341 occupassent,

412 1375 638 1444 occupatasque
662 1370 834 1450 detinerent
856 1376 886 1429 et
910 1371 949 1429 de
980 1371 1097 1430 eisdem
1128 1377 1295 1443 uterentur,
1327 1371 1443 1430 tructus
1468 1380 1498 1430 et
1521 1374 1679 1446 quoslibet

413 1481 581 1548 proventus
604 1477 743 1550 ipsarum
768 1492 825 1552 pro
849 1493 881 1535 se
905 1477 1104 1552 percipiendo
1128 1484 1157 1534 et
1180 1479 1299 1553 percipi
1315 1477 1466 1548 iaciendo
1489 1479 1615 1552 propria
1633 1480 1680 1552 ip-

411 1597 516 1640 sorum
543 1585 685 1656 potencia
708 1584 871 1656 mediante,
896 1585 925 1642 in
951 1584 1158 1660 preiudicium
1182 1585 1336 1642 dictorum
1364 1585 1481 1656 iudicis,
1506 1587 1677 1642 iuratorum

411 1704 446 1746 ac
470 1690 686 1747 universorum
711 1691 827 1748 civium
850 1691 1027 1764 supradicte
1050 1691 1192 1749 civitatis.
1211 1690 1300 1750 Unde
1316 1689 1397 1749 facta
1413 1690 1588 1748 huiusmodi
1605 1707 1679 1764 pro-

414 1795 586 1866 testacione,
620 1796 758 1871 prefatus
793 1796 967 1871 Stephanus
1003 1798 1155 1855 litteratus
1190 1813 1246 1855 suo
1280 1803 1310 1855 et
1343 1798 1529 1866 nominibus,
1565 1799 1679 1870 quibus

409 1917 513 1974 supra,
538 1907 725 1960 memoratos
758 1903 922 1976 magistros
953 1904 1156 1962 Laurencium
1189 1909 1218 1961 et
1250 1903 1421 1974 Nicolaum,
1452 1905 1525 1960 item
1549 1903 1678 1976 Stepha-

409 2024 493 2078 num,
518 2008 619 2066 filium
643 2009 717 2067 dicti
742 2011 883 2082 magistri
916 2011 1077 2068 laurencii
1107 2017 1137 2068 et
1168 2009 1356 2080 ladislaum,
1387 2009 1487 2067 filium
1512 2010 1585 2067 dicti
1614 2025 1679 2066 ma·

408 2115 496 2186 gistri
520 2115 648 2186 Nicolai‚
672 2131 789 2173 necnon
821 2116 984 2174 dominum
1014 2117 1225 2176 Cristolorum
1257 2116 1451 2189 prepositum
1479 2115 1517 2172 de
1540 2115 1678 2188 Glogon-

408 2221 473 2290 cba,
499 2221 628 2280 fratrem
652 2221 833 2279 eorumdem
866 2224 1086 2295 magistrorum
1120 2223 1278 2280 Laurencii
1309 2229 1339 2278 et
1369 2221 1487 2278 Nicoiai
1511 2222 1676 2284 uterinum.

407 2327 448 2384 ab
471 2328 676 2402 occupacione
707 2333 738 2385 et
769 2327 947 2388 detencione
979 2329 1131 2386 dictarum
1164 2328 1315 2386 villarum
1339 2327 1510 2396 Petrouina‚
1535 2327 1675 2384 Hrascba

406 2439 437 2492 et
460 2432 660 2506 Silyaltouina
684 2441 713 2492 et
735 2435 814 2491 alios
837 2437 964 2507 quosvis
994 2451 1027 2492 se
1058 2435 1088 2492 in
1119 2434 1243 2492 easdem
1275 2433 1496 2506 quoquomodo
1520 2433 1676 2490 intromis-

406 2541 491 2597 sione
515 2539 604 2598 factis
635 2541 685 2597 vel
717 2540 826 2598 fiendis
857 2541 1018 2614 prohibuit
1050 2539 1289 2598 contradicendo
1320 2545 1350 2596 et
1381 2539 1566 2596 contradixit
1599 2539 1677 2595 inbi-

407 2646 510 2704 bendo
533 2663 638 2706 coram
661 2648 751 2704 uobis
775 2648 952 2705 testimonio
976 2648 1169 2720 presencium
1195 2646 1357 2703 mediante.
1383 2646 1497 2702 Datum
1514 2644 1675 2716 Zagrabie‚

407 2753 500 2810 tercio
524 2752 574 2810 die
598 2752 668 2811 festi
700 2753 868 2810 nativitatis
894 2755 974 2812 beati
997 2755 1145 2836 Johannis
1170 2754 1311 2826 baptiste.
1343 2754 1432 2808 Anno
1459 2751 1577 2808 domini
1602 2752 1673 2807 mil·

406 2860 516 2918 lesimo
539 2859 617 2916 CCC
641 2861 839 2932 nonagesimo
864 2874 953 2918 nono.

495 2976 634 3044 Originale
659 2977 684 3026 in
709 2977 806 3027 charta.
831 2981 854 3026 Α
881 2984 957 3044 tergo
983 2978 1109 3044 impressa
1129 2977 1235 3028 suerunt
1256 2978 1306 3028 tria
1326 2979 1422 3042 sigilla.
1444 2977 1473 3027 In
1497 2977 1606 3026 archivo
1625 2975 1672 3025 lib.

405 3081 459 3131 reg.
485 3065 556 3116 civit.
577 3066 761 3130 zagrabiensis.

841 3295 845 3308 .
996 3244 1079 3310 415.

508 3351 585 3399 Anno
607 3358 680 3412 1399.
704 3357 742 3402 17.
762 3349 885 3414 Augusti.

433 3479 588 3555 johannes
610 3486 713 3536 cuntur
733 3479 794 3535 eccl.
818 3477 935 3551 zagrab.
958 3484 1059 3534 contra
1082 3477 1240 3550 episcopum
1263 3473 1465 3532 Eberhardum
1487 3473 1521 3529 de
1544 3480 1638 3529 rastro

528 3585 655 3643 Medved
673 3581 732 3644 sibi
750 3591 778 3641 et
794 3585 934 3659 familiae
955 3601 1026 3641 suae
1048 3602 1067 3638 a
1090 3602 1156 3656 rege
1177 3583 1333 3640 condonato
1363 3587 1548 3655 protestatur.

490 3731 553 3789 Nos
584 3732 755 3805 capitulum
788 3731 916 3788 ecclesie
947 3730 1090 3787 albensis.
1123 3729 1271 3786 liemorie
1298 3725 1561 3792 commendamus,
1585 3721 1668 3795 quod

401 3838 593 3896 honorabilis
625 3837 683 3908 vir,
714 3836 858 3894 dominus
887 3837 1021 3920 Joannes
1045 3845 1152 3893 cantor
1174 3841 1204 3891 et
1227 3834 1390 3891 eanonicus
1414 3809 1541 3888 ecclesie
1564 3844 1668 3901 zagra-

400 3945 523 4016 biensis,
549 3943 686 4017 predicte
709 3943 917 4015 zagrabiensis
941 3942 1068 3999 ecclesie
1092 3953 1121 3998 et
1145 3941 1243 3997 tocius
1266 3938 1395 4012 capituli
1415 3935 1553 3993 eiusdem
1570 3935 1668 3992 nomi-

400 4051 493 4108 nibus
516 4055 546 4107 et
568 4051 599 4107 in
622 4050 762 4124 personis
783 4064 888 4106 coram
904 4048 994 4106 nobis
1010 4047 1215 4121 personaliter
1230 4042 1449 4117 competendo
1467 4057 1522 4115 per
1537 4039 1667 4097 modum

401 4155 635 4230 protestacionis
647 4161 677 4213 et
693 4155 890 4212 inhibicionis
905 4154 995 4210 nobis
1011 4152 1186 4226 significare
1199 4152 1327 4220 curavit,
1341 4148 1498 4222 quomodo
1510 4146 1666 4204 serenissi-

401 4279 471 4320 mus
494 4263 638 4336 princeps
661 4262 806 4319 dominus
827 4259 1052 4333 sigismundus,
1070 4258 1119 4316 dei
1142 4259 1246 4331 gracia
1261 4273 1316 4313 rex
1340 4255 1505 4326 Hungarie,
1523 4252 1666 4308 dominus

399 4375 503 4426 noster
525 4369 682 4441 graciosus
698 4367 857 4440 quoddam
874 4373 1008 4424 castrum
1028 4365 1146 4422 Medu‘e
1161 4369 1383 4437 nuncupatum,
1400 4360 1437 4418 ad
1456 4358 1539 4432 quod
1555 4357 1664 4416 eadem

398 4475 527 4532 ecclesia
549 4481 579 4532 et
602 4474 776 4548 capitulum
805 4474 1003 4546 zagrabiense
1035 4487 1156 4528 merum
1181 4475 1210 4527 et
1233 4470 1362 4543 plenum
1386 4467 1433 4524 ius
1455 4472 1486 4522 et
1515 4463 1666 4521 litteralia

397 4580 612 4638 efficacissima
635 4581 838 4638 instrumenta
853 4580 969 4636 habere
992 4577 1252 4650 dignoscerentur,
1280 4573 1319 4631 ad
1343 4571 1523 4630 instanciam
1539 4575 1570 4626 et
1585 4569 1663 4642 peti·

397 4689 518 4744 cionem
533 4686 693 4744 reverendi
710 4687 741 4744 in
756 4685 880 4744 Christo
896 4685 993 4758 patris
1009 4691 1040 4740 et
1053 4681 1179 4752 domini,
1195 4679 1312 4737 domini
1327 4675 1507 4745 libemardi,
1523 4673 1663 4732 eiusdem

396 4793 603 4864 zagrabiensis
625 4793 752 4849 ecclesie
776 4791 922 4865 episcopi,
948 4790 1151 4847 Petermanno
1175 4791 1205 4842 et
1221 4785 1386 4853 Herman0,
1404 4782 1568 4855 nepotibus
1585 4779 1664 4855 eius·

396 4898 477 4970 dem,
500 4899 567 4956 iure
589 4903 741 4971 perpetuo
762 4903 792 4954 et
815 4896 974 4970 perennali
998 4893 1186 4962 contulisset,
1210 4891 1240 4948 in
1265 4888 1403 4947 eiusdem
1426 4886 1554 4944 ecclesie
1570 4891 1600 4940 et
1615 4899 1664 4940 ca·

394 5005 484 5077 pituli
504 5003 622 5077 grande
644 5003 850 5076 preludicium
875 5009 906 5059 et
929 5001 1126 5073 derogamen.
1151 4999 1245 5056 Facta
1269 4997 1373 5069 itaque
1396 4991 1573 5052 huiusmodi
1588 5005 1661 5065 pro·
