3600 5804
533 534 605 591 Doc.
628 545 681 611 79.
710 567 745 576 -
772 533 827 590 An.
853 547 939 608 1291.
1334 537 1373 606 67

131 732 240 789 donarit
262 736 290 788 et
313 731 443 789 contulit
466 732 533 788 iure
555 735 707 804 perpetuo
722 731 752 788 in
769 729 852 788 filios
867 730 1006 789 filiomm
1022 730 1243 805 possidendum
1268 746 1374 789 coram

131 839 214 894 nobis.
235 837 270 894 Et
293 838 351 910 ipsi
375 837 538 894 collacioni
561 851 615 894 seu
638 835 800 894 donacioni
823 835 993 908 Ladizlaus‚
1010 836 1094 894 filius
1117 837 1238 894 comitis
1255 836 1375 906 Hodus,

132 957 180 1016 pro
200 959 231 1000 se
251 947 280 999 et
302 957 360 1015 pro
383 942 494 1000 eodem
516 941 634 1010 Hodus
667 947 753 1016 patre
784 956 848 1012 suo,
888 957 923 998 ac
953 943 1102 1014 magister
1125 941 1267 1000 Briccius.
1293 940 1377 998 tilius

132 1047 245 1119 Andree,
268 1053 414 1120 cognatus
438 1047 511 1105 dicti
536 1048 657 1104 comitis
680 1046 796 1118 Hodus
821 1047 966 1104 similiter
988 1061 1093 1104 coram
1116 1047 1206 1104 nobis
1230 1062 1375 1120 persona-

132 1155 191 1211 liter
211 1160 346 1223 astantes‚
371 1169 530 1212 assensum
553 1153 745 1227 prebuerunt
768 1159 797 1210 et
820 1167 1012 1223 consensum,
1036 1151 1180 1224 dicentes
1204 1154 1307 1226 ipsum
1324 1168 1378 1226 pa-

135 1261 232 1318 lacium
254 1261 284 1318 in
306 1261 354 1316 ius
377 1265 407 1317 et
429 1260 653 1332 proprietatem
686 1257 757 1316 dicti
788 1259 929 1329 magistri
960 1257 1048 1316 Pauli
1076 1275 1132 1332 per
1154 1257 1284 1316 modum
1308 1273 1378 1316 con·

134 1366 231 1422 cambii
263 1365 355 1422 fuisse
377 1366 564 1422 revolutum.
589 1364 639 1421 Ad
663 1365 813 1422 maiorem
837 1365 935 1422 eciam
959 1365 1005 1422 rei
1028 1363 1244 1421 certitudinem
1262 1365 1379 1421 litteras

135 1471 195 1528 dicti
216 1471 330 1528 comitis
358 1469 474 1540 Hodus,
498 1471 592 1528 iidem
615 1469 786 1539 Ladizlaus,
809 1469 893 1527 iilius
916 1485 989 1527 suus
1009 1474 1039 1526 et
1068 1470 1215 1542 magister
1235 1468 1378 1539 Briccius,

135 1578 183 1633 sub
203 1577 300 1648 sigillo
337 1577 459 1634 notorio
490 1575 627 1634 eiusdem
658 1576 780 1633 comitis
810 1575 920 1632 Hodus
949 1590 1131 1633 consensum
1162 1581 1192 1632 et
1221 1589 1379 1632 assensum

135 1697 213 1756 super
230 1683 394 1740 donacione
418 1681 557 1756 predicta
580 1690 611 1740 et
633 1683 816 1740 concambio
845 1683 925 1740 inter
956 1683 1060 1756 ipsum
1090 1681 1131 1738 ab
1154 1695 1215 1738 una
1238 1687 1326 1754 parte
1349 1687 1379 1738 et

136 1790 297 1860 magistmm
320 1789 451 1846 Paulum
475 1789 516 1847 ab
539 1788 636 1845 altera
659 1789 856 1858 continentes
888 1793 1103 1862 presentarunt
1126 1789 1157 1845 in
1184 1788 1241 1845 hec
1264 1787 1377 1862 verba3

137 1888 198 1970 (rid.
218 1910 258 1951 nr.
281 1909 328 1968 73.
352 1894 391 1951 de
417 1909 497 1952 anno
522 1886 624 1970 1291).
655 1893 718 1951 Nos
743 1894 846 1966 itaque
869 1893 909 1950 ad
934 1894 1119 1968 peticionem
1142 1897 1173 1951 et
1197 1893 1379 1951 instanciam

138 1997 199 2056 dicti
219 2001 351 2071 magistri
375 2000 463 2057 Pauli
487 2005 516 2056 et
540 1998 672 2058 Gilionis
695 1999 771 2057 civis
794 1998 964 2070 Grecensis,
987 2015 1105 2058 necnon
1129 1999 1249 2056 comitis
1273 1997 1381 2056 Hodus

139 2103 256 2177 sepefati
288 2106 489 2164 donacionem
520 2105 651 2180 predicti
683 2105 794 2178 palacii
824 2121 881 2178 per
909 2106 1012 2179 ipsum
1041 2106 1225 2177 magistrum
1247 2103 1381 2160 Paulum

138 2210 189 2282 ipsi
209 2209 314 2268 Gilioni
336 2211 459 2279 factam,
482 2212 595 2268 nostris
618 2211 794 2284 patentibus
827 2211 938 2268 litteris
962 2209 1107 2284 predictis
1130 2210 1284 2278 Ladizla0,
1314 2207 1380 2266 filio

138 2314 231 2373 Hodus
245 2325 272 2373 et
294 2317 442 2389 magistro
465 2316 590 2386 anceio,
613 2316 817 2388 presentibus,
833 2315 980 2373 duximus
996 2314 1249 2372 confirmandam.
1265 2314 1382 2372 Datum

140 2420 163 2476 in
186 2421 336 2491 Kamamn,
360 2425 391 2479 in
414 2421 576 2494 quindenis
600 2421 683 2478 beati
704 2421 853 2503 johannis
877 2423 1019 2495 baptiste.
1043 2425 1133 2479 Anno
1156 2420 1274 2480 domini
1297 2419 1381 2478 MCC

140 2529 313 2598 nonagesimo
336 2529 447 2601 primo.

212 2643 231 2692 E
248 2651 407 2710 transumpto
426 2645 596 2710 magistratus
615 2645 688 2695 civit.
708 2645 872 2704 Grechensis,
892 2659 959 2695 anno
981 2655 1055 2709 1291.

719 2879 781 2948 79.

227 3021 297 3070 Anno
319 3029 452 3082 1291,11.
473 3018 596 3084 Augusti.
618 3018 771 3084 Zagrabiae.

149 3143 257 3205 Ciuitatis
277 3150 378 3206 montr's
407 3147 578 3206 Grecaensis
599 3147 634 3206 de
650 3147 799 3221 Zagrabia
814 3149 1000 3206 communitas
1014 3149 1109 3222 sugillo
1124 3150 1248 3222 properio
1270 3150 1381 3208 litteras

144 3267 226 3322 omnir,
240 3254 413 3311 detentionem
429 3256 539 3328 palatii
559 3253 673 3312 Gilzom'
686 3255 777 3310 comitr
786 3253 910 3328 sactum,
926 3272 1000 3327 quoe
1014 3255 1175 3327 respiciunt,
1191 3257 1379 3313 transummit.

217 3397 270 3456 Nos
291 3399 479 3457 Katharinus
501 3397 602 3474 major
625 3399 709 3461 ville,
734 3398 848 3456 iudices
872 3403 901 3456 et
925 3399 1100 3470 consiliarii,
1130 3396 1261 3456 scilicet:
1288 3399 1379 3470 Benlr,

145 3498 239 3574 Nicola,
260 3505 386 3575 Puneth‚
409 3504 554 3574 Thomas,
578 3504 733 3578 Rodolph,
757 3505 873 3574 Petrus,
896 3504 993 3587 Jacob
1017 3511 1046 3562 et
1069 3505 1143 3561 luan
1174 3520 1210 3561 ac
1243 3507 1380 3564 universi

146 3605 211 3664 cives
230 3609 263 3667 de
284 3617 389 3668 monte
412 3611 539 3668 Greecb.
564 3609 780 3684 significamus
804 3611 918 3682 quibus
939 3610 1064 3684 expedit
1087 3611 1239 3667 universis
1256 3627 1380 3684 presen-

147 3711 213 3770 cium
232 3732 282 3788 per
304 3723 452 3784 tenorem,
484 3715 566 3788 quod
598 3717 721 3788 Gilyon,
753 3716 911 3789 quondam
943 3717 1044 3774 maior
1073 3716 1149 3773 ville
1176 3725 1289 3786 nostre,
1312 3731 1383 3774 con-

148 3816 209 3874 civis
229 3827 332 3892 noster,
357 3822 476 3878 litteras
499 3823 632 3896 preclari
654 3821 770 3878 domini
801 3823 897 3878 nostri
930 3821 1062 3894 Andree,
1093 3820 1143 3878 dei
1174 3822 1278 3892 gracia
1302 3837 1381 3879 sere-

147 3922 241 3983 nissimi
262 3929 341 4000 regis
365 3929 531 4000 Hungarie‚
555 3934 694 4002 patentes
726 3927 870 3986 videlicet
899 3935 928 3985 et
959 3928 1080 3984 clausas
1111 3928 1251 3984 exhibuit
1285 3928 1383 3995 nobis,

147 4036 258 4089 tenorem
279 4033 458 4092 huiusmodi
482 4035 684 4092 continentes:
708 4029 781 4113 (vid.
805 4049 849 4091 nr.
876 4033 923 4102 78.
949 4033 988 4090 de
1011 4049 1091 4090 anno
1118 4049 1209 4107 1291,
1238 4033 1264 4090 8.
1287 4027 1384 4116 Julii).

148 4130 228 4192 Tenor
247 4146 346 4198 autern
370 4140 546 4198 litterarum
569 4140 754 4211 clausarum,
779 4155 856 4212 quas
880 4139 1024 4197 dominus
1048 4145 1153 4196 noster
1175 4139 1307 4196 illustris
1330 4155 1384 4196 rex

148 4240 220 4296 uobis
239 4245 264 4302 in
287 4245 368 4303 facto
391 4245 501 4302 eodem
524 4244 697 4317 destinavit,
722 4245 793 4303 talis
816 4251 877 4304 est:
902 4241 976 4324 (vid.
1000 4262 1044 4304 nr.
1074 4245 1121 4313 76.
1139 4244 1177 4302 de
1193 4260 1272 4301 anno
1294 4260 1383 4318 1291,

150 4357 187 4401 21.
206 4345 307 4428 martii)
342 4353 492 4409 Exhibuit
516 4353 614 4408 eciam
639 4352 802 4426 proprium
827 4352 1027 4426 privilegium
1058 4351 1221 4408 memorati
1246 4351 1386 4421 magistri

148 4446 218 4507 Pauli
237 4463 262 4514 et
281 4459 400 4515 litteras
423 4473 494 4515 cum
518 4456 655 4515 eiusdem
679 4458 784 4530 sigillo
811 4459 1012 4531 consignatas,
1038 4459 1069 4515 in
1092 4457 1148 4514 hec
1174 4457 1286 4514 verba:
1310 4449 1385 4534 (vid.

146 4569 180 4612 nr·
201 4571 232 4626 11
256 4563 291 4620 de
314 4578 395 4621 anno
422 4580 513 4638 ¹29¹·
542 4577 587 4632 17.
603 4564 697 4646 Junii,
721 4571 750 4621 et
774 4582 817 4622 nr.
844 4579 880 4632 75
910 4563 949 4621 de
971 4579 1051 4621 anno
1079 4555 1181 4638 ¹²91)·
1208 4563 1318 4619 Attulit
1342 4563 1386 4618 in-

149 4672 223 4732 super
243 4677 423 4728 memoratus
447 4669 552 4727 Gilion
576 4669 695 4728 litteras
715 4669 845 4745 predicti
863 4672 966 4728 comiti
984 4669 1099 4740 Hodus
1118 4669 1176 4726 sub
1195 4669 1252 4725 hac
1269 4667 1385 4724 t'orma:

153 4755 211 4837 (vid.
223 4786 260 4828 nr.
272 4788 314 4850 74.
328 4775 367 4832 de
381 4791 460 4832 anno
483 4768 583 4850 1291).
601 4773 745 4834 Ceterum
763 4777 802 4834 ad
819 4780 968 4835 maiorem
985 4779 1029 4834 rei
1046 4775 1260 4834 certitudinem
1274 4779 1303 4832 et
1317 4789 1386 4830 cau-

153 4871 229 4930 telam
246 4880 390 4953 sepefatus
411 4881 516 4938 Gilion
537 4881 654 4938 litteras
675 4883 819 4953 Ladizlai,
837 4883 887 4940 dei
910 4885 1013 4954 gracia
1030 4881 1187 4954 quondam
1203 4881 1286 4952 regis
1302 4879 1387 4936 Hun-

154 4978 221 5045 garie
235 4984 305 5044 clare
317 4987 551 5058 recordacionis,
564 4987 681 5046 domini
697 4990 794 5049 nostri
809 4989 1004 5059 serenissimi,
1018 5003 1094 5062 quas
1112 5003 1205 5061 super
1217 4985 1386 5044 collacione
