3600 5804
555 539 630 596 Dor.
656 549 722 614 174.
743 571 778 578 -
799 537 854 594 An.
879 551 966 613 1339.
1334 554 1368 605 15
1376 553 1392 611 3

143 736 329 810 presencium,
354 737 468 810 quibus
490 736 616 812 expedit
640 737 800 806 universis
825 735 908 808 quod
932 751 987 792 nos
1011 735 1041 792 in
1065 735 1172 806 causis,
1196 750 1273 808 quas
1297 736 1391 792 habe·

141 859 202 900 mus
223 857 291 899 cum
313 843 489 900 honorabili
512 843 649 915 capitulo
672 843 872 914 zagrabiensi‚
896 842 935 899 ad
959 841 1157 899 concordiam
1180 841 1239 899 deo
1270 843 1394 900 volente

143 947 316 1018 devenimus,
340 954 434 1022 prout
456 949 486 1006 in
510 948 622 1006 litteris
645 949 742 1022 ipsius
770 949 898 1021 capituli
930 949 1110 1006 continetur.
1141 947 1282 1021 Quarum
1307 953 1394 1005 tenor

142 1054 176 1111 de
195 1054 286 1111 verbo
309 1053 348 1111 ad
372 1055 504 1112 verbum
529 1055 599 1112 talis
619 1059 679 1112 est:
705 1047 778 1130 (vid.
803 1071 847 1112 nr.
877 1069 945 1122 172.
969 1069 1048 1111 anno
1076 1067 1167 1128 1339,
1194 1052 1241 1110 28.
1266 1047 1394 1128 aprilis).

141 1159 211 1216 Cum
233 1160 324 1232 igitur
346 1159 502 1218 discordia
524 1159 665 1233 predicta
696 1167 725 1217 et
758 1160 820 1217 litis
854 1161 984 1218 materia
1006 1175 1066 1217 non
1090 1161 1193 1218 solum
1217 1160 1316 1231 nobis,
1340 1158 1393 1218 sed

142 1267 227 1322 eciam
251 1267 307 1339 ipsi
330 1267 468 1340 capitulo
500 1282 560 1323 non
595 1266 732 1323 modicas
756 1282 905 1340 expensas
930 1266 1106 1324 induxerint
1129 1273 1159 1323 et
1182 1266 1315 1334 labores,
1339 1281 1395 1322 nos

143 1372 208 1428 talia
228 1370 264 1429 de
287 1377 388 1430 cetero
412 1373 528 1430 evitare
552 1373 718 1446 cupientes,
742 1387 849 1444 ymmo
872 1373 957 1446 ipsos
976 1371 1119 1430 dominos
1143 1371 1181 1429 de
1205 1372 1341 1444 capitulo
1365 1377 1394 1428 et

142 1477 266 1550 singulos
300 1477 490 1536 intendentes
520 1480 637 1536 bonore
666 1494 728 1551 quo
759 1477 845 1535 decet
878 1485 907 1536 et
938 1477 1045 1536 favore
1087 1480 1195 1552 pocius
1223 1477 1394 1552 prevenire,

142 1583 234 1641 omnia
262 1589 291 1640 et
322 1585 445 1656 singula
474 1585 504 1642 in
536 1589 641 1642 tenore
671 1585 846 1642 litterarum
877 1583 952 1642 dicti
983 1584 1111 1657 capituli
1142 1599 1295 1657 expressa,
1319 1587 1394 1653 rata,
1461 1649 1468 1660 ⁸

141 1695 218 1760 grata
239 1697 267 1746 et
289 1689 381 1747 firma
405 1691 556 1748 babemus
579 1697 610 1747 et
633 1690 844 1764 promittimus
867 1689 906 1747 ad
927 1691 1055 1764 plenum
1076 1691 1251 1748 observare.
1270 1689 1302 1746 ln
1319 1704 1395 1762 quo*

141 1810 202 1850 rum
223 1797 360 1853 omniurn
390 1797 614 1870 premissorum
646 1796 855 1854 testimonium
886 1797 1082 1869 presentibus
1113 1795 1254 1868 sigillum
1290 1801 1392 1852 nostre

143 1903 360 1959 communitatis
383 1901 529 1960 duximus
552 1901 780 1976 apponendum.
798 1902 914 1960 Datum
938 1903 968 1960 in
993 1901 1070 1960 festo
1086 1903 1169 1960 beati
1186 1899 1297 1960 Vitalis
1314 1916 1395 1958 mar-

143 2007 207 2064 tin's.
231 2009 318 2064 Anno
341 2008 459 2066 domini
483 2007 682 2065 MCCCXXX
705 2021 793 2065 nono.

220 2124 241 2172 E
258 2123 329 2174 libro
349 2125 477 2176 Statutor.
497 2125 608 2191 capituli
632 2125 736 2190 zagrab.
764 2141 788 2190 p.
808 2125 853 2175 IV.
874 2141 894 2173 c.
910 2125 997 2175 XVII.
1022 2123 1052 2175 ln
1075 2124 1184 2175 archivo
1203 2140 1259 2175 ven.
1280 2139 1335 2190 cap.
1356 2139 1394 2174 za·

141 2212 207 2276 grah.
225 2213 296 2278 Joaa.
316 2213 432 2263 Tkattie.
452 2213 521 2264 Mon.
541 2213 600 2263 hist.
621 2211 699 2279 episc.
719 2214 823 2280 zagrab.
845 2215 896 2264 vol.
917 2213 959 2272 11..
980 2229 1004 2279 p.
1029 2213 1172 2272 136-137.

718 2445 801 2514 174.

236 2591 308 2638 Anno
332 2597 405 2650 1339,
428 2596 466 2636 ll.
487 2587 557 2637 maii.
578 2587 607 2637 In
627 2587 765 2652 Visegrad.

147 2713 259 2772 Thomas
275 2725 451 2790 procurator
479 2717 572 2791 officii
599 2717 798 2774 tavarnr'catus
819 2719 997 2774 concordiam
1020 2720 1094 2774 cr'vcs
1123 2717 1297 2776 Grechenses
1322 2720 1397 2775 mter

300 2831 328 2878 et
348 2831 408 2895 cop.
431 2822 547 2894 zagrab.
571 2823 605 2878 de
626 2823 773 2896 exigendis
793 2823 908 2880 tributis
929 2824 1040 2892 titr'lam,
1064 2803 1220 2898 corfirmat.

222 2965 280 3022 Nos
309 2966 447 3023 Thomas
480 2967 621 3037 voyvoda
654 2968 861 3024 transilvanus
891 2976 920 3025 et
948 2984 1051 3025 comes
1075 2968 1113 3025 de
1137 2968 1242 3026 Zonulr
1265 2985 1300 3026 ac
1325 2985 1395 3042 pro-

144 3082 254 3129 curator
285 3071 380 3130 officii
412 3074 610 3145 magistratus
641 3073 869 3131 tavamicorum
893 3075 1080 3132 serenissimi
1105 3076 1254 3149 principis
1279 3075 1395 3146 Karoli‚

144 3175 187 3232 dei
206 3179 303 3249 gracia
327 3179 422 3235 incliti
447 3180 528 3250 regis
552 3179 716 3251 ilungarie.
740 3181 887 3238 ltemorie
911 3181 1162 3238 commendantes
1182 3181 1394 3254 significamus

143 3290 235 3339 tenore
259 3286 450 3357 presencium
485 3287 599 3358 quibus
622 3285 747 3359 expedit
770 3287 930 3357 universis,
954 3286 1037 3359 quod
1062 3287 1298 3345 honorabilibus
1322 3289 1396 3346 viris

143 3386 257 3445 domino
280 3389 430 3462 Gregorio
455 3393 612 3465 preposito
636 3393 765 3448 ecclesie
792 3393 980 3450 chasmensis
1003 3401 1033 3449 et
1057 3393 1205 3465 magistro
1229 3393 1393 3452 Benedicta

142 3493 344 3552 archidiacono
367 3495 405 3552 de
431 3497 573 3566 Kemluk,
591 3513 648 3572 pro
672 3497 809 3570 capitulo
833 3498 961 3554 ecclesie
983 3499 1191 3570 zagrabiensis
1211 3514 1282 3556 cum
1307 3498 1396 3556 suffi-

146 3599 284 3658 cientibus
320 3603 540 3674 procuratoriis
579 3603 690 3660 litteris
724 3603 863 3660 ciusdem
898 3612 928 3660 et
965 3604 1112 3676 magistro
1144 3605 1293 3687 Johanne‚
1330 3603 1396 3662 filio

146 3705 267 3774 llarlrus,
291 3708 357 3764 cive
380 3709 493 3764 montis
509 3707 671 3766 Grecensis
694 3725 751 3782 pro
775 3709 891 3780 villico,
916 3710 1028 3766 iuratis.
1046 3713 1075 3766 et
1099 3710 1251 3766 universis
1274 3710 1396 3767 civibus

143 3809 177 3867 de
198 3813 300 3871 eadem
324 3829 395 3870 cum
419 3814 529 3872 litteris
552 3816 774 3888 procuratoriis
797 3815 980 3872 eorumdem
1004 3815 1118 3872 civium
1143 3815 1173 3872 in
1194 3815 1312 3872 octavis
1328 3815 1396 3872 festi

146 3916 218 3974 beati
240 3918 363 3992 Georgii
387 3921 531 3992 martiris,
555 3919 594 3977 ad
618 3928 756 3978 nostram
779 3921 958 3978 accedentes
982 3922 1173 3995 presenciam
1191 3921 1398 3978 mediantibus

147 4021 245 4081 litteris
270 4025 429 4097 regalibus
460 4027 688 4098 procuratoriis,
720 4028 895 4085 causalibus
927 4041 1020 4100 super
1047 4025 1236 4099 quibusdam
1260 4027 1398 4084 articulis

143 4141 290 4187 causamm
315 4132 393 4188 inter
417 4133 520 4205 ipsum
544 4132 717 4204 capitulum
741 4140 771 4190 et
794 4133 1024 4206 prenominatos
1052 4133 1135 4190 cives
1159 4132 1278 4190 diucius
1300 4133 1397 4190 venti·

144 4232 206 4290 latis
226 4237 254 4293 in
278 4237 436 4310 presencia
460 4238 543 4310 regie
567 4237 736 4296 maiestatis
760 4239 966 4296 exhibuerunt
989 4239 1079 4296 nobis
1102 4243 1240 4296 tenorem
1264 4237 1396 4296 duarum

144 4338 303 4399 litterarum
334 4344 540 4416 prenominati
572 4344 701 4418 capituli
732 4345 938 4418 zagrabiensis
963 4351 991 4402 et
1015 4345 1076 4402 iam
1102 4344 1256 4402 dictorum
1279 4345 1395 4401 civium

144 4443 328 4506 Grecensium
354 4448 486 4507 formam
519 4453 604 4525 pacis
635 4457 664 4508 et
696 4451 858 4509 concordie
889 4451 1034 4508 unionem
1065 4452 1144 4508 inter
1169 4452 1258 4524 ‘ipsos
1283 4450 1395 4508 iactam

145 4549 327 4624 declarantes,
353 4563 489 4630 petentes
512 4573 568 4615 nos
591 4573 661 4614 cum
685 4557 841 4628 instancia,
861 4565 894 4614 ut
917 4557 1019 4630 ipsam
1048 4557 1278 4614 ordinacionem
1302 4556 1397 4614 ratifi-

145 4671 205 4714 care
227 4669 253 4716 et
276 4669 412 4720 tenorem
430 4664 568 4737 ipsarum
585 4665 758 4721 litterarum
783 4663 821 4720 de
844 4663 942 4720 verbo
964 4662 1002 4720 ad
1026 4663 1159 4720 verbum
1176 4662 1346 4719 rescribere
1368 4669 1397 4719 et

146 4773 238 4823 nostro
260 4769 426 4843 privilegio
442 4777 535 4844 prout
552 4777 657 4828 nostro
673 4770 833 4828 iudiciario
850 4768 954 4826 officio
970 4769 1121 4826 incumbit
1141 4767 1326 4825 confirmare
1343 4767 1394 4825 de·

146 4867 283 4944 beremns,
314 4891 445 4946 quarum
472 4877 644 4934 litterarum
669 4881 756 4933 tenor
780 4876 851 4932 talis
874 4882 934 4932 est:
965 4869 1039 4952 (vid.
1064 4891 1106 4931 nr.
1135 4888 1202 4946 173.
1227 4889 1273 4932 an.
1302 4888 1393 4948 1339,
1483 4897 1486 4904 ’

148 4972 188 5031 28.
209 4972 333 5055 aprilis.)
357 4981 419 5038 Nos
443 4984 537 5056 igitur
561 4984 613 5055 qui
637 4999 675 5039 ex
699 4981 849 5040 beneficio
873 4981 969 5038 nostri
993 4979 1144 5038 iudiciarii
1169 4979 1264 5036 officii
1281 4979 1396 5037 discor·
