3600 5804
348 509 387 578 56
751 507 824 564 Dec.
850 504 898 581 65.
926 541 961 550 —
988 509 1043 564 An.
1068 503 1159 584 1284.

347 708 449 778 gracia
474 705 619 764 duximus
642 706 880 777 concedendum,
904 707 989 780 quod
1017 707 1115 765 banus
1142 705 1304 764 Sclauonie
1326 705 1367 764 ad
1391 722 1520 780 presens
1546 719 1621 764 con-

347 812 470 869 stitutus
493 816 524 869 et
546 810 684 868 eiusdem
707 829 897 870 successores
920 829 1014 886 super
1038 812 1136 871 dictos
1158 811 1242 869 cives
1266 811 1448 869 descensum
1465 826 1528 868 non
1547 826 1623 884 pos·

347 917 407 974 sint
430 934 485 976 nec
510 917 641 974 debeant
664 916 765 976 facere
794 920 973 992 aliqualem,
1004 936 1077 978 curn
1107 919 1217 978 iidem·
1232 919 1315 976 cives
1344 919 1483 992 inopiam
1506 924 1541 974 et
1567 916 1621 974 de·

348 1025 534 1082 strucciones
557 1040 592 1081 ac
614 1027 797 1097 gravamina
827 1027 964 1100 plurima
993 1027 1052 1084 hoc
1083 1025 1269 1084 discriminis
1294 1032 1436 1098 tempore
1460 1025 1521 1082 sint
1548 1041 1623 1098 per-

348 1130 437 1204 pessi.
470 1130 584 1186 Datum
617 1129 710 1200 Bude‚
742 1133 838 1190 tercio
868 1131 918 1190 die
948 1137 1129 1190 octavarum
1158 1131 1327 1190 nativitatis
1363 1130 1490 1189 domini.
1525 1132 1623 1188 Anno

348 1235 487 1293 eiusdem
510 1235 680 1294 MCCLXX
704 1243 821 1296 octavo,
1598 1239 1603 1246 ⁴

438 1372 578 1438 Originale
597 1373 624 1423 in
642 1374 800 1425 membrana.
820 1376 844 1424 A
864 1381 938 1441 tergo
959 1362 1115 1441 impressum
1128 1375 1257 1441 sigillum,
1274 1375 1397 1441 deperiit.
1415 1373 1447 1425 In
1466 1375 1539 1424 arch.
1561 1376 1579 1423 l.
1601 1390 1622 1423 r.

350 1463 398 1512 civ.
419 1462 523 1528 zagrab.

456 1677 505 1726 An.
523 1679 596 1738 1284,
615 1683 638 1731 7.
651 1675 733 1742 Junii.
949 1641 1009 1707 65.

350 1805 508 1862 Ladislaus
532 1806 554 1862 Ι
558 1807 587 1861 V.
610 1807 787 1879 Hrmgarim
809 1813 856 1862 etc.
880 1823 942 1874 rex,
972 1821 1071 1860 areum
1103 1810 1169 1860 ante
1191 1804 1332 1860 ecclesiam
1352 1803 1548 1860 cathedralem
1574 1821 1625 1859 za-

347 1912 431 1985 grab.
454 1912 549 1980 silam,
579 1912 630 1967 nbi
657 1913 728 1968 bani
756 1911 912 1969 Sluueteiae
935 1911 1116 1982 permittente
1142 1910 1258 1982 zagrab.
1281 1911 1407 1983 epescepo
1432 1910 1499 1966 elim
1523 1909 1624 1966 domos

489 2024 518 2073 et
537 2016 695 2074 descensum
718 2017 821 2075 habere
843 2023 1054 2086 coeesnenercmt,
1077 2016 1202 2088 episcopo
1224 2015 1340 2089 eegreb.
1363 2016 1480 2090 confert.

439 2179 603 2237 Ladizlaus
626 2180 676 2238 dei
699 2181 803 2254 gracia
826 2181 992 2252 Hungarie,
1017 2179 1186 2250 Dalmacie,
1211 2179 1347 2248 Croacie‚
1371 2179 1477 2246 Rame‚
1502 2177 1624 2249 Serme,

352 2284 492 2356 Gallicie,
516 2285 709 2358 Lodomerie,
733 2287 888 2357 Comanie,
914 2285 1120 2358 Buigarieque
1143 2301 1205 2343 rex.
1229 2285 1381 2342 Omnibus
1405 2285 1523 2342 Christi
1544 2284 1624 2341 fide·

351 2391 435 2448 libus
459 2397 523 2448 tarn
546 2393 741 2465 presentibus
765 2409 859 2466 quarn
884 2392 995 2450 futuris
1019 2393 1151 2449 salutem
1175 2392 1206 2449 in
1230 2406 1304 2448 vero
1328 2390 1463 2448 salutari.
1486 2389 1536 2446 Ad
1555 2391 1625 2447 uni·

352 2513 513 2554 versorum
537 2498 683 2555 noticiam
706 2500 818 2555 harum
841 2499 919 2556 serie
942 2499 1089 2556 volumus
1113 2497 1284 2571 pervenire,
1309 2495 1393 2569 quod
1416 2511 1487 2553 curn
1505 2495 1625 2553 fundus

352 2603 485 2660 existens
508 2608 577 2660 ante
600 2605 761 2662 ecclesiam
785 2605 881 2662 sancti
903 2606 985 2677 regis
1008 2603 1206 2674 catedralem
1231 2603 1261 2660 in
1285 2618 1347 2675 quo
1367 2603 1439 2659 bani
1456 2601 1625 2660 Sclauonie

353 2708 521 2782 aliquando
544 2725 582 2766 ex
605 2711 808 2784 permissione
838 2711 975 2784 episcopi
1005 2710 1213 2782 zagrabiensis
1243 2709 1353 2766 domos
1384 2714 1414 2764 et
1437 2707 1625 2765 descensum

353 2816 469 2872 habere
500 2823 730 2887 consveverant,
763 2816 856 2874 tuerit
887 2822 917 2873 et
948 2817 987 2874 sit
1017 2817 1113 2890 ipsius
1144 2816 1272 2873 ecclesie
1295 2813 1502 2887 zagrabiensis
1528 2814 1625 2886 pleno

353 2921 420 2978 iure
451 2922 650 2995 proprietatis
673 2937 691 2978 a
714 2921 898 2980 fundacione
929 2922 1056 2978 ecclesie
1079 2921 1238 2990 antedicte,
1263 2927 1293 2977 et
1315 2920 1374 2977 hoc
1397 2927 1500 2977 nostre
1527 2920 1626 2977 maie·

354 3027 424 3084 stati
448 3028 583 3084 constitit
605 3029 698 3101 plena
721 3027 790 3084 fide.
820 3026 884 3085 Nos
907 3045 945 3085 ex
968 3027 1073 3085 debito
1104 3027 1187 3098 regie
1215 3025 1405 3083 celsitudinis
1428 3024 1536 3083 officio
1570 3041 1626 3083 no·

354 3133 451 3189 lentes
482 3133 583 3206 ipsam
615 3135 775 3191 ecclesiam
806 3134 1036 3206 zagrabiensem
1067 3133 1097 3190 in
1129 3131 1237 3188 divino
1267 3131 1361 3201 cultu,
1386 3131 1437 3187 vel
1461 3130 1626 3202 aliquibus

354 3238 417 3294 suis
440 3238 559 3295 iuribus
590 3255 643 3296 seu
675 3237 874 3296 facultatibus
897 3240 928 3296 in
958 3240 1064 3311 aliquo
1092 3237 1231 3308 diminui,
1255 3252 1329 3309 ymo
1352 3237 1486 3294 velimus
1512 3239 1626 3310 pocius

355 3359 393 3400 ex
423 3343 507 3415 regia
538 3344 752 3402 munificencia
782 3337 1008 3422 augmen(tari),
1040 3337 1278 3421 [supradictum]
1309 3341 1442 3399 fundum
1474 3343 1570 3415 plene
1595 3349 1626 3400 et

356 3449 473 3521 integre
497 3450 535 3506 ad
559 3451 673 3508 iustam
696 3452 880 3525 peticionem
903 3451 1090 3509 venerabilis
1113 3451 1211 3524 patris
1229 3449 1435 3522 Thymothey,
1451 3448 1501 3525 dei
1517 3450 1628 3521 gracia

356 3555 493 3628 episcopi
525 3556 740 3628 zagrabiensis,
771 3556 877 3615 dilecti
904 3564 934 3615 et
957 3557 1059 3616 fidelis
1081 3558 1187 3628 nostri,
1211 3551 1295 3634 [sibi]
1319 3555 1545 3614 restituendum
1570 3555 1628 3613 du-

356 3660 458 3718 ximus
491 3667 521 3718 et
554 3662 800 3719 irrevocabiliter
830 3662 1053 3736 possidendum
1083 3665 1133 3735 ita,
1166 3662 1250 3736 quod
1278 3661 1362 3720 idern
1385 3663 1552 3736 episcopus
1578 3677 1628 3720 za·

355 3767 527 3840 grabiensis
557 3769 656 3841 possit
685 3774 715 3825 et
742 3768 853 3826 debeat
875 3769 977 3842 ipsum
1003 3768 1134 3827 fundum
1158 3785 1211 3828 seu
1234 3767 1339 3826 locum
1362 3767 1483 3825 munire
1499 3813 1628 3827 ......

356 3889 414 3948 pro
446 3873 595 3931 fratribus
626 3875 752 3932 ecclesie
783 3891 844 3946 sue,
876 3891 913 3932 ne
944 3879 1074 3948 propter
1107 3877 1293 3932 vacuitatem
1327 3874 1425 3947 ipsius
1456 3875 1541 3930 curie
1575 3875 1627 3931 vel

357 3979 452 4051 fundi,
484 3995 556 4036 cum
587 3980 743 4038 desolatus
775 3987 805 4038 et
834 3997 951 4039 vacuus
981 3983 1164 4039 remanserit
1193 3997 1212 4038 a
1242 3980 1349 4038 decern
1373 3980 1460 4037 annis
1483 3986 1514 4037 et
1537 3980 1628 4048 citra,

356 4086 516 4143 teotonicis
538 4087 591 4143 vel
613 4086 683 4143 aliis
706 4087 838 4144 inimicis
861 4103 914 4144 seu
938 4103 1047 4145 nocere
1074 4087 1251 4144 volentibus
1275 4103 1331 4160 per
1354 4087 1459 4160 ipsum
1481 4086 1553 4142 loco
1578 4101 1627 4143 za·

358 4192 513 4264 grabiensi
536 4191 637 4250 aditus
660 4198 763 4266 pateat
785 4193 825 4250 ad
847 4194 1028 4251 nocendum.
1045 4193 1192 4250 Volentes
1209 4191 1429 4250 nichilominus
1445 4197 1475 4248 et
1490 4191 1630 4248 firmiter

358 4298 570 4371 precipientes,
604 4301 748 4372 quamvis
778 4301 884 4358 nullus
915 4303 1014 4358 banus
1043 4315 1101 4373 pro
1124 4306 1265 4373 tempore
1287 4298 1470 4355 constitutus
1506 4297 1627 4355 dictum

358 4405 540 4477 episcopum
575 4406 805 4478 zagrabiensem
835 4407 887 4464 vel
918 4408 982 4465 eius
1006 4407 1178 4481 capitulum
1202 4407 1324 4463 racione
1348 4399 1513 4478 prescripti
1536 4403 1629 4462 tundi

358 4510 510 4581 molestet,
533 4511 586 4568 vel
609 4516 769 4584 presumat
791 4513 822 4569 in
845 4511 951 4586 aliquo
974 4515 1167 4587 perturbare,
1198 4513 1224 4569 si
1246 4513 1364 4584 regiam
1388 4511 1524 4568 voluerit
1548 4511 1629 4569 effu·

359 4631 431 4689 gere
454 4617 617 4674 ulcionem.
641 4617 675 4674 In
699 4619 785 4674 cuius
810 4620 853 4677 rei
877 4621 1060 4678 memoriam
1090 4627 1119 4677 et
1142 4625 1327 4694 perpetuam
1349 4617 1531 4675 firmitatem
1556 4633 1630 4690 pre-

360 4728 461 4780 sentes
476 4715 557 4801 (con)
566 4725 713 4780 cessimus
727 4725 846 4782 litteras
863 4726 1020 4800 dupplicis
1037 4727 1132 4800 sigilli
1149 4726 1244 4783 nostri
1262 4725 1433 4782 munimine
1453 4723 1629 4781 roboratas.

359 4828 475 4886 Datum
499 4845 556 4902 per
578 4844 688 4886 manus
711 4831 897 4889 venerabilis
920 4833 1018 4905 patris
1041 4832 1169 4903 Thome,
1201 4830 1249 4889 dei
1272 4831 1375 4904 gracia
1399 4829 1538 4903 episcopi
1564 4847 1630 4888 wa·

360 4935 478 5006 ciensis,
500 4935 572 4992 aule
601 4943 705 4993 nostre
737 4936 920 5008 cancellarii,
953 4937 1057 4996 dilecti
1086 4943 1116 4996 et
1138 4937 1241 4996 fidelis
1263 4937 1368 4995 nostri.
1392 4937 1482 4992 Anno
1508 4935 1631 4996 domini
