3824 5806
682 556 755 614 Dec.
775 569 850 632 391.
868 569 944 632 392.
964 589 1001 597 -
1028 556 1082 612 An.
1108 551 1198 631 1396.
1511 571 1572 630 373

737 663 1077 670 ...m—qm..—
1107 663 1174 668 --„.-
1226 663 1233 668 .
1243 663 1249 668 .
1257 664 1574 671 —————-——--

898 749 982 817 391.

414 895 490 943 Anno
512 893 586 956 1396,
608 903 646 952 13.
665 892 790 943 octobris.
809 892 963 958 Zagrabiae.

311 1020 450 1077 Detricus
479 1017 581 1079 Bubek
609 1020 702 1077 banus
724 1021 755 1076 iu
777 1037 866 1077 causa
891 1038 965 1094 quae
994 1020 1028 1076 de
1051 1021 1227 1094 possessione
1253 1020 1403 1095 Hrastlrja
1425 1019 1575 1092 agebatur,

601 1128 752 1184 uminum
779 1126 962 1199 comparendi
975 1125 1113 1200 paritius
1128 1133 1282 1199 prorogat.

397 1271 460 1330 Nos
483 1272 625 1330 Detricus
648 1271 764 1340 Bubelr,
787 1271 874 1343 regni
897 1269 1060 1328 Sclauonie
1082 1270 1188 1327 banus.
1205 1269 1324 1327 Damus
1340 1284 1398 1344 pro
1415 1270 1574 1342 memoria,

308 1375 392 1450 quod
416 1392 548 1448 causam,
572 1393 667 1450 quam
691 1376 792 1448 iudex,
819 1377 919 1448 iurati,
952 1375 1120 1434 consiliarii
1142 1381 1172 1433 et
1193 1377 1331 1434 universi
1354 1376 1438 1434 cives
1461 1377 1575 1434 montis

308 1483 500 1555 Grechensis,
531 1500 588 1559 pro
621 1485 735 1558 quibus
765 1484 877 1542 Gallus
905 1484 1072 1556 Hungarus
1102 1498 1175 1540 cum
1205 1482 1427 1557 procuratoriis
1462 1482 1573 1540 litteris

308 1588 489 1646 eorumdem
521 1589 617 1647 astitit
647 1593 753 1648 contra
780 1588 972 1663 Stephanum
995 1595 1025 1646 et
1048 1587 1238 1659 ladizlaum,
1262 1587 1344 1645 filios
1369 1586 1522 1646 Benedicti
1545 1593 1575 1646 ct

308 1694 504 1767 Gregorium,
537 1695 639 1752 filium
669 1695 839 1768 Mychaelis
870 1694 908 1752 de
938 1693 1031 1765 Odra,
1063 1709 1121 1768 pro
1151 1693 1266 1766 quibus
1296 1691 1467 1764 Ladizlaus,
1502 1709 1573 1752 cum

308 1801 528 1875 procuratoriis
555 1801 666 1859 litteris
689 1802 802 1860 nostris
832 1801 1015 1875 comparuit,
1042 1801 1127 1858 iuxta
1150 1799 1373 1858 continenciam
1397 1799 1574 1859 litterarum

310 1913 484 1964 nostrarum
524 1909 820 1981 prorogatoriarum,
858 1923 951 1981 super
990 1906 1071 1964 tacto
1104 1905 1366 1978 contradiecionis,
1397 1906 1575 1966 statucionis

312 2013 472 2071 cuiusdam
496 2015 706 2088 possessionis,
733 2014 871 2071 Hrascha
895 2019 1010 2084 vocate,
1033 2013 1064 2070 in
1088 2013 1205 2070 octavis
1228 2012 1311 2070 beati
1335 2012 1503 2084 Mychaelis
1526 2029 1574 2071 ar·

311 2119 453 2191 changeli
485 2135 612 2178 movere
642 2121 799 2178 habebant
826 2134 930 2177 coram
959 2119 1058 2191 nobis,
1090 2119 1128 2176 de
1159 2119 1299 2193 parcium
1337 2122 1574 2192 procuratorum

309 2225 468 2282 voluntate
490 2224 530 2282 ad
554 2231 679 2284 octavas
703 2225 772 2284 sesti
797 2227 880 2284 beati
900 2225 1026 2298 Georgii
1051 2225 1195 2296 martiris,
1219 2240 1300 2282 nunc
1317 2230 1470 2297 venturas,
1487 2223 1575 2282 duxi-

310 2345 379 2387 mus
409 2331 648 2404 prorogandam.
681 2332 840 2390 Presentes
870 2337 973 2391 autem
1000 2331 1099 2404 sigilis
1128 2331 1240 2388 nostris
1267 2330 1447 2388 absentibus
1469 2329 1575 2402 sigillo

310 2437 451 2508 magistri
475 2438 599 2495 Martini
630 2437 709 2496 Ders
731 2439 874 2496 vicebani
897 2445 927 2497 et
950 2438 1072 2497 comitis
1095 2437 1192 2494 nostri
1214 2436 1423 2509 zagrabiensis
1446 2435 1575 2494 fecimus

310 2542 490 2614 consignari.
524 2543 640 2601 Datum
664 2544 822 2617 Zagrabie,
853 2551 963 2603 octavo
994 2545 1044 2602 die
1075 2542 1198 2601 termini
1221 2543 1383 2616 prenotati.
1408 2543 1497 2599 Anno
1521 2541 1575 2600 do·

312 2649 388 2706 mini
410 2648 521 2707 MCCC
544 2651 744 2724 nonagesimo
767 2656 861 2710 sextu.

399 2784 540 2850 Originale
560 2785 586 2836 in
605 2785 704 2845 charta,
724 2801 739 2836 a
759 2793 835 2853 tergo
854 2788 996 2854 vestigium
1016 2787 1138 2854 impressi
1151 2786 1244 2853 sigilli.
1257 2786 1287 2836 ln
1300 2783 1370 2836 arcti.
1385 2787 1464 2835 Acad.
1479 2785 1573 2837 Scient.

310 2875 379 2925 Slav.
401 2873 493 2923 merid.

898 3072 987 3138 392.

413 3232 489 3280 Anno
511 3229 585 3291 1396,
608 3239 631 3287 3.
651 3229 806 3280 decembris.
826 3230 979 3296 Zagrabiae.

315 3355 396 3414 Cives
425 3357 599 3416 Grcclunscs
621 3377 716 3414 coram
737 3359 872 3415 Martum
895 3359 984 3428 Ders,
1008 3359 1150 3428 oriebauo,
1172 3365 1387 3432 conqueruntur
1408 3365 1508 3414 contra
1518 3357 1575 3433 Jo-

307 3463 430 3521 hannem
452 3465 487 3522 de
511 3463 609 3535 Zeech,
630 3465 744 3538 eiusque
766 3465 952 3522 castellanum
977 3465 1130 3522 Nicolaum
1154 3465 1243 3533 Heer,
1266 3464 1319 3538 qui
1336 3463 1452 3537 alr'quas
1459 3471 1570 3537 posses-

308 3570 399 3627 siones
421 3571 547 3644 ipsorum
563 3577 656 3628 castro
673 3549 755 3627 Zeliu
771 3571 970 3644 appropriare,
985 3588 1020 3628 ac
1035 3570 1177 3627 duodecim
1192 3570 1266 3628 ciues
1281 3570 1404 3628 detinere
1419 3568 1571 3626 nitebatur.

394 3731 459 3789 Nos
489 3732 636 3804 magister
658 3734 808 3791 Martinus
831 3733 910 3790 Ders
933 3733 1101 3790 vicebanus
1124 3738 1154 3790 et
1176 3748 1280 3790 comes
1299 3731 1513 3804 zagrabiensis‚
1537 3746 1572 3787 ac

307 3837 423 3894 iudices
438 3837 593 3896 nobilium
609 3837 748 3895 eiusdem
764 3839 936 3897 comitatus.
953 3839 1103 3896 Memoris
1119 3837 1381 3907 commendamus,
1402 3835 1487 3909 quod
1503 3851 1573 3892 cum

307 3958 363 4000 nos
385 3942 424 3999 ad
451 3943 615 4000 instantem
639 3945 825 4017 peticionem
849 3944 1055 4017 providorum
1087 3945 1237 4016 virorum,
1261 3942 1379 4013 iudicis,
1403 3943 1576 3999 iuratomm

309 4057 338 4106 et
362 4049 578 4105 universorum
601 4049 718 4106 civium
741 4049 875 4107 civitatis
899 4051 1012 4108 montis
1031 4049 1194 4108 Grecensis
1209 4050 1248 4107 de
1264 4050 1423 4122 Zagrabia,
1441 4049 1575 4119 Petrum,

308 4154 410 4212 filium
434 4152 591 4228 Stephani,
615 4169 712 4212 unum
735 4172 773 4213 ex
796 4156 895 4227 nobis,
917 4156 1034 4214 scilicet
1064 4156 1219 4214 iudicibus
1249 4155 1404 4213 nobilium
1426 4161 1456 4212 et
1479 4155 1576 4227 magi·

308 4267 408 4318 strum
433 4258 597 4316 Nicolaum
622 4261 802 4332 litteratum,
833 4263 1104 4336 prothonotarium
1134 4262 1216 4320 sedis
1238 4261 1446 4335 zagrabiensis
1468 4260 1508 4318 ad
1531 4261 1576 4318 in·

308 4365 473 4439 trascripta
496 4366 673 4440 peragenda
695 4383 767 4424 cum
790 4368 902 4426 litteris
924 4369 1037 4426 nostris
1060 4367 1305 4426 destinassemus.
1325 4366 1464 4425 Tandem
1479 4365 1576 4424 iidem

307 4471 418 4530 exinde
441 4470 480 4528 ad
504 4486 560 4529 nos
583 4473 700 4530 reversi
725 4473 815 4530 nobis
839 4473 1032 4531 concorditer
1056 4473 1235 4545 retulerunt,
1260 4472 1344 4546 quod
1367 4487 1438 4530 cum
1461 4473 1521 4546 ipsi
1545 4472 1575 4530 in

309 4577 387 4635 testo
410 4577 494 4635 beati
518 4577 641 4636 Andree
664 4580 806 4652 apostoli,
831 4579 973 4652 proxime
996 4580 1188 4654 preteritum,
1210 4579 1250 4637 ad
1273 4579 1438 4637 Nicolaum
1458 4577 1576 4636 dictum

309 4683 401 4756 Heer,
425 4682 627 4740 castellanum
653 4684 791 4756 magistri
821 4684 978 4766 Johannis,
1009 4685 1068 4743 filii
1098 4685 1230 4743 condam
1261 4685 1381 4743 Nicolai
1407 4684 1446 4741 de
1468 4683 1575 4756 Zeech,

309 4788 348 4846 de
371 4787 474 4860 Selyn,
499 4789 712 4846 transivissent
734 4795 765 4847 et
787 4789 920 4847 eundem
951 4793 1049 4850 verbo
1081 4796 1186 4850 nostro
1216 4807 1368 4866 supereo
1391 4791 1575 4864 requisitum

310 4895 506 4952 habuissent:
530 4911 585 4952 cur
608 4896 674 4970 ipse
697 4895 848 4969 quasdam
879 4899 1086 4971 possessiones
1116 4897 1298 4955 eorumdem
1333 4897 1449 4955 civium
1472 4896 1576 4954 Petro-

310 5001 383 5058 uina
405 5005 435 5058 et
459 5001 599 5059 Hrascha
622 5007 746 5060 vocatas
769 5017 921 5076 occupare
944 5011 974 5060 et
993 5019 1032 5061 ex
1047 5001 1163 5060 eisdem
1179 5003 1301 5076 aliquos
1320 5001 1456 5060 detinere
1472 5001 1569 5060 vellet
