3600 5804
329 538 401 596 Dor.
427 549 501 611 192.
526 549 594 612 193.
619 549 688 611 194.
716 566 752 575 -
779 533 835 591 An.
859 545 1075 609 1343—1344.
1116 603 1121 610 Ι
1339 529 1397 604 169

142 740 228 798 sentis
251 739 355 812 scripti
381 736 552 812 patrocinio
575 736 697 807 exigere
713 733 941 792 confirmamus.
957 733 1084 802 Datum,
1101 731 1179 802 loco,
1196 728 1246 786 die
1261 732 1291 786 et
1310 743 1398 798 anno,

140 844 324 919 supradictis.

223 961 360 1028 Originale
380 961 407 1010 in
426 961 585 1018 membrana,
602 958 629 1008 in
648 957 757 1008 archivo
776 955 892 1007 civitatis
910 955 1024 1020 zagrab„
1044 969 1077 1003 ex
1097 951 1272 1003 foraminibus
1290 955 1401 1016 apparet

140 1050 252 1114 sigillum
272 1066 304 1100 ex
324 1065 354 1100 ea
372 1048 536 1115 pependisse.

727 1189 810 1255 192.

240 1336 312 1384 Anno
335 1343 408 1394 1343,
429 1342 470 1390 25.
490 1331 611 1397 Augusti.
632 1331 711 1396 Apud
730 1329 831 1379 Villam
850 1343 951 1378 novam.

223 1465 351 1521 Martino
374 1463 513 1532 Wellini,
530 1463 676 1519 canonico
692 1460 896 1533 strigoniensi,
913 1474 929 1514 a
948 1457 1093 1532 pontifice
1110 1455 1269 1512 Clemente
1287 1454 1336 1511 Vl.
1353 1455 1397 1511 in-

144 1571 289 1644 dulgetur,
312 1572 393 1628 utin
410 1571 482 1628 eccl.
498 1569 620 1642 zagrab.
637 1568 852 1626 canonicatum
869 1572 899 1623 et
919 1563 1129 1640 praebendam
1149 1562 1280 1619 retinere
1292 1561 1396 1635 possit.

222 1691 251 1738 Α.
266 1688 387 1738 Theiner.
407 1689 477 1738 Mon.
492 1689 580 1752 Hung.
594 1685 653 1736 hist.
671 1685 691 1735 I.
712 1702 736 1751 p.
750 1685 809 1734 662.

726 1882 809 1948 193.

240 2029 314 2076 Anno
337 2036 411 2086 1343,
435 2027 471 2076 18.
492 2024 655 2090 septembris.
677 2026 755 2089 Apud
775 2023 875 2074 Villam
892 2037 995 2072 novam.

223 2156 311 2214 Petro
346 2155 434 2213 Pauli
469 2153 507 2211 de
542 2155 693 2226 Dubicha,
728 2154 840 2212 clerico
875 2153 1064 2225 zagrabiensi
1097 2167 1115 2208 a
1149 2148 1294 2224 pontifice
1329 2146 1398 2204 Cle-

143 2269 236 2319 mente
259 2263 306 2320 Vl.
333 2259 516 2318 beneficium
541 2261 781 2318 ecclesiasticum
806 2261 939 2334 simplex
963 2257 1128 2317 confertur.

223 2383 252 2429 Α.
271 2380 393 2429 Theiner.
414 2379 482 2429 Mon.
502 2380 591 2444 Hung.
611 2377 670 2429 hist.
691 2377 709 2428 1.
730 2395 755 2444 p.
774 2378 833 2428 662.

723 2576 810 2643 194.

240 2701 313 2749 Anno
336 2709 410 2760 1344,
433 2701 470 2748 18.
491 2699 628 2750 februarii.
649 2701 678 2750 ln
696 2700 835 2766 Viiegrad.

168 2827 318 2885 Concordia
342 2830 418 2885 inter
440 2828 595 2885 Mcolaum
619 2829 723 2885 danum
747 2836 775 2884 et
794 2829 946 2901 ›reagisnos
970 2827 1151 2900 Stephanum
1179 2833 1264 2900 arque
1287 2826 1377 2895 Altus,

231 2935 312 3008 filios
336 2934 406 2990 bani
426 2935 524 2992 Mikic'
541 2935 575 2992 de
596 2935 765 3009 quibusdam
781 2933 1004 3008 possessionibus
1024 2941 1121 2990 mutuo
1144 2932 1298 2990 reddendis.

224 3079 283 3137 Nos
307 3079 453 3137 Nicolaus
476 3081 563 3153 regni
585 3079 742 3153 Hungarie
766 3079 920 3153 palatinus
943 3089 973 3136 et
996 3079 1089 3136 iudex
1112 3077 1332 3144 Comanorum,
1364 3091 1399 3133 ac

146 3181 307 3260 Stephanus
324 3187 472 3259 magister
488 3186 726 3244 lawarnicorum
746 3185 925 3244 excellentis
943 3185 1091 3259 principis
1106 3183 1225 3241 domini
1241 3182 1398 3252 Ludouici‚

146 3289 190 3347 dei
210 3294 308 3364 gracia
333 3293 465 3350 illustris
488 3293 569 3364 regis
592 3292 760 3365 Hungarie‚
783 3307 887 3350 comes
910 3291 1002 3348 castri
1026 3289 1118 3348 ferrei
1133 3295 1163 3348 et
1179 3288 1397 3364 supruniensis.

146 3397 280 3455 liemorie
303 3397 555 3456 commendantes
578 3398 788 3471 significamus
812 3405 916 3456 tenore
933 3397 1126 3471 presencium
1143 3395 1257 3469 quibus
1273 3392 1399 3469 expedit

147 3503 294 3574 universis,
318 3503 401 3577 quod
433 3520 506 3562 cum
535 3519 592 3562 nos
618 3521 751 3562 unacum
774 3503 930 3577 magistris
952 3504 1099 3586 Johanne,
1123 3501 1190 3560 filio
1214 3501 1326 3574 Gyleti‚
1349 3515 1398 3558 co·

146 3607 211 3664 mite
233 3608 269 3666 de
291 3609 447 3681 Thuruch,
471 3610 611 3683 Chylrow
641 3611 810 3668 castellano
833 3609 872 3668 de
902 3609 1050 3682 Feyerkw
1074 3607 1165 3668 etde
1188 3608 1398 3680 Kerezthzegh

147 3719 171 3767 ct
192 3712 314 3787 Chenyk
336 3715 375 3773 de
397 3716 499 3788 Vgud,
523 3717 635 3774 comite
657 3717 891 3791 wesprimiensi,
914 3733 950 3773 ac
966 3715 1035 3773 aliis
1051 3715 1292 3789 quampluribus
1310 3713 1398 3786 regni

147 3818 291 3877 nobilibus
325 3821 362 3879 de
393 3821 520 3896 speciali
554 3827 700 3896 precepto
732 3822 869 3896 predicte
900 3823 982 3894 regie
1005 3821 1173 3878 maiestatis
1196 3819 1236 3878 ad
1260 3820 1344 3894 pacis
1367 3826 1397 3878 et

148 3926 295 3984 concordie
325 3928 471 3984 unionem
502 3928 581 3985 inter
611 3928 812 4002 magnificum
840 3928 944 3985 virum
973 3927 1135 3985 Nicolaum
1159 3929 1276 3984 barrum
1299 3927 1396 3984 tocius

148 4026 296 4090 Sclauonie
318 4034 359 4090 ab
382 4049 444 4091 una
467 4039 497 4092 et
520 4035 685 4106 magistros
708 4033 902 4108 Stephanum
925 4039 954 4091 et
977 4033 1072 4104 Alme,
1088 4033 1170 4091 filios
1187 4032 1298 4106 Mykch
1315 4033 1396 4104 bani,

148 4135 271 4195 eiusdem
302 4140 399 4213 partis
430 4140 527 4197 tocius
558 4139 728 4211 Sclauonie‚
759 4141 829 4198 aule
859 4141 943 4213 regie
978 4141 1100 4210 milites,
1125 4146 1212 4214 parte
1237 4141 1277 4196 ab
1300 4139 1398 4196 altera

149 4239 306 4302 taciendam
336 4244 531 4318 sedissemus,
563 4245 682 4320 prefato
705 4245 834 4306 Nicolao
858 4248 939 4304 bano
962 4248 1002 4304 ab
1026 4263 1086 4304 una
1110 4253 1139 4304 et
1163 4245 1309 4321 predictis
1332 4263 1397 4306 ma-

149 4347 239 4418 gistris
261 4350 416 4425 Stephano
439 4358 470 4409 et
494 4351 588 4424 Akus,
616 4351 690 4410 filiis
714 4353 871 4426 quondam
895 4353 1007 4426 Mykch
1032 4353 1104 4411 bani
1127 4359 1214 4428 parte
1237 4355 1277 4411 ab
1300 4355 1398 4412 altera

150 4467 242 4512 coram
265 4458 352 4516 nobis
376 4459 512 4532 propriis
536 4473 642 4517 eorum
667 4461 697 4516 in
721 4461 860 4533 personis
883 4459 1063 4531 constitutis,
1087 4461 1281 4534 propositum
1298 4461 1399 4519 extitit

150 4573 198 4629 per
227 4563 347 4621 eosdem
379 4566 586 4622 communiter
615 4573 645 4623 et
667 4565 800 4623 relatum
825 4567 996 4624 ministerio
1018 4567 1090 4624 vive
1114 4568 1207 4638 vocis,
1231 4566 1314 4640 quod
1339 4568 1398 4642 ipsi

152 4678 234 4738 super
262 4670 405 4727 omnibus
437 4671 544 4744 causis,
577 4672 704 4744 iniuriis,
740 4671 891 4746 dampnis,
926 4673 1117 4732 nocumentis
1151 4680 1181 4730 et
1214 4674 1398 4745 generaliter

152 4773 326 4842 quibuslibet
341 4776 568 4835 maleficiorum
584 4779 757 4850 generibus
769 4794 887 4837 necnon
899 4779 1157 4853 occupacionibus
1169 4779 1398 4853 possessionum

153 4875 273 4938 indicto
295 4882 409 4940 banatu
433 4884 635 4941 existencium
658 4900 676 4942 a
699 4890 839 4959 tempore
862 4902 923 4960 quo
947 4885 1047 4944 dictus
1064 4861 1208 4944 dominns
1223 4891 1328 4944 noster
1344 4902 1398 4944 rex

153 4983 277 5053 predicto
298 4989 413 5046 honore
437 4990 567 5048 banatus
587 4992 691 5064 ipsum
708 4991 869 5049 dominum
885 4990 1049 5049 Nicolaum
1067 4992 1183 5049 banum
1199 4991 1398 5052 sublimasset
