3600 5804
389 530 448 589 114
799 511 872 567 Doc.
898 524 963 586 133.
990 543 1027 552 -
1053 509 1109 567 An.
1134 463 1232 586 1326,

383 713 470 767 tuam
493 709 647 766 curiosam
669 709 842 780 solerciam,
865 714 1015 782 tuumque
1038 709 1246 768 ministerium
1270 708 1453 778 studiosum,
1477 707 1597 764 honoris
1612 713 1639 764 et

385 815 600 890 prosperitatis
623 815 808 889 multiplicis
831 815 1035 889 spiritualiter
1058 821 1088 872 et
1111 815 1326 889 temporaliter
1349 816 1454 872 votiva
1469 815 1641 888 provenient

385 923 580 980 incrementa.
615 921 726 993 Iugum
754 921 850 994 igitur
881 921 999 978 domini
1034 921 1172 978 humeris
1195 922 1255 978 tuis
1278 921 1460 994 impositum
1482 920 1641 992 suscipiens

384 1034 570 1099 reverenter,
598 1034 628 1086 et
657 1028 746 1086 suavi
768 1029 834 1084 eius
857 1028 943 1085 oneri
969 1027 1130 1084 humiliter
1152 1027 1235 1084 colla
1257 1028 1451 1097 submittens,
1474 1026 1569 1099 ipsius
1598 1041 1640 1082 za-

385 1135 557 1207 gabriensis
584 1135 712 1191 ecclesie
740 1134 895 1192 solicitam
922 1149 1030 1190 curam
1057 1148 1155 1206 geras,
1178 1149 1305 1206 gregem
1329 1133 1518 1190 dominicum
1542 1132 1570 1188 in
1592 1132 1641 1188 illa

386 1245 436 1296 tue
459 1239 622 1312 vigilancie
645 1239 798 1297 creditum
822 1239 962 1296 doctrina
986 1239 1076 1296 verbi
1099 1245 1130 1296 et
1153 1240 1256 1314 operis
1280 1237 1493 1307 informand0;
1509 1238 1550 1294 ita
1565 1235 1641 1309 quod

386 1345 494 1403 eadem
516 1347 723 1419 zagabriensis
747 1345 875 1403 ecclesia
897 1345 1097 1418 gubernatori
1120 1345 1345 1418 circumspecto
1368 1349 1398 1402 et
1421 1343 1578 1400 fructuoso
1593 1341 1640 1399 ad·

386 1453 588 1510 ministratori
610 1451 743 1525 gaudeat
765 1468 797 1508 se
821 1451 1028 1520 commissam,
1052 1466 1088 1508 ac
1110 1451 1191 1508 bone
1214 1450 1297 1508 fame
1320 1456 1369 1508 tue
1393 1449 1471 1508 odor
1490 1466 1528 1506 ex
1544 1448 1642 1506 lauda·

386 1559 504 1616 bilibus
535 1559 595 1616 tuis
625 1559 745 1616 actibus
776 1558 873 1615 lacius
896 1556 1098 1628 diffundatur,
1122 1563 1218 1630 tuque.
1239 1556 1370 1630 proinde
1392 1562 1497 1630 preter
1520 1555 1642 1612 retribu-

385 1665 477 1722 tionis
493 1669 596 1722 eterne
607 1664 765 1737 premium
776 1669 879 1721 nostre
893 1663 1115 1720 benedictionis
1127 1667 1330 1734 augmentum
1342 1677 1377 1720 ac
1389 1661 1471 1719 sedis
1482 1660 1642 1734 apostolice

386 1771 523 1844 graciam
545 1771 672 1827 uberius
695 1770 843 1842 consequi
865 1770 1020 1826 merearis.
1044 1769 1160 1825 Datum
1185 1769 1347 1838 Avinione,
1371 1768 1419 1825 lll.
1444 1767 1512 1824 idus
1541 1766 1641 1823 martii.

386 1875 584 1933 Pontificatus
606 1877 704 1932 nostri
726 1877 817 1932 Anno
839 1874 968 1932 decimo.

475 1981 508 2038 ln
528 1998 552 2039 e.
577 1997 616 2038 m.
647 1979 793 2054 Capitulo
824 1980 1024 2053 zagrabiensi,
1056 1980 1149 2038 Clero
1176 1981 1309 2038 civitatis
1334 1986 1364 2037 et
1387 1979 1517 2038 diocesis
1548 1994 1641 2051 zagra-

387 2088 510 2158 biensis,
534 2086 655 2160 Populo
676 2087 809 2144 civitatis
832 2091 863 2143 et
885 2086 1015 2145 diocesis
1038 2087 1253 2156 zagrabiensis.
1282 2086 1417 2144 Vasallis
1448 2085 1574 2142 ecclesie
1601 2100 1641 2141 za·

387 2194 566 2266 grabiensis.

475 2311 516 2360 Ex
543 2325 596 2376 reg.
625 2309 690 2374 erig.
722 2310 769 2358 An.
799 2309 833 2358 X.
866 2325 931 2360 com.
961 2325 1001 2374 ep.
1034 2317 1109 2371 2741.
1137 2312 1168 2360 A.
1200 2309 1322 2359 Theiner.
1354 2308 1423 2360 Mon.
1455 2307 1515 2357 hist.
1546 2306 1644 2372 zagrab.

387 2401 439 2450 vol.
459 2398 478 2449 l.
498 2416 523 2464 p.
544 2408 601 2460 504.

978 2559 1062 2624 133.

494 2702 570 2750 Anno
593 2700 666 2759 1326,
689 2710 727 2758 15.
747 2698 821 2765 Julii.
841 2698 871 2749 In
890 2699 1029 2764 Viiegrad.

394 2809 515 2868 Carolus
537 2811 713 2883 Hungariac
735 2817 782 2866 etc.
807 2828 869 2878 rex,
886 2810 1076 2882 possessiones
1098 2810 1135 2867 ab
1154 2811 1216 2867 eccl.
1239 2811 1356 2883 zagrab.
1387 2810 1501 2868 tiriustis
1523 2817 1645 2866 contrac-

547 2917 621 2974 tibus
636 2917 788 2986 alr'enatas,
810 2916 867 2988 ipsi
887 2915 977 2985 reddi,
998 2934 1032 2972 ac
1054 2915 1176 2973 decimas
1198 2916 1284 2974 cidem
1307 2917 1389 2986 solui,
1403 2917 1494 2992 jubet.

477 3060 612 3118 Karolus
635 3060 685 3117 dei
707 3059 811 3132 gracia
833 3075 890 3117 rex
912 3060 1078 3133 Hungarie.
1106 3061 1267 3119 Fidelibus
1290 3063 1354 3120 suis
1388 3062 1540 3119 universis
1563 3062 1650 3119 baro·

389 3167 489 3236 nibus,
512 3167 687 3236 comitibus
712 3167 895 3237 castellanis,
920 3165 1108 3225 officialibus
1131 3184 1184 3225 seu
1208 3169 1374 3227 cuiuslibet
1396 3167 1585 3226 condicionis
1599 3168 1651 3224 ho-

389 3273 526 3330 minibus
548 3287 606 3346 per
628 3271 803 3343 dyoecesim
825 3272 1032 3344 zagrabiensis
1048 3273 1176 3331 ecclesie
1192 3275 1373 3346 constitutis
1390 3275 1569 3332 salutemet
1585 3289 1651 3346 gra·

389 3378 477 3435 ciam.
501 3377 551 3433 Ad
573 3377 632 3434 hoc
655 3377 737 3434 enim
759 3377 807 3433 ius
829 3383 945 3446 nature,
970 3377 1054 3450 quod
1077 3381 1159 3452 cepit
1182 3380 1222 3436 ab
1243 3379 1371 3437 exordio
1394 3380 1559 3437 racionalis
1583 3395 1651 3453 pro·

389 3483 455 3553 diit,
478 3482 518 3540 ad
549 3484 635 3540 cuius
666 3484 763 3540 instar
793 3483 877 3555 leges
908 3498 965 3555 per
994 3499 1049 3541 ora
1079 3486 1256 3558 principum
1285 3486 1483 3559 promulgate
1506 3485 1652 3543 divinitus

389 3595 613 3662 processerunt
636 3595 670 3646 ut
693 3604 800 3647 earum
824 3596 909 3645 metu
942 3594 1028 3647 actus
1051 3591 1208 3663 illegitimi
1231 3592 1358 3648 minime
1380 3598 1604 3665 attemptentur
1625 3596 1654 3648 et

390 3696 565 3769 attemptati
588 3696 727 3767 legitime
750 3701 962 3764 retractentur,
993 3701 1023 3753 et
1052 3687 1096 3754 sic
1126 3698 1244 3755 sincera
1271 3691 1455 3770 simplicitas
1478 3698 1603 3756 illibata
1624 3703 1653 3755 et

390 3807 456 3858 tuta
478 3817 496 3858 a
519 3800 681 3858 fraudibus
704 3801 915 3873 malignorum
937 3807 1120 3860 reservetur.
1145 3803 1224 3860 l-linc
1239 3809 1293 3874 est,
1311 3803 1393 3876 quod
1417 3819 1491 3860 cum
1510 3804 1551 3861 ad
1566 3819 1653 3860 aures

389 3913 510 3964 nostras
533 3923 570 3964 ex
593 3907 746 3964 relacione
770 3908 946 3979 pervenerit
965 3909 1184 3980 plurimorum,
1200 3908 1329 3966 indicta
1345 3908 1487 3980 dyoecesi
1503 3909 1652 3981 quosdam

391 4017 564 4070 contractus
587 4029 640 4070 seu
664 4013 868 4070 alienaciones
897 4014 1128 4086 possessionum
1158 4014 1286 4072 ecclesie
1317 4021 1476 4088 prenotate
1507 4015 1600 4073 initos
1626 4021 1653 4071 et

390 4119 454 4176 sine
477 4118 582 4176 debita
604 4119 822 4192 solempnitate
835 4119 910 4176 iuris
926 4119 1100 4176 celebratos
1117 4126 1278 4193 vergentes
1293 4121 1324 4178 in
1340 4120 1538 4193 dispendium
1559 4122 1653 4195 ipsius

391 4225 518 4282 ecclesie
552 4230 717 4296 nostreque
739 4224 930 4282 celsitudinis
953 4233 1058 4282 notam
1089 4241 1150 4282 non
1178 4225 1340 4283 minimam
1367 4227 1526 4298 iacturam,
1551 4229 1579 4285 si
1599 4227 1653 4284 hoc

334 4337 337 4343 '
391 4331 625 4388 conniventibus
648 4331 746 4387 oculis
769 4330 962 4388 voluerimus
993 4333 1189 4404 pertransire,
1214 4347 1285 4389 cum
1308 4347 1364 4389 nos
1386 4333 1453 4390 iure
1476 4337 1653 4406 patronatus

391 4442 421 4494 et
444 4435 548 4492 debito
572 4434 757 4493 defensionis
781 4442 905 4494 cunctas
929 4437 1072 4495 ecclesias
1088 4439 1175 4510 regni
1191 4439 1287 4495 nostri
1310 4439 1531 4510 contingamus.
1548 4441 1653 4498 Vestre

391 4541 534 4599 fidelitati
556 4543 747 4615 precipimus
778 4542 910 4600 firmiter
939 4559 997 4616 per
1027 4551 1191 4616 presentes,
1220 4551 1370 4616 quatenus
1393 4546 1418 4602 si
1442 4548 1583 4620 prelatus
1604 4550 1653 4604 aut

391 4663 561 4720 yconomus
584 4649 711 4705 ecclesie
732 4653 892 4722 pretaxate
922 4650 1005 4723 apud
1038 4651 1202 4724 quospiam
1233 4651 1311 4708 tales
1335 4653 1544 4724 possessiones
1568 4667 1649 4725 repe

391 4755 466 4812 rerit
488 4755 539 4810 vel
563 4755 713 4812 invenerit
736 4755 773 4812 ad
799 4755 971 4813 dominium
994 4757 1130 4828 ecclesie,
1154 4757 1263 4830 previa
1285 4758 1413 4831 iusticia,
1436 4760 1548 4818 debeat
1564 4773 1651 4818 revo-

391 4876 469 4932 care,
501 4861 651 4935 presentis
681 4863 778 4918 nostri
812 4862 951 4920 mandati
989 4864 1171 4921 auctoritate
1202 4863 1364 4936 mediante,
1396 4866 1599 4940 suffragantes
1623 4871 1650 4919 et

391 4965 609 5025 coadjuvantes
632 4966 672 5024 ad
705 4967 764 5025 hoc
787 4968 888 5041 ipsam
911 4969 1073 5026 ecclesiam
1095 4969 1211 5028 auxilio
1239 4971 1372 5045 benigno
1396 4977 1426 5029 et
1448 4974 1556 5033 favore
1577 4973 1648 5030 sicut
