3728 5806
797 561 869 618 Dec.
888 556 965 637 308.
993 593 1029 602 -—
1056 561 1111 617 Aa.
1139 556 1227 635 1580.

816 665 1023 672 --.-—-..-——-
1034 665 1223 670 —--.—-
1441 665 1645 672 -——,

382 759 577 816 ordinacione
602 759 764 832 propriam
788 757 949 814 dumtaxat
972 758 1104 814 salutem
1128 757 1248 813 ambire
1273 757 1443 826 videamur,
1466 757 1504 814 de
1519 758 1646 814 consilio

384 865 611 940 sepedictorum
636 863 836 921 dominorum
861 863 992 920 fratrum
1015 868 1192 920 nostrorum
1216 863 1307 920 huius
1323 870 1426 920 nostre
1443 863 1646 920 ordinacionis

383 978 412 1027 et
429 972 568 1044 ipsarum
584 969 824 1026 kalendenarum
844 976 993 1042 perpetue
1011 941 1240 1026 observacionis
1257 969 1377 1040 largam
1401 969 1467 1026 fore
1490 969 1647 1042 cupientes

382 1077 631 1148 ampliacionem,
657 1077 820 1133 statuimus
844 1075 1028 1145 ordinantes,
1052 1073 1134 1147 quod
1159 1075 1274 1131 nemini
1296 1075 1395 1132 nobili
1422 1074 1567 1131 videlicet
1594 1079 1647 1130 aut

383 1182 521 1253 ignobili,
545 1181 634 1238 diviti
658 1181 709 1237 vel
732 1182 870 1255 pauperi,
887 1182 951 1238 seni
968 1187 1020 1238 aut
1037 1181 1140 1238 iuveni
1157 1180 1274 1237 dictum
1296 1181 1490 1238 consorcium
1507 1185 1646 1238 nestrum

383 1293 413 1343 et
437 1287 566 1343 fratrum
591 1293 767 1344 nostrorum
801 1288 915 1344 intrare
946 1287 1063 1344 volenti
1093 1285 1194 1343 aditus
1226 1286 1447 1359 quoquomodo
1471 1286 1645 1358 denegetur,

383 1392 435 1449 sed
460 1393 605 1449 omnibus
628 1401 658 1448 et
681 1393 874 1464 quibuslibet
897 1392 1116 1462 indifferenter,
1148 1407 1226 1464 quos
1257 1408 1313 1449 nec
1336 1398 1400 1448 etas
1424 1391 1567 1449 excludat
1590 1407 1646 1448 nec

382 1514 473 1554 sexus
497 1497 638 1554 distincio
662 1499 786 1568 evallat,
812 1498 866 1554 sed
888 1514 944 1555 nec
969 1505 1135 1571 paupertas
1158 1503 1211 1554 aut
1234 1498 1340 1570 inopia
1361 1497 1515 1570 repellere
1536 1497 1647 1564 valeat,

383 1606 479 1677 ipsius
502 1604 651 1661 consorcii
673 1603 765 1679 janue
788 1605 931 1662 introitus
955 1604 1097 1678 patefiat;
1126 1605 1184 1662 hiis
1208 1611 1311 1661 tamen
1334 1605 1475 1673 exclusis
1499 1604 1552 1676 qui
1578 1603 1647 1660 infi-

383 1711 468 1768 deles
492 1711 543 1767 vel
567 1715 654 1767 extra
677 1711 832 1782 gremium
856 1711 984 1768 ecclesie
1000 1709 1066 1767 fore
1083 1689 1277 1779 viderentur;
1301 1711 1358 1766 boc
1382 1710 1546 1779 declarat0,
1563 1709 1646 1782 quod

383 1817 516 1888 quilibet
538 1816 652 1872 intrare
676 1815 814 1872 volentes
837 1817 917 1873 hanc
940 1817 1126 1886 societatem,
1160 1821 1264 1873 utrum
1295 1816 1385 1872 nobis
1408 1823 1461 1872 aut
1484 1815 1573 1873 dictis
1592 1815 1647 1871 do

383 1923 475 1978 minis
499 1921 647 1978 fratribus
670 1922 782 1978 nostris
810 1922 841 1978 in
873 1921 1021 1994 dignitate
1052 1921 1162 1995 positis
1192 1922 1243 1978 vel
1275 1921 1429 1978 canonicis
1452 1921 1648 1994 simplicibus

383 2029 499 2084 similes
523 2027 583 2084 sint
606 2043 663 2100 per
686 2026 803 2084 dictum
829 2027 990 2084 dominum
1014 2027 1163 2085 decanum
1192 2033 1298 2084 nostro
1321 2026 1359 2083 ad
1385 2027 1417 2084 id
1440 2032 1470 2084 et
1492 2026 1648 2084 dictorum

383 2133 514 2191 fratrum
536 2139 712 2189 nostrorum
737 2133 865 2190 consilio
890 2139 920 2190 et
943 2149 1066 2190 assensu
1091 2131 1253 2190 accedente
1283 2131 1323 2188 ad
1350 2132 1544 2189 consimilem
1568 2148 1645 2206 quo-

382 2241 531 2296 rumlibet
561 2244 738 2296 nostrorum
768 2240 1031 2297 contribucionem
1062 2256 1120 2313 per
1149 2240 1233 2312 ipsos
1265 2238 1436 2296 faciendam
1472 2238 1647 2296 iudicentur

383 2353 413 2403 et
436 2344 604 2403 secundum
629 2359 737 2402 eorum
761 2344 938 2402 facultatem
962 2345 1001 2402 ad
1025 2347 1177 2419 premissa
1208 2344 1415 2418 persolvenda
1438 2344 1647 2402 moderentur,

382 2453 550 2509 Censemus
572 2449 792 2508 nichilominus
815 2451 1012 2508 statuendum
1029 2459 1059 2508 et
1075 2451 1234 2524 perpetuis
1250 2451 1444 2524 temporibus
1468 2452 1646 2508 inconcusse

382 2555 621 2625 observandum,
645 2560 680 2612 ut
703 2555 891 2628 quicumque
915 2573 952 2613 ex
975 2557 1073 2628 nobis,
1107 2556 1139 2614 id
1163 2561 1208 2614 est
1234 2573 1272 2613 ex
1296 2556 1375 2613 dicte
1398 2557 1649 2628 congregacionis

382 2663 524 2718 societate
547 2661 682 2718 cuiusvis
705 2667 802 2718 status
834 2667 863 2718 et
889 2678 981 2718 sexus
1011 2665 1130 2734 existat,
1162 2662 1324 2719 decesserit
1352 2663 1392 2718 ab
1427 2664 1484 2719 hac
1508 2663 1583 2732 luce,
1607 2662 1648 2719 ad

382 2769 473 2825 funus
498 2768 576 2838 talis,
601 2767 734 2840 quilibet
757 2767 889 2824 fratrum
920 2776 1097 2826 nostrorum
1121 2775 1150 2824 et
1174 2769 1327 2825 sociorum
1352 2784 1423 2824 curn
1452 2769 1594 2824 crucibus
1617 2775 1648 2824 et

381 2876 451 2932 aliis
473 2874 675 2947 apparatibus
698 2874 913 2930 convenienter
935 2889 1117 2932 concurrere
1140 2880 1170 2932 et
1193 2875 1297 2947 ipsum
1321 2874 1411 2930 funus
1428 2874 1571 2931 candelas
1591 2891 1645 2931 seu

382 2996 486 3038 cereos
511 2979 747 3037 kalandinarum
770 2979 912 3037 ardentes
934 2981 964 3037 in
989 2981 1131 3037 manibus
1151 2986 1304 3052 gestantes
1326 2981 1468 3052 usquein
1485 2981 1648 3036 ecclesiam

382 3088 435 3144 ubi
459 3085 552 3143 fuerit
575 3092 655 3142 terre
677 3086 797 3157 gremio
820 3085 1101 3144 commendandum
1125 3102 1197 3143 cum
1220 3093 1327 3143 cantus
1348 3087 1542 3143 lamentabili
1558 3101 1648 3144 sono

382 3193 507 3250 rositate
531 3191 642 3248 devote
665 3191 816 3248 deducere
839 3199 931 3264 atque
960 3191 1133 3266 deportare,
1165 3193 1271 3264 ibique
1305 3192 1438 3264 quilibet
1462 3191 1592 3248 fratrum
1616 3199 1648 3248 et

382 3299 536 3356 sociorum
560 3297 651 3354 huius
674 3297 826 3354 societatis
848 3313 942 3354 unam
966 3298 1128 3355 candelam
1152 3314 1221 3355 cum
1254 3297 1381 3355 denario
1406 3298 1507 3354 usuali
1530 3297 1647 3355 decano

382 3404 456 3461 dare
479 3409 508 3460 et
531 3403 627 3459 offere
651 3403 805 3460 tenebitur
827 3418 886 3476 pro
909 3403 1012 3460 anima
1036 3405 1132 3478 ipsius
1161 3402 1298 3461 defuncti
1321 3403 1359 3460 ad
1383 3405 1493 3461 missas
1516 3403 1647 3460 offeren-

383 3509 454 3578 das;
477 3508 596 3566 ibidem
619 3509 718 3565 eciam
741 3509 842 3564 omnis
865 3509 956 3566 huius
980 3510 1129 3566 consorcii
1153 3508 1315 3580 confrater,
1338 3508 1523 3566 sacerdotali
1548 3508 1648 3580 digni·

382 3621 444 3672 tate
467 3613 655 3688 prefulgens
678 3619 731 3671 aut
754 3615 880 3671 missam
904 3630 1029 3688 semper
1044 3615 1145 3672 dicere
1160 3620 1213 3671 aut
1230 3615 1330 3688 ipsam
1347 3615 1510 3672 collectam
1534 3615 1646 3686 viginti

382 3721 579 3778 denariorum
603 3719 697 3777 modo
728 3721 881 3778 consimili
912 3726 942 3777 et
972 3720 1133 3778 candelam
1157 3737 1229 3777 curn
1261 3720 1387 3778 denario
1415 3721 1569 3778 tenebitur
1591 3721 1644 3777 de-

381 3841 457 3883 cano
480 3827 650 3898 assignare;
674 3826 700 3882 is
722 3831 834 3896 autem,
859 3827 912 3898 qui
936 3825 974 3883 de
997 3825 1079 3883 dicto
1103 3827 1261 3884 consorcio
1284 3827 1414 3884 clericus
1430 3826 1530 3898 fuerit,
1551 3842 1646 3900 super

382 3930 545 4003 quodlibet
568 3929 659 3986 funus
682 3929 819 3987 defuncti
842 3947 937 3987 uuum
962 3932 1145 4004 psalterium
1176 3933 1279 4005 legere
1310 3933 1472 4003 tenebitur,
1496 3933 1536 3989 ab
1560 3933 1646 3990 omni

381 4043 484 4094 tamen
509 4036 597 4093 dacio
620 4041 649 4093 et
672 4036 831 4094 offertorio
855 4037 913 4093 erit
936 4053 1059 4112 semper
1082 4043 1290 4112 supportatus.
1319 4039 1415 4096 Porro
1437 4039 1584 4096 volumus
1616 4045 1647 4096 et

382 4143 420 4199 de
443 4149 564 4199 maturo
588 4143 717 4199 consilio
739 4142 893 4200 dictorum
915 4142 1112 4201 dominorum
1136 4143 1270 4201 fratrum
1286 4150 1461 4202 nostrorum
1486 4144 1648 4201 sanximus

381 4247 620 4319 observandum,
638 4246 721 4320 quod
744 4248 882 4320 quelibet
906 4250 1113 4321 possessiones
1136 4250 1187 4306 vel
1205 4249 1325 4313 domus.
1341 4251 1433 4320 curie,
1449 4251 1546 4320 vinee,
1564 4256 1648 4306 terre

382 4353 516 4410 arabiles
539 4359 592 4409 aut
616 4369 810 4425 quecumque
834 4355 894 4410 alie
918 4355 1054 4411 cuiusvis
1077 4355 1211 4412 nominis
1228 4355 1383 4412 vocabulo
1398 4355 1572 4412 vocitentur
1587 4371 1648 4430 pro

382 4459 463 4516 dicta
487 4459 664 4516 huiusmodi
687 4458 924 4517 kalandinarum
947 4461 1079 4518 utilitate
1102 4477 1155 4518 seu
1178 4462 1390 4519 celebracione
1413 4479 1470 4536 per
1492 4478 1647 4535 quoscun-

382 4581 442 4638 que
466 4565 619 4636 darentur,
644 4565 831 4623 donarentur
854 4583 907 4624 seu
932 4567 1108 4639 legarentur
1129 4575 1182 4624 aut
1203 4569 1314 4640 quovis
1344 4569 1407 4625 alio
1436 4569 1530 4626 modo
1553 4584 1648 4642 apro-

382 4671 565 4743 priarentur,
597 4672 685 4729 nullo
717 4671 819 4743 modo,
851 4673 1002 4745 nulloque
1032 4673 1136 4730 colore
1166 4673 1340 4744 adinvento,
1372 4675 1491 4748 possint
1521 4675 1649 4734 adicta

382 4777 533 4846 societate,
558 4776 708 4834 kalandus
732 4778 820 4848 dicta,
846 4778 937 4836 vendi
960 4779 1026 4836 sive
1049 4779 1185 4848 alienari,
1208 4779 1262 4836 sed
1285 4795 1344 4852 pro
1360 4781 1457 4854 ipsius
1473 4780 1573 4837 dantis
1589 4797 1647 4839 seu

382 4882 524 4939 donantis
547 4882 628 4956 apud
654 4883 772 4941 dictum
794 4883 946 4942 kalandus
969 4891 999 4941 et
1023 4886 1087 4943 eius
1111 4885 1261 4942 decanum
1289 4901 1347 4958 pro
1371 4891 1510 4958 tempore
1534 4888 1650 4944 consti-

381 4988 530 5048 tuendum
554 5005 677 5062 semper
700 4989 831 5046 debeant
853 5005 1020 5062 remanere,
1044 4991 1172 5065 dempto
1187 4997 1290 5048 tamen
1312 5006 1356 5063 e0,
1380 4993 1406 5049 si
1430 4993 1568 5065 aliquam
1589 4993 1650 5056 hu·
