3600 5804
560 535 631 592 Doc.
654 529 708 607 96.
735 567 771 575 -
799 531 854 590 Au.
877 527 968 608 1308.
1359 535 1395 592 81

152 735 261 792 ecclesie
291 739 319 790 et
350 749 407 806 pro
438 733 567 790 ecclesia
599 737 818 802 constructum,
846 731 885 789 de
918 731 1000 802 regis
1036 731 1108 788 Bele
1142 731 1337 804 beneplacito
1368 735 1398 786 et

151 856 258 898 assensu
287 840 491 911 zagrabiensis
515 840 651 913 episcopi
675 843 705 896 et
728 837 855 896 ecclesie
879 837 944 895 sore
979 836 1170 910 dignoscitur
1201 837 1293 911 pleno
1322 837 1397 894 iure.

151 945 228 1019 Quod
248 961 265 1002 a
287 945 471 1018 quibusdam
496 945 690 1020 temporibus
711 961 769 1019 per
791 960 917 1002 manum
936 944 1079 1002 laicalem
1096 946 1253 1014 transiens,
1271 942 1395 1001 tandem

152 1053 183 1109 ad
213 1053 340 1109 Marcum
375 1051 567 1110 sacerdotem
599 1051 637 1108 de
668 1052 816 1111 Veneciis.
855 1051 991 1110 eiusdem
1030 1052 1156 1109 ecclesie
1191 1050 1398 1123 zagrabiensis

152 1158 312 1214 canonicum
343 1157 443 1214 extitit
474 1156 664 1214 devolutum.
696 1157 804 1214 Dictus
834 1173 908 1214 vero
942 1158 1070 1226 Marcus,
1101 1156 1149 1213 dei
1175 1157 1285 1214 timore
1317 1159 1400 1229 post·

152 1263 246 1336 posito,
268 1263 365 1320 vietus
388 1262 564 1336 cupiditate,
589 1263 672 1320 idem
694 1267 830 1321 castrum
865 1269 989 1336 accepta
1014 1263 1151 1336 pecunia,
1175 1261 1319 1335 potestati
1343 1266 1403 1318 tra·

152 1367 219 1426 didit
239 1369 365 1426 seculari
399 1370 429 1426 in
453 1367 591 1426 eiusdem
614 1369 741 1426 ecclesie
770 1385 917 1442 magnum
939 1368 1146 1443 preludicium
1170 1375 1199 1425 et
1222 1382 1398 1440 gravamen.

153 1475 220 1532 Cum
242 1475 331 1546 igitur
362 1475 410 1532 his
441 1475 471 1532 in
503 1474 644 1548 partibus
676 1489 804 1548 eaque
830 1474 974 1546 diximus,
998 1479 1062 1532 tam
1085 1473 1248 1531 manitesta
1272 1475 1400 1531 veritate

154 1585 269 1654 pateant,
291 1587 323 1638 ut
345 1583 389 1638 eis
409 1579 576 1638 contradici
607 1595 667 1637 non
700 1581 806 1655 possit,
831 1597 980 1655 oppresse
1004 1596 1060 1654 per
1083 1581 1141 1638 boc
1165 1580 1279 1651 ingenti
1303 1580 1398 1637 servi-

154 1692 207 1742 tute
234 1685 364 1756 ecclesie,
398 1701 458 1760 que
489 1686 606 1744 cunctis
634 1686 783 1758 invigilat,
812 1693 914 1744 vestra
936 1685 1080 1758 dignetur
1103 1686 1201 1760 pietas
1226 1684 1398 1760 providere.

155 1790 253 1848 Datum
292 1790 374 1848 Bude
405 1791 492 1862 VIII,
532 1789 591 1848 lral.
622 1791 705 1874 Julii
731 1791 928 1850 PontIficatus
963 1791 1081 1848 domini
1115 1789 1283 1848 Clementis
1320 1804 1401 1864 pape

156 1897 248 1968 quinti,
270 1912 348 1954 anno
372 1903 491 1971 quarto.

230 2048 257 2098 Iu
275 2051 383 2100 archivo
403 2049 592 2114 archiepiscop.
613 2051 717 2114 zagrab.
739 2049 850 2100 Krdelid.
872 2050 940 2100 IIist.
960 2052 1021 2100 eccl.
1051 2050 1154 2114 zagrab.
1175 2067 1199 2115 p.
1221 2057 1260 2104 70.
1281 2049 1404 2100 Farlatti.

157 2136 220 2203 Illyr.
240 2139 345 2188 Sacrum
364 2139 395 2186 V.
417 2155 441 2202 p.
464 2139 520 2200 396.
543 2137 712 2202 Is'ulruIJ'evid.
732 2139 818 2188 Arkiv
837 2153 865 2188 za
885 2139 988 2204 poviest
1005 2140 1100 2204 jugosl.
1121 2139 1168 2188 111.
1188 2155 1213 2203 p.
1234 2139 1276 2189 82.

742 2403 805 2470 96.

233 2565 305 2613 Anno
327 2563 402 2622 1308,
423 2574 463 2624 29.
484 2563 648 2628 septembris.
669 2563 753 2628 Supra
774 2567 882 2628 portum
900 2563 1011 2628 regium,
1032 2562 1185 2628 Zagrabiae.

157 2690 199 2745 Fr.
228 2691 404 2762 Augustinus
434 2691 514 2764 episc.
542 2690 658 2764 aagrab.
688 2691 722 2747 de
744 2691 852 2746 iniusta
872 2689 1027 2748 detentione
1049 2691 1139 2747 castri
1160 2689 1288 2748 Mediud
1307 2698 1407 2747 coum

546 2797 656 2853 comites
679 2795 812 2852 Bubonil
822 2803 1008 2868 protestatur.

234 2959 337 3016 Frater
360 2958 491 3016 GentiIis
515 2959 717 3016 miseracione
741 2958 846 3016 divina
878 2959 960 3016 tituli
992 2960 1088 3016 sancti
1121 2959 1243 3016 Martini
1267 2960 1298 3016 in
1323 2973 1410 3016 mon-

157 3066 229 3121 tibus
258 3065 410 3139 presbiter
433 3063 607 3134 cardimus,
634 3065 804 3138 apostolice
828 3064 910 3123 sedis
934 3065 1061 3138 legatus.
1079 3065 1238 3125 Universis
1255 3071 1410 3139 presentes

157 3169 262 3228 litteras
283 3171 466 3244 inspecturis
488 3169 622 3228 salutem
647 3171 677 3228 in
694 3169 829 3228 domino.
847 3170 975 3228 Noverit
992 3171 1176 3228 universitas
1200 3177 1310 3242 vestra,
1328 3169 1412 3244 quod

158 3276 329 3334 venerabilis
352 3277 383 3334 in
407 3275 531 3334 Christo
555 3282 651 3350 pater,
676 3275 771 3334 irater
797 3279 994 3349 Augustinus,
1012 3277 1061 3335 dei
1083 3279 1186 3350 gracia
1203 3277 1410 3350 zagrabiensis

158 3381 307 3454 episcopus
330 3383 361 3440 in
384 3388 487 3440 nostra
511 3387 540 3440 et
564 3381 800 3454 magnificorum
822 3383 959 3440 virorum
978 3381 1125 3456 Stephani
1141 3389 1170 3440 et
1192 3383 1340 3466 Johannis
1364 3397 1414 3440 co-

159 3487 256 3545 mitum
282 3488 425 3561 Baboneg
451 3489 608 3561 presencia
634 3489 824 3559 constitutus,
849 3489 1010 3562 requisivit
1032 3487 1196 3561 diligenter
1219 3495 1249 3546 et
1265 3489 1412 3546 instanter

158 3593 246 3664 peciit,
268 3599 301 3650 ut
324 3599 460 3650 castrum
484 3592 602 3651 dictum
626 3593 766 3666 Medued,
790 3595 873 3668 quod
897 3595 1024 3652 ecclesie
1047 3595 1254 3667 zagrabiensis
1277 3611 1342 3652 esse
1365 3594 1410 3652 di-

158 3699 281 3756 noscitur
302 3704 332 3756 et
355 3697 396 3756 ad
418 3713 470 3756 eos
493 3715 640 3773 perversa
671 3701 766 3759 Marci
797 3703 935 3759 canonici
965 3702 1172 3775 zagrabiensis
1200 3700 1336 3760 faccione
1359 3700 1411 3758 de-

159 3804 290 3861 volutum
312 3805 422 3876 extitit,
445 3805 504 3880 lpsi
535 3806 681 3879 episcopo
712 3812 742 3864 et
773 3807 873 3865 eidem
905 3809 1096 3882 zagrabiensi
1124 3808 1251 3865 ecclesie
1274 3808 1413 3866 restitue·

158 3917 224 3982 rent,
247 3911 378 3969 offerens
409 3927 441 3969 se
472 3918 615 3985 paratum
647 3911 685 3969 ad
716 3913 943 3972 restitucionem
977 3915 1105 3988 pecunie
1129 3929 1187 3988 pro
1211 3929 1271 3987 qua
1295 3913 1413 3971 dictum

159 4022 282 4074 castrum
305 4018 346 4074 ab
370 4016 478 4074 eodem
503 4018 649 4075 canonico
682 4024 872 4092 receperunt,
904 4027 932 4077 et
957 4020 994 4078 ad
1028 4035 1119 4078 omne
1150 4019 1235 4077 aliud
1268 4020 1413 4077 interesse

160 4124 315 4181 secundum
339 4125 434 4182 nostri
468 4125 703 4182 extimacionem
727 4125 840 4184 iudicii.
864 4127 900 4184 Et
924 4127 1071 4200 quoniam
1094 4125 1167 4184 dicti
1194 4125 1315 4183 nobiles
1339 4125 1416 4198 peti·

160 4229 268 4287 cionem
291 4231 355 4288 eius
379 4229 416 4288 ad
443 4245 569 4303 presens
592 4237 787 4289 asseruerunt
811 4231 975 4289 admittere
992 4249 1024 4289 se
1040 4247 1099 4290 non
1121 4247 1219 4305 posse,
1244 4229 1327 4288 idem
1348 4231 1412 4304 epi·

161 4349 262 4410 scopus
283 4337 492 4410 proclamavit
516 4343 545 4395 et
568 4343 756 4412 protestatus
787 4345 831 4394 est
862 4353 967 4396 coram
994 4338 1084 4396 nobis
1108 4337 1275 4395 comitibus
1298 4335 1414 4394 eisdem

163 4444 351 4514 presentibus
376 4449 511 4500 castrum
535 4459 626 4501 suum
650 4444 690 4501 ab
714 4445 789 4517 ipsis
813 4459 849 4502 eo
865 4445 961 4503 invito
978 4451 1008 4502 et
1029 4444 1255 4502 contradicente
1278 4442 1415 4502 detineri.

163 4544 252 4620 Super
279 4550 393 4622 quibus
424 4549 635 4622 requisicione,
668 4535 825 4624 petIcione,
857 4551 1106 4624 proclamacione
1135 4565 1169 4607 ae
1192 4550 1417 4624 protestacione

165 4650 228 4710 dicti
250 4655 384 4730 episcopi
407 4661 438 4712 et
460 4654 641 4713 eorumdem
665 4657 813 4714 comitum
838 4657 1043 4730 responsione,
1060 4656 1098 4715 ad
1117 4657 1296 4714 instanciam
1320 4655 1416 4730 ipsius

165 4759 288 4833 episcopi
311 4767 469 4835 presentes
493 4761 610 4819 litteras
633 4761 672 4818 ad
696 4761 832 4819 futuram
854 4763 898 4819 rei
915 4764 1098 4820 memoriam
1115 4762 1182 4819 fieri
1199 4759 1417 4818 mandavaus

166 4869 192 4919 et
210 4867 300 4923 nostri
322 4867 419 4939 sigilli
442 4869 629 4940 appensione
653 4869 774 4926 munIri.
800 4870 911 4925 Actum
936 4885 1029 4943 super
1051 4870 1152 4942 ripam
1174 4867 1308 4925 tlummis
1325 4866 1414 4926 Zaua.

167 4967 191 5024 iu
228 4970 293 5029 Ioco
322 4973 376 5045 qui
405 4979 533 5030 vocatur
563 4979 671 5047 portus
701 4975 813 5044 regius,
837 4975 921 5031 iuxta
953 4973 1144 5046 Zagrabiam.
1178 4976 1266 5030 Anno
1298 4971 1416 5030 domini

1296 5095 1313 5152 Ο
