3824 5806
684 526 757 584 Doc.
779 539 852 605 403.
878 559 915 570 -
933 527 990 586 An.
1013 540 1106 608 1397.
1465 534 1526 610 389

260 725 404 782 bonnensi
417 729 446 782 et
459 725 574 782 Mathia
586 725 742 796 resinensi,
755 727 921 801 episcopis;
932 726 1027 786 iratre
1040 727 1267 802 Bartholome0‚
1280 730 1431 804 gardiano
1444 732 1528 789 clau-

258 831 313 887 stri
337 830 434 887 sancti
457 831 619 901 Francisci,
643 831 858 904 zagrabiensis,
882 832 999 890 ordinis
1022 835 1118 890 sancti
1144 835 1304 907 Francisci,
1329 837 1460 907 Matheo,
1489 836 1527 894 de

260 935 470 994 Vicedominis
493 937 531 994 de
556 937 723 1008 Placencia,
747 939 908 1010 utriusque
932 939 1007 996 iuris
1030 939 1164 1008 doctore,
1189 941 1309 999 Thoma
1332 942 1370 1000 de
1394 943 1526 1013 Amelia‚

257 1041 335 1100 fisici
359 1041 433 1100 dicti
457 1042 574 1100 domini
597 1043 808 1116 strigoniensis
831 1051 862 1101 et
884 1045 954 1102 aliis
974 1046 1215 1118 quampluribus
1239 1047 1369 1106 testibus
1395 1047 1435 1105 ad
1471 1048 1527 1105 hec

259 1149 411 1222 premissa
433 1149 552 1206 vocatis
575 1149 751 1222 specialiter
766 1155 796 1206 et
810 1151 933 1223 rogatis.
949 1150 1052 1209 Tener
1068 1167 1142 1210 vero
1163 1152 1318 1210 dictarum
1342 1153 1526 1224 litterarum,

259 1252 298 1310 de
321 1255 436 1327 quibus
458 1271 554 1329 supra
577 1254 613 1312 fit
636 1255 761 1327 mentio,
785 1254 823 1313 de
839 1257 938 1314 verbo
951 1255 992 1314 ad
1008 1257 1142 1315 verbum
1157 1260 1297 1333 sequitur
1319 1263 1350 1316 et
1373 1265 1419 1317 est
1435 1259 1524 1317 talis:

260 1355 344 1438 (vide
366 1377 411 1418 nr.
436 1374 508 1435 397,
532 1376 611 1419 anno
637 1375 729 1436 1397,
754 1360 781 1420 8.
804 1354 956 1440 januarii).

309 1495 436 1563 Signum·

311 1585 417 1636 notarii.

345 1693 378 1743 Et
397 1709 447 1759 ego
467 1693 583 1743 Karolus
602 1693 720 1743 Petrucii
740 1695 772 1742 de
790 1693 921 1760 Fulgineo
941 1694 1064 1760 publicus
1077 1695 1224 1760 apostolica
1243 1703 1269 1746 et
1287 1697 1420 1763 imperiali
1436 1705 1525 1749 aucto-

257 1781 335 1832 ritate
354 1780 482 1839 notarius,
502 1781 565 1845 quia
584 1781 711 1846 predictis
731 1781 1000 1832 excommunicacioni
1025 1787 1049 1832 et
1075 1783 1245 1833 ecclesiastici
1271 1784 1406 1835 interdicti
1428 1789 1524 1838 denun-

257 1869 371 1920 ciacioni
391 1885 421 1918 ac
440 1868 562 1920 omnibus
581 1869 642 1919 aliis
661 1876 687 1919 et
705 1869 818 1935 singulis
832 1869 967 1935 premissis
980 1872 1044 1920 dum
1055 1870 1100 1928 sic,
1114 1877 1142 1921 ut
1155 1871 1320 1936 premittitur
1339 1879 1481 1939 agerentur
1501 1882 1526 1925 et

256 1957 356 2017 fierent,
375 1973 486 2008 unacum
505 1957 696 2022 prenominatis
716 1957 826 2008 testibus
844 1973 952 2024 presens
971 1957 1087 2018 interfui,
1107 1974 1190 2023 eaque
1214 1961 1302 2010 omnia
1320 1967 1346 2012 et
1364 1962 1469 2028 singula
1488 1963 1525 2013 sic

255 2045 313 2095 fieri
333 2045 390 2096 vidi
410 2051 435 2096 et
454 2045 562 2106 audivi;
582 2046 641 2096 ideo
662 2046 711 2096 hoc
730 2061 837 2112 presens
851 2045 989 2112 publicum
1008 2047 1217 2107 instrumentum,
1238 2064 1286 2114 per
1305 2049 1395 2110 alium,
1410 2066 1450 2100 me
1463 2051 1524 2101 aliis

256 2134 336 2184 certis
355 2133 472 2200 negociis
499 2133 648 2199 prepedito,
668 2133 786 2184 fideliter
810 2135 938 2201 scriptum
961 2135 1056 2185 exinde
1076 2135 1183 2195 conieci,
1211 2136 1348 2202 publicavi
1368 2143 1394 2187 et
1414 2137 1439 2188 in
1459 2139 1526 2190 hanc

256 2221 391 2288 publicam
410 2221 522 2272 sormam
542 2221 642 2288 redegi,
661 2222 791 2288 signoque
810 2228 836 2273 et
854 2223 959 2274 nomine
977 2224 1043 2274 meis
1061 2224 1148 2274 solitis
1168 2233 1194 2276 et
1213 2226 1343 2276 consuetis
1363 2223 1535 2294 consignavi‚'

254 2319 363 2377 rogatus
382 2316 408 2360 et
426 2311 571 2374 requisitus
595 2311 622 2362 in
644 2311 731 2370 fidem,
758 2311 937 2363 testimonium
956 2312 1074 2363 omnium
1092 2319 1117 2363 et
1138 2314 1307 2380 singulorum
1326 2313 1523 2380 premissorum.

256 2399 373 2449 Karolus
391 2399 518 2450 notarius.

345 2503 488 2570 Originale
506 2504 534 2556 in
552 2506 711 2556 membrana.
731 2505 761 2556 ln
781 2505 891 2557 archivo
916 2523 973 2558 ven.
999 2506 1078 2572 capit,
1104 2509 1209 2574 zagrab.
1237 2512 1294 2559 Act.
1315 2510 1378 2576 Cap.
1407 2510 1523 2575 antiqua,

255 2591 318 2642 fasc.
338 2593 363 2641 6.
379 2607 419 2642 nr.
440 2593 478 2644 18.

842 2755 938 2822 403.

361 2897 438 2949 Auno
460 2903 534 2959 1397,
556 2906 594 2957 14.
615 2895 752 2946 februarii.
777 2895 890 2962 Simigii.

261 3025 420 3082 Conventus
441 3044 462 3082 s.
487 3025 617 3082 Adriani
644 3024 677 3081 dc
709 3023 830 3098 Stintga'o
853 3025 975 3084 Detriro
998 3027 1098 3084 Bubek
1129 3028 1210 3098 bano,
1244 3029 1357 3102 nefartis
1384 3037 1451 3086 acta
1466 3038 1526 3103 per

255 3133 411 3205 capinelum
433 3132 551 3205 aagrab.
581 3133 612 3188 in
638 3131 860 3206 possessionibus
885 3133 1010 3190 cibitan's
1039 3132 1217 3204 Greclzensis,
1242 3153 1312 3192 vera
1335 3154 1400 3206 esse,
1423 3136 1521 3211 refert.

346 3274 512 3348 Magnifice
535 3275 612 3347 viro,
637 3275 764 3333 domino
789 3275 915 3332 Detrico
941 3275 979 3333 de
1002 3275 1113 3348 Bebelr,
1137 3278 1224 3350 regni
1246 3277 1409 3336 Sclauonie
1434 3279 1522 3350 ban0,

255 3383 357 3439 amico
381 3397 490 3438 eorum
521 3381 709 3453 honorando,
734 3387 901 3439 conventus
932 3383 1111 3440 monasterii
1142 3385 1239 3441 sancti
1270 3384 1371 3458 Egidii
1401 3384 1439 3442 de
1467 3384 1522 3457 Sy·

257 3487 352 3559 migio
376 3487 550 3545 amiciciam
571 3494 714 3561 paratam
735 3503 806 3545 cum
830 3488 953 3546 honore.
985 3487 1150 3560 Noveritis‚
1181 3505 1236 3547 nos
1260 3490 1380 3548 litteras
1404 3499 1522 3550 vestras

254 3593 343 3651 nobis
374 3593 506 3651 directas
536 3594 742 3651 amicabiliter
776 3594 928 3669 recepisse
962 3595 994 3652 in
1023 3596 1079 3652 hec
1110 3597 1223 3654 verba:
1258 3591 1332 3674 (vid.
1367 3614 1410 3655 nr.
1448 3614 1520 3672 401,

253 3717 299 3758 an.
328 3713 420 3775 1397,
449 3715 473 3757 1.
490 3691 587 3776 febr).
605 3699 694 3758 Unde
716 3715 772 3757 nos
795 3699 907 3758 vestris
930 3701 1148 3759 amicabilibus
1172 3703 1378 3776 peticionibus
1402 3703 1520 3762 satisfa-

253 3822 322 3863 cere
344 3805 493 3876 volentes,
517 3821 651 3863 unacum
677 3804 799 3879 prefato
829 3805 981 3878 ladislrm,
1005 3805 1072 3864 filio
1104 3808 1232 3876 Nicolai,
1258 3809 1383 3868 homine
1407 3815 1519 3879 vestro,

255 3919 395 3970 nostrum
419 3911 586 3982 hominem,
619 3911 765 3969 videlicet
796 3911 924 3970 fratrem
954 3913 1105 3970 Mathiam
1135 3915 1336 3985 sacerdotem,
1360 3931 1456 3972 unum
1481 3933 1519 3972 ex

255 4019 343 4076 nobis
367 4017 406 4075 ad
431 4018 582 4090 premissa
603 4017 779 4091 peragenda
801 4025 907 4076 nostro
925 4035 984 4092 pro
1008 4021 1185 4078 testimonio
1202 4021 1428 4078 transmisimus
1444 4021 1520 4079 fide·

253 4123 391 4196 dignum,
415 4123 469 4197 qui
493 4123 621 4181 demum
644 4123 754 4181 exinde
777 4123 817 4181 ad
839 4139 895 4182 nos
917 4124 1043 4196 reversi,
1067 4125 1157 4183 nobis
1189 4124 1386 4184 uniformiter
1408 4127 1520 4184 retule-

252 4236 332 4301 runt,
356 4229 438 4303 quod
464 4230 524 4304 ipsi
546 4229 597 4288 die
621 4228 777 4288 dominico
801 4230 947 4303 proximo
978 4237 1050 4304 post
1081 4229 1195 4290 festum
1220 4232 1309 4290 beate
1332 4229 1520 4290 Scholastice

251 4336 389 4408 virginis,
412 4337 555 4410 proxime
570 4335 764 4410 preteritum,
787 4336 828 4393 ab
852 4337 998 4394 omnibus
1022 4337 1135 4410 quibus
1159 4337 1311 4395 decuisset
1334 4344 1364 4396 et
1383 4339 1520 4396 licuisset

252 4441 412 4500 nobilibus
427 4441 572 4500 videlicet
596 4447 626 4499 et
648 4441 840 4514 ignobilibus
861 4442 1181 4516 comprovincialibus
1203 4443 1277 4500 dicti
1293 4444 1456 4502 comitatus
1471 4460 1520 4502 aa·

250 4549 423 4622 grabiensis
446 4549 624 4607 hominibus
641 4549 747 4623 palam
769 4554 799 4606 et
814 4548 933 4606 occulte
950 4547 1114 4621 diligenter
1132 4549 1345 4622 investigando
1367 4551 1519 4624 premissa

252 4654 332 4712 iacta
355 4653 449 4712 fuisse
479 4655 523 4712 sic
554 4655 721 4726 scivissent,
753 4661 846 4728 prout
870 4653 987 4712 dictum
1019 4657 1119 4714 extitit
1149 4661 1252 4713 vestre
1279 4656 1517 4728 magnificencie.

251 4761 367 4818 Datum
385 4767 496 4834 quarto
512 4760 562 4818 die
578 4760 639 4818 diei
654 4760 865 4834 inquisicionis
894 4767 1061 4834 prenotate.
1085 4763 1174 4820 Anno
1198 4761 1316 4820 domiui
1331 4762 1517 4837 supradicto

340 4895 480 4962 Originale
500 4897 526 4946 in
545 4896 644 4956 charta,
664 4911 679 4946 a
699 4902 775 4963 tergo
795 4896 937 4962 vestigium
961 4896 1082 4962 impressi
1108 4897 1201 4964 sigilli.
1225 4897 1256 4947 In
1274 4897 1374 4948 archiv.
1395 4897 1442 4950 lib.
1461 4913 1516 4965 reg.

253 4983 302 5035 civ.
322 4985 427 5050 zagrab.
