3600 5804
371 545 432 586 aro
741 525 813 585 Doc.
837 540 907 606 234.
931 538 999 604 235.
1027 559 1063 568 -
1088 525 1148 586 An.
1171 523 1259 604 1356.

370 723 495 782 dietum.
518 724 769 784 contradictores
791 742 867 784 vero
889 727 916 784 si
939 727 993 800 qui
1017 725 1140 797 fuerint,
1166 728 1240 785 citat
1262 727 1455 784 illoscontra
1473 732 1617 784 annotatos

370 829 481 888 fratres
505 831 679 889 Heremitas
701 832 733 890 in
755 837 895 890 nostram
918 832 1111 906 presenciam
1143 831 1183 890 ad
1209 833 1376 890 terminum
1402 839 1620 906 competentem,

369 937 524 994 racionem
548 938 803 996 contradiccionis
826 938 968 1012 ipsorum
990 938 1175 1008 reddituros,
1199 945 1229 996 et
1253 939 1418 1012 posthanc
1434 940 1620 996 statucionem

370 1043 450 1102 dicte
473 1045 684 1117 possessionis
715 1045 767 1102 vel
791 1046 817 1102 si
840 1045 1067 1102 contradictum
1089 1044 1189 1116 fuerit,
1216 1051 1288 1103 tunc
1312 1045 1396 1102 diem
1418 1051 1449 1102 et
1469 1045 1565 1102 locum
1587 1047 1623 1102 ci·

369 1150 497 1206 taelonis
529 1157 559 1207 et
588 1151 714 1208 nomina
744 1151 910 1208 citatorum
939 1167 1011 1208 cum
1042 1152 1175 1208 termino
1204 1151 1360 1223 assignato
1390 1151 1481 1208 nobis
1503 1151 1624 1208 fideliler

369 1255 553 1313 rescribatis.
588 1257 705 1313 Datum
724 1256 884 1330 Zagrabie,
916 1257 1052 1316 secundo
1083 1257 1134 1314 die
1166 1263 1349 1314 octavarum
1381 1256 1450 1314 festi
1481 1257 1625 1331 Ephipba·

369 1361 491 1417 uiarum
514 1361 640 1420 domini.
664 1364 754 1420 Anno
778 1363 918 1420 eiusdem
940 1363 1078 1420 MCCCL
1099 1370 1194 1421 sexto.

456 1478 663 1544 Transumptum
683 1495 696 1529 e
715 1479 814 1531 litteris
833 1481 950 1531 eiusdem
970 1481 1089 1532 ducissae
1109 1481 1278 1546 Margarethe
1298 1483 1389 1532 codem
1408 1497 1483 1532 anno.

956 1677 1046 1743 234.

475 1803 551 1850 Anno
573 1801 646 1860 1356.
670 1811 708 1859 15.
724 1800 850 1866 januarii.
869 1800 1023 1866 Zagrabiae.

409 1911 572 1984 Capitulum
595 1912 657 1968 eccl.
680 1912 797 1986 zagrab.
814 1913 931 1986 fratres
947 1909 1114 1970 ffircnzi'tas
1129 1914 1159 1968 in
1167 1913 1372 1988 possessionem
1387 1913 1585 1970 Pristans'tiim

640 2025 760 2076 statutos
782 2036 848 2086 esse,
879 2018 1093 2090 Morgantina
1115 2017 1243 2074 ducissae
1265 2019 1362 2094 referi.

458 2160 722 2218 Excellentissime
745 2161 929 2235 principisse
953 2162 1134 2232 margarete,
1158 2161 1208 2218 dei
1231 2163 1335 2234 gracia
1351 2165 1450 2220 tocius
1466 2163 1628 2226 Sclauonie.

370 2267 498 2324 Croacie
522 2273 551 2324 et
574 2267 737 2344 Dalmacie
769 2267 898 2338 ducisse,
929 2267 1054 2324 domine
1085 2283 1203 2336 eorum,
1235 2269 1408 2342 capitulum
1431 2271 1629 2341 zagrabiensis

370 2375 498 2431 ecclesie
529 2375 687 2432 oraciones
718 2390 776 2448 pro
806 2391 841 2430 ea
872 2374 910 2430 ad
935 2373 1037 2430 filium
1062 2375 1191 2446 virginis
1214 2375 1358 2446 gloriose.
1385 2375 1513 2433 Noverit
1537 2385 1630 2433 vestra

370 2481 556 2537 excellencia
580 2495 636 2537 nos
659 2481 777 2537 litteras
801 2485 919 2536 vestras
943 2480 1095 2552 recepisse
1119 2480 1150 2536 in
1173 2479 1230 2536 hec
1252 2481 1365 2537 verba:
1396 2475 1472 2558 (vid.
1496 2499 1540 2538 nr.
1566 2497 1628 2554 233-

370 2601 449 2644 anno
477 2587 566 2659 1356.
595 2603 641 2660 ¹4·
662 2579 813 2662 januarii.)
837 2585 900 2642 Nos
923 2586 1027 2658 itaque
1051 2586 1205 2659 preceptis
1229 2593 1331 2642 vestre
1355 2587 1541 2644 excellencie
1563 2589 1630 2644 obe-

370 2692 488 2750 dientes
509 2699 544 2750 ut
567 2698 717 2763 tenemur,
748 2708 881 2750 unacum
913 2691 1054 2765 predicto
1085 2691 1176 2749 Gatal
1210 2692 1335 2749 homine
1358 2700 1470 2762 vestro,
1499 2703 1630 2750 nostrum

371 2799 528 2856 hominem
554 2800 657 2856 virum
680 2798 849 2856 discretum
864 2797 1026 2855 dominum
1050 2797 1222 2879 johannem
1247 2797 1497 2855 archidiaconum
1524 2815 1632 2856 woros·

370 2905 526 2977 dyensem,
550 2906 669 2962 socium
693 2911 722 2961 et
745 2904 985 2961 concanonicum
1010 2909 1150 2958 nostrum
1174 2903 1212 2958 ad
1235 2903 1451 2975 exequendum
1479 2907 1631 2977 premissa,

371 3027 429 3084 pro
461 3011 635 3068 testimonio
666 3012 910 3076 transmisimus;
941 3011 995 3082 qui
1027 3009 1229 3081 postmodum
1259 3011 1297 3066 ad
1329 3026 1385 3068 nos
1408 3013 1526 3068 reversi
1548 3013 1632 3069 nobis

371 3117 563 3174 concorditer
593 3117 773 3184 retulerunt,
812 3115 895 3188 quod
928 3115 1010 3172 idem
1046 3117 1141 3173 homo
1165 3123 1274 3184 vester,
1299 3124 1440 3189 presente
1463 3118 1532 3190 ipso
1557 3120 1632 3175 testi·

371 3225 475 3280 monio
498 3231 612 3296 nostro,
635 3223 711 3280 seria
742 3225 849 3294 quinta
876 3223 1019 3295 proxima
1044 3229 1114 3296 post
1137 3223 1292 3296 predictas
1315 3229 1441 3280 octavas
1465 3225 1633 3298 Epiphanie

371 3330 499 3400 domini,
529 3331 568 3387 ad
600 3330 711 3386 faciem
743 3329 882 3402 predicte
911 3330 1112 3402 possessionis
1143 3329 1384 3400 Pryztawchyna
1415 3337 1524 3388 vocale
1555 3348 1633 3389 acce·

371 3435 481 3506 dendo,
513 3437 688 3493 convocatis
718 3436 826 3491 vicinis
858 3442 887 3491 el
911 3436 1131 3492 commetaneis
1155 3435 1293 3492 eiusdem
1318 3436 1456 3508 legitime
1477 3439 1632 3502 universis,

370 3549 400 3600 et
422 3543 499 3615 ipsis
523 3542 717 3614 presentibus
749 3540 878 3597 eandem
910 3541 1165 3609 reambulassent‚
1189 3549 1219 3597 et
1242 3543 1301 3598 sub
1324 3542 1440 3599 eisdem
1466 3545 1633 3600 conclusio-

370 3651 462 3706 nibus
485 3654 637 3704 metarum
663 3653 693 3703 et
716 3647 863 3716 terminis,
888 3647 1003 3718 quibus
1026 3647 1094 3718 ipsa
1117 3649 1270 3719 possessio
1294 3649 1440 3705 hactenus
1465 3658 1569 3706 vestro
1583 3649 1633 3706 do·

371 3755 467 3811 minio
483 3755 666 3826 pertinuisse
682 3752 930 3823 dignoscebatur,
947 3753 1068 3809 nemine
1084 3755 1207 3825 penitus
1222 3754 1447 3811 contradictore
1461 3763 1633 3828 apparente.

371 3861 545 3917 statuissent
569 3859 698 3914 eandem
723 3859 797 3930 ipsis
821 3857 970 3914 fratribus
996 3859 1163 3916 lleremitis
1194 3865 1223 3916 et
1253 3861 1459 3932 assignassent
1487 3870 1633 3935 perpetuo

371 3965 597 4039 possidendam.
629 3965 745 4020 Datum
770 3963 847 4020 feria
870 3970 956 4020 sexta
980 3966 1123 4036 proxima
1147 3972 1217 4038 post
1240 3973 1365 4023 octavas
1389 3967 1562 4041 Epiphania
1583 3969 1634 4023 do·

371 4073 448 4129 mini
471 4076 654 4144 prenotatas
684 4071 773 4126 Anno
796 4070 935 4127 eiusdem
958 4072 1100 4144 superius
1123 4079 1275 4129 annotato

459 4189 665 4253 Transumptum
683 4205 697 4236 e
716 4188 814 4236 litteris
832 4187 950 4237 eiusdem
969 4188 1087 4238 ducissae
1107 4188 1276 4254 Margarethe
1296 4192 1388 4240 eodem
1407 4206 1485 4242 anno.

960 4369 1045 4434 235.

477 4509 552 4558 Anno
576 4509 648 4567 1356.
668 4508 822 4572 Zagrabiae.

382 4618 580 4691 Margaritha
602 4617 723 4689 ducissa,
742 4629 863 4695 peracta
886 4624 1039 4679 sinuatione
1056 4625 1240 4696 possessionis
1263 4625 1472 4695 Pristavs'tina,
1496 4627 1617 4683 eamdem

742 4728 896 4800 pn'vilegio
909 4729 957 4802 sr.
981 4729 1146 4797 Hercmitis,
1168 4729 1263 4786 donat.

460 4873 633 4943 Margareta
664 4871 713 4928 dei
744 4874 849 4944 gracia
876 4874 976 4931 tocius
999 4873 1169 4940 Sclauonie‚
1191 4873 1320 4932 Croacie
1343 4881 1372 4931 et
1396 4875 1558 4934 Dalmacie
1581 4877 1633 4934 du·

372 4979 457 5034 cissa.
483 4977 634 5035 Omnibus
658 4978 773 5036 Christi
796 4978 942 5037 fidelibus
966 4987 1029 5037 tam
1053 4982 1248 5052 presentibus
1271 4997 1366 5052 quarn
1382 4980 1495 5039 suturis
1512 5000 1632 5056 presen-
