3728 5806
534 541 1110 652 .-e³.5.³:n1·‚.-e·v⁹1·
1289 649 1294 654 ,
1382 559 1478 655 o

216 642 464 651 ——·-——-.---.-
482 647 500 651 ..
921 648 1159 652 -.-—---—.—
1181 649 1186 652 .

805 733 890 798 353.

318 877 395 923 Anno
418 882 491 936 1391.
512 871 582 922 circa
605 883 642 922 11.
662 872 821 923 novembris.

213 1002 344 1059 Iniuriae
367 1021 386 1057 a
410 1001 550 1058 Ladrslno
581 1001 706 1075 officiali
730 1001 852 1074 capiendi
878 1001 995 1072 zagrab.
1026 1002 1055 1056 in
1071 1001 1248 1074 possessione
1273 1001 1377 1056 civium
1407 1000 1479 1058 Gre-

445 1107 597 1176 cheseium,
624 1107 779 1182 Kraljeuec
803 1115 913 1175 uocata,
937 1108 1046 1175 allatae,
1069 1107 1244 1180 referuntur.

299 1253 376 1308 ltem
401 1253 431 1308 in
455 1265 534 1308 anno
558 1249 676 1307 domini
701 1251 869 1308 millesimo
894 1249 1116 1307 CCCLXXXX
1140 1251 1251 1324 primu,
1269 1251 1349 1308 circa
1366 1251 1478 1308 festum

215 1359 296 1415 beati
321 1358 443 1415 Martini
459 1357 596 1431 episcopi
614 1361 643 1412 et
659 1355 850 1420 confessoris.
868 1356 1030 1414 Ladislaus
1047 1357 1191 1414 officialis
1207 1358 1335 1431 capituli
1351 1357 1478 1414 ecclesie

211 1463 418 1536 zagrabiensis
450 1479 487 1520 ex
520 1462 603 1519 iussu
635 1467 665 1519 et
696 1461 842 1519 mandato
866 1462 939 1520 dicti
964 1463 1093 1536 capituli
1116 1463 1156 1521 ad
1181 1463 1335 1535 quandam
1360 1479 1479 1536 posses-

213 1571 330 1628 sionem
363 1569 478 1626 civium
507 1569 588 1626 dicte
618 1569 751 1626 civitatis
775 1569 936 1626 Kralevvcz
960 1575 1110 1640 vocatam,
1135 1569 1278 1626 manibus
1301 1570 1428 1626 armatis
1452 1575 1480 1626 et

215 1677 409 1750 potenciariis
441 1675 595 1746 irruend0,
628 1675 757 1732 eandem
789 1676 911 1749 penitus
946 1675 1100 1733 devastari
1135 1675 1299 1748 omniaque
1335 1677 1417 1733 bona
1452 1681 1482 1732 et

213 1783 369 1856 quaslibet
391 1799 441 1839 res
464 1782 664 1854 iobagionum
688 1781 869 1838 eorumdem
893 1781 1008 1838 civium
1034 1781 1168 1840 indicta
1192 1782 1384 1855 possessione
1401 1781 1478 1838 Kra-

210 1890 305 1946 lewcz
330 1893 437 1973 vocata
462 1888 726 1946 commorandum
750 1889 855 1961 recipi,
879 1887 992 1944 abduci
1017 1893 1046 1944 et
1070 1887 1232 1961 asportari,
1258 1903 1374 1945 necnon
1402 1886 1480 1944 duos

212 1995 391 2066 iobagiones
415 1994 554 2066 ipsorum
579 1993 655 2051 diris
678 1993 844 2050 vulnerum
868 1993 970 2067 plagis
994 1993 1078 2050 affici
1101 2001 1130 2050 et
1151 1993 1311 2052 vulnerari
1328 1992 1482 2062 fecissent,

210 2100 335 2158 eosdem
367 2099 535 2158 semivivos
557 2098 777 2171 relinquendo;
800 2098 838 2155 de
862 2098 984 2156 duobus
1007 2106 1111 2157 autern
1136 2100 1352 2172 iobagionibus
1373 2115 1473 2171 neque

209 2213 342 2263 mortem
365 2222 465 2278 neque
493 2205 589 2262 vitam
620 2211 650 2261 et
673 2221 734 2277 quo
758 2204 951 2262 devenissent
974 2206 1052 2262 scire
1069 2207 1247 2278 potuissent.
1264 2207 1297 2263 ln
1314 2222 1375 2279 quo
1392 2204 1473 2262 iacto

209 2312 285 2384 ipsis
309 2312 430 2369 civibus
454 2311 637 2384 quingentos
661 2307 792 2368 ssorenos
815 2327 979 2369 aureorum
1004 2311 1140 2385 dampna
1159 2311 1341 2383 intulissent,
1359 2313 1388 2369 in
1406 2328 1475 2386 pre·

210 2417 358 2475 iudicium
382 2418 520 2491 ipsorum
545 2416 638 2474 valde
662 2433 817 2490 magnum.
845 2417 912 2474 Lite
936 2426 1038 2474 tamen
1061 2417 1213 2490 pendente
1237 2419 1315 2476 inter
1339 2419 1429 2492 ipsos.

300 2553 340 2601 Ex
362 2559 422 2602 actu
441 2551 640 2602 transactionali
655 2552 776 2616 superius
789 2557 927 2612 annotata,
941 2552 967 2602 in
981 2553 1050 2602 arch.
1065 2567 1120 2618 cap.
1135 2553 1238 2619 zagrab.
1254 2551 1314 2602 fasc.
1331 2563 1368 2604 10.
1383 2569 1421 2603 nr.
1438 2563 1475 2615 ¹4-

800 2819 888 2885 354.

299 2979 375 3026 Anno
398 2986 473 3040 1391,
493 2987 533 3026 20.
554 2977 712 3026 novembris.
733 2977 830 3026 Budae.

213 3107 321 3162 Maria
351 3105 453 3178 regina
485 3106 670 3178 Hungarr'ae,
698 3107 818 3163 Detricu
846 3107 945 3163 Bubcle
974 3108 1056 3177 bano,
1085 3127 1120 3164 nc
1142 3109 1214 3165 cives
1248 3107 1421 3166 Grcclrenses
1443 3108 1486 3164 ad

316 3211 450 3267 iutlt'cium
474 3210 586 3280 banale,
609 3211 661 3269 sed
680 3211 724 3268 ud
742 3213 925 3270 tavarm'cum
952 3215 1060 3286 regium
1084 3223 1205 3284 vocaret,
1222 3215 1374 3288 praecipit.

758 3365 850 3408 Rclacio
864 3365 946 3408 domini
961 3365 1072 3410 iohannis
1086 3366 1247 3421 archiepiscopi
1261 3367 1424 3420 strigoniensis.

301 3483 398 3540 Maria
421 3483 470 3540 dei
494 3483 598 3554 gracia
621 3483 727 3554 regina
750 3471 917 3555 Hungarie‚
950 3483 1119 3556 Dalmacie,
1148 3483 1276 3541 Croacie
1300 3491 1354 3541 etc.
1379 3483 1479 3541 Fideli

211 3604 267 3645 suo
292 3589 457 3661 magnifico
481 3589 550 3645 viro
574 3589 701 3646 domino
725 3589 850 3646 Detrico
870 3588 983 3661 Bubelr,
1000 3591 1088 3662 regni
1103 3589 1200 3647 nostri
1217 3588 1380 3647 Sclauonie
1398 3591 1479 3647 bano

211 3696 263 3751 vel
285 3695 434 3752 vicebano
459 3694 606 3766 eiusdem,
630 3695 763 3752 salutem
787 3700 816 3752 et
839 3696 984 3767 graciam.
1009 3696 1053 3752 Ex
1071 3695 1238 3768 querulosa
1253 3695 1481 3768 significacione

212 3801 354 3858 fideliurn
387 3802 503 3858 civium
527 3809 556 3858 et
579 3801 739 3875 hospitum
762 3808 940 3860 nostrorum
979 3802 1111 3860 civitatis
1135 3811 1237 3860 nostre
1265 3803 1480 3875 zagrabiensiS,

212 3909 303 3966 nobis
334 3907 422 3978 iacta,
454 3908 674 3980 intelleximus,
707 3908 864 3981 quomodo
898 3924 954 3965 vos
987 3916 1094 3966 contra
1124 3923 1232 3967 eorum
1263 3909 1421 3966 libertates
1452 3915 1481 3966 et
1544 3975 1548 3984 ,

211 4014 446 4072 consvetudincs
477 4030 571 4088 super
603 4015 730 4084 iniuriis,
762 4013 906 4088 dampnis
937 4020 967 4071 et
999 4015 1200 4086 nocumentis,
1232 4030 1292 4087 que
1315 4030 1372 4087 per
1395 4015 1479 4072 varic

211 4121 399 4179 condicionis
422 4121 563 4178 homines
587 4121 630 4178 eis
653 4121 855 4195 inpinguntur
877 4122 961 4195 ipsos
985 4129 1088 4179 vestro
1110 4127 1210 4179 astare
1227 4121 1341 4179 iudicio
1356 4127 1385 4178 et
1401 4121 1479 4180 iudi-

213 4228 294 4284 catui
317 4227 547 4302 compelleretis
571 4233 601 4283 et
624 4227 842 4300 astringeretis,
856 4243 927 4284 cum
941 4234 1044 4285 tamen
1057 4229 1141 4301 ipsos
1154 4229 1185 4284 in
1198 4227 1375 4286 huiusmodi
1392 4244 1483 4285 causa

212 4349 274 4391 non
296 4348 362 4404 vos
386 4332 440 4390 sed
465 4335 612 4406 magister
644 4334 874 4390 tavarnicorum
897 4335 1050 4406 regalium
1075 4334 1188 4390 habeat
1210 4333 1355 4391 iudicare.
1379 4334 1482 4407 Quare

213 4447 316 4498 vestre
346 4438 490 4496 fidelitati
521 4438 653 4497 firmiter
685 4438 845 4512 edicimus,
877 4447 1027 4511 quatenus
1055 4438 1167 4497 amodo
1191 4446 1222 4496 et
1245 4439 1389 4513 deinceps
1412 4455 1481 4513 pre-

211 4546 291 4604 fatos
327 4547 410 4602 cives
433 4551 463 4602 et
486 4545 623 4619 hospites
655 4551 776 4602 nostros
807 4546 906 4603 causis
940 4546 970 4602 in
995 4545 1162 4618 premissis,
1186 4551 1290 4603 vestro
1314 4545 1427 4602 iudicio
1451 4553 1481 4603 et

210 4651 362 4710 iudicatui
385 4657 485 4709 astare
516 4652 707 4724 compellere
729 4667 790 4709 non
815 4651 1068 4725 presumpmatiS,
1093 4650 1146 4708 sed
1170 4652 1254 4725 ipsos
1274 4651 1389 4708 tociens
1406 4665 1482 4723 quo·

213 4758 295 4816 ciens
318 4772 440 4816 necesse
463 4756 556 4815 fuerit
580 4771 672 4814 causa
695 4757 725 4814 in
749 4755 928 4814 huiusmodi
951 4756 1065 4814 iudicio
1086 4763 1116 4814 et
1140 4755 1288 4814 iudicatui
1303 4757 1401 4830 ipsius
1417 4771 1482 4813 ma·

213 4864 301 4936 gistri
334 4865 565 4922 tavarnicorum
596 4863 751 4936 regalium
774 4863 982 4920 transmittere
1003 4861 1150 4932 debeatis,
1175 4867 1204 4918 et
1226 4861 1312 4918 aliud
1335 4876 1396 4918 non
1419 4861 1482 4919 iac·

214 4971 283 5028 turi.
315 4970 354 5028 Et
384 4972 442 5028 hoc
473 4969 556 5028 idem
588 4969 777 5042 iniungimus
790 5021 793 5026 .
808 4961 945 5047 (futuris)
978 4967 1052 5025 dicti
1082 4969 1168 5040 regni
1199 4967 1295 5024 nostri
1319 4965 1480 5026 Sclauonie
