3600 5804
351 552 393 626 64
615 629 620 638 ·
788 550 860 607 Doc.
884 559 933 628 74.
957 581 995 592 -
1020 549 1075 607 An.
1101 563 1189 626 129!-

351 749 509 822 celsitudo,
534 748 692 823 quoddam
716 749 872 824 palacium
904 763 1010 806 meum
1033 748 1184 821 Zagrabie
1207 750 1239 808 in
1262 755 1365 808 monte
1397 749 1519 808 Greech
1542 767 1612 808 con-

351 863 501 915 structum
525 863 555 915 et
578 874 616 914 ex
639 857 720 914 dono
744 856 883 914 filiorum
907 855 1056 930 Stephani
1085 856 1156 914 bani
1187 871 1246 929 pro
1277 857 1414 929 quadam
1437 857 1616 931 captivitate

351 979 420 1021 mea
444 978 500 1036 pro
517 961 632 1020 eisdem
650 978 806 1038 perpessa,
827 969 978 1036 perpetuo
1001 963 1067 1020 iure
1090 962 1241 1020 collatum
1264 978 1322 1037 pro
1343 963 1526 1021 concambio
1542 980 1615 1036 qua·

333 1069 495 1140 ,rumdam
516 1069 746 1142 possessionum
768 1084 893 1125 suarum
918 1069 958 1124 ab
982 1067 1161 1126 Alexandro
1194 1069 1284 1140 ban0,
1307 1069 1374 1127 filio
1398 1068 1534 1141 Georgii,
1560 1085 1616 1126 suo

351 1176 537 1249 propinquo
559 1174 746 1232 hereditario
770 1151 848 1232 iure
865 1190 1085 1245 successarum,
1118 1191 1175 1248 pro
1204 1174 1345 1232 Pollcuna
1368 1176 1485 1233 scilicet
1508 1176 1540 1232 in
1562 1191 1613 1233 co-

350 1281 461 1338 mitatu
486 1280 601 1338 Borsad
624 1281 780 1351 existente,
804 1281 881 1338 item
911 1296 969 1354 pro
1001 1279 1113 1350 Boken,
1144 1282 1220 1340 item
1251 1295 1310 1355 pro
1342 1281 1432 1352 Mixe‚
1456 1282 1531 1339 item
1553 1296 1613 1354 pro

351 1386 450 1446 Giurk
474 1389 504 1445 in
526 1388 674 1444 comitatu
698 1385 835 1444 Zobolch
859 1387 1040 1458 constitutis,
1065 1388 1125 1461 ipsi
1148 1389 1297 1460 magistro
1321 1387 1418 1445 Paulo
1435 1389 1616 1460 resignasse,

351 1493 519 1551 restituisse
543 1509 596 1550 seu
627 1493 790 1566 reliquisse
822 1509 893 1550 cum
924 1495 987 1550 suis
1017 1494 1203 1552 utilitatibus
1234 1499 1264 1551 et
1294 1494 1334 1551 ad
1365 1511 1398 1551 se
1420 1495 1617 1568 pertinenciis

351 1601 599 1658 irrevocabiliter
621 1599 852 1674 possidendum.
877 1599 938 1672 Qui
962 1599 1088 1672 quidem
1113 1601 1261 1673 magister
1291 1600 1406 1658 Paulus
1434 1601 1537 1674 ipsum
1560 1617 1616 1674 pa-

351 1706 466 1763 lacium
490 1705 582 1776 dedit,
606 1706 736 1763 contulit
759 1711 789 1762 et
812 1705 939 1764 donavit
962 1706 1086 1763 cuidam
1110 1722 1166 1764 suo
1192 1687 1364 1779 predilecto
1395 1708 1541 1765 servienti
1563 1721 1618 1764 no-

352 1811 434 1869 mine
457 1810 582 1884 Gilioni,
606 1812 668 1870 civi
691 1811 729 1869 de
752 1819 856 1870 monle
880 1811 1034 1882 Grecensi,
1059 1829 1130 1870 cum
1153 1813 1270 1870 eisdem
1293 1814 1356 1871 suis
1380 1813 1564 1871 utilitatibus
1589 1823 1619 1870 et

351 1919 548 1992 pertinenciis
572 1926 722 1991 perpetuo
747 1918 976 1992 possidendum.
1007 1919 1167 1992 Obligavit
1197 1920 1417 1978 nichilominus
1446 1919 1530 1977 idem
1553 1934 1620 1976 ma·

351 2025 447 2098 gister
469 2024 584 2082 Paulus
615 2040 647 2081 se
677 2030 707 2080 et
739 2039 811 2082 suos
843 2024 980 2094 heredes,
1011 2025 1224 2098 heredumque
1255 2041 1456 2096 successores,
1485 2025 1566 2098 quod
1592 2026 1618 2082 si

352 2131 508 2204 quispiam
532 2131 701 2204 aliqualem
725 2131 864 2204 ipsarum
895 2131 1122 2205 possessionem
1152 2131 1326 2205 impediret,
1356 2131 1511 2206 expederc
1534 2139 1617 2188 tene-

351 2243 437 2295 retur
459 2237 595 2311 propriis
619 2237 780 2294 laboribus
803 2241 833 2293 et
854 2237 1004 2310 expensis.
1028 2235 1060 2295 Si
1084 2252 1160 2294 vero
1183 2238 1363 2312 quempiam
1386 2253 1425 2294 ex
1449 2237 1524 2310 ipsis
1547 2251 1619 2310 pos-

352 2345 540 2402 sessionibus
562 2345 594 2423 in
618 2345 672 2401 lite
695 2344 834 2416 legitime
860 2343 1000 2401 devictus
1031 2345 1194 2414 amitteret,
1224 2349 1335 2401 extunc
1366 2343 1523 2416 quandam
1547 2359 1619 2418 pos·

351 2450 519 2508 sessionem
542 2465 639 2520 suam,
664 2449 741 2508 Sene
766 2455 916 2520 vocatam,
938 2450 1019 2507 circa
1042 2466 1156 2523 aquarn
1184 2449 1297 2508 Zomus
1327 2451 1428 2520 sitam,
1454 2465 1542 2508 suam
1564 2450 1619 2506 he·

351 2555 530 2614 reditan‘am
559 2571 616 2630 pro
647 2555 794 2630 predictis
825 2563 958 2628 quatuor
989 2557 1244 2630 possessionibus,
1275 2572 1347 2614 cum
1378 2557 1524 2614 omnibus
1555 2557 1620 2614 suis

351 2663 537 2720 utilitatibus
560 2669 590 2720 et
613 2663 809 2736 pertinenciis
840 2663 934 2720 michi
958 2669 987 2719 et
1011 2664 1087 2720 meis
1114 2663 1289 2734 heredibus,
1313 2662 1527 2735 heredumque
1550 2679 1620 2720 suc·

352 2771 534 2841 cessoribus‚
557 2771 726 2843 assignaret
746 2771 812 2827 iure
835 2778 987 2844 perpetuo
1011 2769 1238 2842 possidendam.
1262 2771 1348 2844 lpsas
1371 2778 1476 2828 autem
1500 2785 1620 2844 posses·

352 2877 461 2948 siones,
486 2877 602 2934 scilicet
633 2881 766 2949 quatuor
801 2892 894 2949 supra
925 2877 1098 2933 nominatas
1128 2892 1185 2949 ego
1216 2877 1371 2949 resignare
1402 2883 1524 2935 tenerer
1547 2892 1619 2934 cum

351 2983 414 3039 suls
437 2981 668 3056 impedimentis
692 2989 722 3038 et
743 2982 1003 3055 occupacionibus
1027 2983 1175 3055 magistro
1199 2983 1296 3040 Paulo
1318 2987 1489 3057 pretaxato.
1519 2981 1620 3057 Super

352 3103 415 3161 quo
439 3088 658 3146 excellenciam
682 3095 818 3146 vestram
849 3088 990 3161 supplice
1021 3103 1098 3160 rogo
1127 3095 1156 3146 et
1180 3093 1302 3159 attente,
1330 3095 1480 3161 quatenus
1505 3089 1618 3146 intuitu

337 3195 414 3251 mei
436 3194 566 3265 servicii,
590 3209 684 3268 super
714 3194 772 3252 hoc
800 3193 881 3252 facto
913 3193 1050 3266 sepefato
1081 3193 1199 3253 Gilioni
1229 3195 1289 3252 civi
1320 3194 1476 3266 Grecensi,
1500 3196 1619 3253 litteras

353 3305 471 3358 vestras
494 3306 633 3374 patentes
656 3299 724 3357 dari
747 3299 872 3358 faciatis.

440 3436 462 3484 E
480 3441 646 3501 transumpto
665 3435 835 3501 magistratus
854 3436 925 3486 civit.
946 3437 1110 3496 Grechensis,
1131 3439 1164 3488 de
1183 3455 1250 3490 anno
1272 3449 1345 3502 1291.

458 3757 534 3805 Anno
557 3765 629 3817 1291.
955 3721 1017 3788 74·

374 3885 486 3954 Hodus,
508 3902 595 3941 comes
617 3883 819 3956 zagrabt'ensis‚
850 3883 1023 3942 Greclrenses
1045 3885 1127 3954 cives,
1150 3893 1184 3941 ut
1201 3885 1297 3940 comiti
1323 3883 1437 3942 Gitoni
1450 3886 1599 3958 palatium

741 4008 823 4046 suum
846 3997 986 4060 statuant,
1009 3991 1092 4046 enixe
1113 3999 1225 4048 exorat.

441 4156 524 4213 Viris
547 4155 688 4229 providis
712 4159 740 4211 et
764 4154 914 4222 hostestis,
931 4153 1102 4212 karissimis
1118 4155 1251 4212 dominis
1268 4161 1298 4212 et
1313 4156 1420 4212 amicis
1437 4171 1532 4228 quam
1550 4155 1618 4229 plu-

351 4264 467 4321 rimum
491 4261 670 4330 metuendis,
695 4260 788 4318 iudici
811 4266 841 4318 et
864 4261 1015 4318 universis
1038 4261 1162 4318 civibus
1183 4261 1434 4332 zagrabiensibus
1455 4261 1493 4317 de
1510 4267 1614 4318 monte

353 4369 455 4428 Grech
478 4369 660 4439 constitutis,
684 4383 787 4424 comes
810 4366 918 4424 Hodus
949 4367 1108 4424 vinculum
1132 4382 1202 4423 curn
1227 4367 1366 4424 amicicia
1394 4367 1535 4439 pleniori.
1560 4367 1619 4424 No

353 4477 432 4535 verit
454 4481 557 4533 vestra
580 4475 728 4545 amicicia,
752 4474 909 4548 palacium
932 4488 1046 4542 meum,
1071 4471 1154 4545 quod
1172 4481 1275 4530 vestra
1290 4473 1368 4528 hene
1383 4473 1470 4530 novit
1487 4472 1619 4528 circum-

352 4584 481 4656 speccio,
498 4598 556 4656 pro
572 4581 753 4638 concambio
771 4585 903 4652 quatuor
918 4579 1157 4652 possessionum,
1173 4578 1290 4661 scilicet
1305 4592 1363 4652 pro
1379 4576 1528 4646 Polkuna,
1545 4579 1619 4634 item

352 4705 410 4764 pro
434 4687 548 4759 Bulren,
572 4687 646 4744 item
670 4701 728 4760 pro
753 4687 842 4756 Mixe‚
866 4686 940 4742 item
965 4699 1022 4758 pro
1046 4683 1154 4756 Giurk,
1178 4684 1239 4758 ipsi
1263 4684 1412 4755 magistro
1437 4683 1533 4739 Paulo
1556 4683 1618 4739 col·

354 4797 480 4865 locasse,
511 4795 564 4868 qui
596 4793 722 4866 quidem
754 4791 901 4864 magister
932 4790 1045 4847 Paulus
1077 4789 1169 4861 dedit,
1201 4789 1332 4846 contulit
1363 4805 1416 4846 seu
1452 4789 1619 4845 collocavit

354 4902 459 4962 Gilion
484 4908 585 4960 vestro
609 4900 728 4957 concivi
752 4913 809 4972 pro
832 4897 896 4954 suis
919 4896 1057 4954 serviciis
1087 4895 1281 4952 fidelioribus
1313 4899 1464 4968 perpetuo
1491 4901 1521 4950 et
1543 4895 1618 4952 irre·

353 5009 538 5069 vocabiliter
560 5023 632 5064 cum
656 5007 800 5064 omnihus
823 5005 886 5061 suis
910 5003 1095 5060 utilitatibus
1119 5008 1149 5058 et
1172 5000 1211 5058 ad
1234 5001 1338 5074 ipsum
1368 5000 1526 5074 palacium
1549 5014 1618 5073 per-
