3782 5812
656 555 728 613 Dor.
747 569 801 632 32.
830 589 865 598 -
891 555 947 613 An.
971 567 1058 634 1257.
1450 576 1488 632 ²7

228 752 421 822 intendebat,
444 755 475 811 in
500 771 559 827 qua
583 756 681 812 eciam
706 755 815 813 iratres
838 756 1040 813 cisterciensis
1055 755 1172 814 ordinis
1191 755 1364 826 collocavit,
1388 761 1494 814 nostro

222 857 427 930 dignaremur
459 861 624 934 privilegio
651 862 843 920 confirmare.
875 861 1029 920 Ceterum.
1062 861 1195 935 quiade
1227 862 1294 932 hiis,
1326 877 1386 934 que
1409 861 1489 919 dicte

225 965 356 1022 ecclesie
389 966 529 1024 conferre
552 966 690 1041 prelatus
720 969 955 1026 archidiaconus
986 967 1171 1036 intendebat,
1202 967 1291 1026 nohis
1322 967 1412 1041 plene
1436 983 1495 1026 non

224 1071 396 1140 constabat.
428 1079 637 1145 precaventes
669 1081 701 1130 ut
732 1091 769 1130 ex
800 1074 858 1131 hoc
890 1073 1048 1146 aliquibus
1076 1073 1282 1147 preludicium
1318 1079 1494 1145 generetur,

226 1177 423 1248 inquisicioni
453 1185 482 1234 et
505 1177 694 1236 ordinacioni
718 1179 865 1253 Stephani
890 1181 961 1238 bani
986 1181 1084 1238 tocius
1107 1179 1269 1238 Sclauonie
1292 1185 1322 1236 et
1344 1180 1495 1252 capitanei

225 1281 328 1350 Stirie,
352 1282 458 1340 dilecti
482 1290 512 1341 et
535 1283 638 1342 fidelis
663 1286 767 1356 nostri,
791 1287 1013 1354 commisimus,
1039 1293 1071 1342 ut
1092 1285 1173 1342 idem
1192 1284 1263 1341 lacti
1279 1285 1389 1342 seriem
1406 1285 1496 1342 nobis

229 1389 365 1447 fideliter
388 1390 419 1447 in
443 1391 506 1448 suis
530 1392 641 1450 litteris
665 1393 828 1450 intimaret.
856 1393 893 1450 Et
916 1392 998 1450 idem
1023 1391 1112 1450 nobis
1135 1390 1302 1464 rescripsit,
1333 1389 1415 1464 quod
1441 1405 1496 1448 nos

226 1495 460 1554 contuleramus
496 1496 644 1556 iratribus
680 1499 880 1556 cisterciensis
914 1498 1031 1556 ordinis
1066 1503 1180 1556 terram
1214 1497 1304 1554 unius
1338 1497 1431 1554 aratri
1466 1498 1495 1554 in

225 1602 328 1659 insula
359 1602 528 1674 antedicta,
560 1603 591 1661 in
623 1619 684 1676 qua
713 1605 816 1662 insula
848 1603 907 1663 luit
936 1605 1012 1666 olim
1045 1609 1219 1662 constructa
1249 1602 1378 1661 ecclesia
1401 1605 1496 1661 sancti

224 1708 345 1790 Jacobi,
363 1709 447 1766 iuxta
465 1725 559 1782 quam
576 1709 659 1768 idem
675 1711 909 1770 archidiaconus
924 1711 1095 1768 construxit
1110 1709 1281 1768 claustrum
1294 1715 1323 1766 et
1335 1709 1496 1768 ecclesiam

225 1815 258 1871 in
291 1815 410 1872 honore
441 1821 544 1873 sancte
567 1818 663 1875 Marie
690 1818 820 1889 virginis
842 1819 985 1890 gloriose,
1009 1816 1169 1874 residuum
1192 1831 1268 1874 vero
1290 1816 1375 1874 illius
1398 1815 1497 1874 insule

225 1929 345 1978 emerat
376 1921 515 1996 prefatus
545 1923 778 1982 archidiaconus
809 1941 827 1982 a
855 1924 1002 2007 Johanne,
1036 1923 1101 1980 lilio
1130 1921 1259 1993 Yrozlai,
1290 1923 1370 1980 iusto
1393 1923 1497 1996 precio

226 2027 398 2100 persoluto.
435 2027 520 2100 Item,
551 2029 646 2087 aliam
678 2030 812 2088 insulam
836 2031 911 2088 emit
934 2045 1042 2088 versus
1065 2030 1215 2087 orientem
1239 2045 1257 2086 a
1281 2029 1497 2102 iobagionlbus

223 2133 320 2190 castri
351 2135 569 2207 zagrahiensis
601 2136 731 2194 scilicet:
762 2137 866 2218 Jacou,
896 2137 1062 2209 Hutywoy,
1086 2135 1215 2208 Chema,
1239 2135 1382 2193 chheta
1405 2141 1435 2192 et
1458 2134 1498 2192 ab

223 2240 297 2297 aliis
325 2241 464 2313 cognatis
494 2241 685 2300 eorumdem.
720 2243 875 2301 lntimavit
905 2243 1002 2300 eciam
1034 2242 1124 2300 nobis
1154 2241 1254 2299 dictus
1278 2241 1384 2312 banus,
1414 2239 1497 2314 quod

226 2346 313 2404 idem
347 2349 495 2420 magister
527 2349 635 2406 Petrus
659 2350 816 2407 habuisset
839 2351 898 2407 tria
921 2348 1099 2407 molendina
1122 2365 1140 2406 a
1163 2353 1250 2423 patre
1273 2347 1364 2406 castri
1388 2345 1499 2418 Grech,

224 2455 257 2510 in
281 2469 365 2526 aqua
389 2469 450 2526 que
474 2453 586 2512 dividit
603 2459 717 2512 terram
735 2457 826 2513 castri
843 2455 943 2514 Grech
961 2473 978 2513 a
995 2465 1076 2513 terra
1095 2454 1225 2512 fratrum
1243 2453 1497 2527 zagrabiensium,

224 2575 289 2632 que
324 2559 451 2632 quidem
483 2559 716 2618 archidiaconus
748 2561 922 2634 sepedictus
953 2564 994 2619 ab
1031 2563 1158 2634 antiquo
1193 2559 1371 2636 possederat
1408 2559 1499 2616 titulo

224 2667 409 2740 empcionis.
439 2667 556 2724 Verum
580 2682 638 2741 pro
661 2668 743 2724 bono
766 2668 859 2741 pacis,
891 2667 1045 2726 mediante
1078 2669 1158 2726 bano
1189 2666 1354 2742 Stephano,
1382 2666 1499 2723 exstitit

227 2773 417 2840 ordinatum,
442 2783 475 2831 ut
498 2773 561 2831 duo
585 2773 761 2832 molendina
785 2774 823 2832 de
848 2775 955 2844 tribus,
979 2775 1096 2832 scilicet
1119 2789 1215 2832 unum
1239 2773 1350 2832 melius
1366 2777 1397 2831 et
1412 2769 1496 2829 aliud

229 2879 377 2950 deterius,
410 2879 536 2937 deberet
569 2880 683 2938 habere
706 2880 939 2938 archidiaconus
969 2879 1149 2950 antedictus,
1181 2882 1311 2938 tercium
1334 2893 1409 2936 vero
1432 2893 1498 2936 mo-

227 2985 400 3056 lendinum,
431 2987 543 3043 melius
581 2986 734 3056 deteriori,
772 2987 921 3045 deberent
952 2987 1065 3044 habere
1097 2988 1179 3043 cives
1217 2985 1255 3044 de
1286 2985 1397 3056 Grech,
1435 2985 1497 3042 suis

230 3093 341 3149 usibus
365 3093 544 3165 aplicatum.
572 3093 651 3151 Cum
675 3095 769 3166 igitur
793 3095 872 3152 bone
896 3095 940 3151 rei
964 3093 1039 3150 dare
1062 3093 1237 3150 consultum
1261 3093 1412 3166 presentis
1435 3092 1498 3148 vite

228 3200 343 3256 habeat
387 3199 562 3256 subsidium
598 3201 715 3274 pariter
749 3207 778 3258 et
812 3207 923 3270 eterne,
961 3201 1163 3257 intencionem
1199 3198 1389 3256 laudabilem
1425 3197 1498 3255 dicti

228 3306 370 3377 magistri
396 3307 450 3378 pio
474 3305 580 3364 lavore
604 3308 749 3381 prosequi
773 3309 938 3381 cupientes,
964 3315 996 3364 ut
1019 3313 1133 3364 terram
1156 3307 1186 3363 in
1212 3305 1312 3364 insula
1328 3308 1496 3377 prenotata,

229 3429 246 3470 a
270 3413 361 3469 nobis
387 3411 535 3469 fratribus
558 3414 757 3470 cisterciensis
781 3413 897 3471 ordinis
921 3413 1025 3471 datam
1049 3419 1078 3470 et
1102 3412 1178 3470 alias
1201 3415 1307 3482 terras,
1332 3426 1409 3484 quas
1432 3410 1497 3468 iure

229 3521 378 3591 empticio
411 3518 510 3576 dictus
540 3519 773 3577 archidiaconus
796 3519 966 3578 dinoscitur
988 3519 1161 3594 possedisse
1185 3525 1214 3576 et
1236 3517 1297 3576 duo
1321 3515 1499 3574 molendina

229 3623 378 3699 predicta,
410 3625 489 3682 sicut
515 3627 657 3698 superius
687 3633 732 3682 est
756 3627 952 3700 premissum,
982 3624 1121 3685 conferre
1146 3625 1242 3698 possit
1274 3623 1423 3680 fratribus
1447 3637 1492 3679 se-

230 3731 372 3805 pedictis,
397 3731 539 3789 dedimus
563 3739 592 3789 et
616 3733 821 3790 concessimus
841 3733 940 3790 eidem
960 3732 1131 3806 plenariam
1153 3729 1341 3800 facultatem,
1357 3727 1397 3799 id,
1414 3728 1498 3802 quod

230 3854 288 3911 per
318 3839 495 3911 predictum
529 3837 653 3895 Petrum
684 3837 934 3896 archidiaconum
967 3838 1082 3896 iactum
1106 3843 1151 3895 est
1175 3838 1204 3894 in
1229 3836 1397 3910 premissis
1430 3851 1498 3910 pre-

229 3945 370 4002 sencium
403 3945 573 4018 patrocinio
604 3944 828 4002 confirmantes.
862 3945 902 4002 Ut
930 3945 1024 4017 igitur
1047 3944 1198 4018 premissa
1221 3943 1320 4001 robur
1342 3941 1499 3999 obtineant

228 4059 383 4126 perpetue
415 4051 587 4122 firmitatis,
617 4067 671 4108 nec
703 4052 821 4126 possint
852 4065 908 4125 per
937 4051 1117 4123 quempiam
1152 4063 1295 4122 processu
1321 4055 1499 4120 temporum

228 4159 411 4228 retractari,
443 4158 479 4214 ad
513 4167 649 4216 eternam
678 4159 721 4216 rei
746 4157 929 4216 memoriam
954 4161 1112 4230 presentes
1136 4153 1251 4212 eisdem
1277 4152 1423 4210 iratribus
1447 4151 1499 4209 de·

228 4265 337 4322 dimus
361 4265 480 4322 litteras
503 4264 660 4338 dupplicis
684 4265 780 4338 sigilli
804 4263 898 4322 nostri
924 4262 1095 4320 munimine
1119 4261 1287 4318 roboratas.
1312 4259 1427 4316 Datum
1444 4274 1500 4332 per

228 4387 345 4429 manus
369 4372 509 4442 magistri
534 4370 705 4444 Smaragdi,
730 4371 864 4428 albensis
888 4370 1016 4427 ecclesie
1033 4368 1191 4442 prepositi,
1214 4367 1284 4425 aule
1300 4372 1403 4424 nostre
1419 4367 1499 4423 vice·

229 4478 428 4548 cancellarii,
460 4477 564 4535 dilecti
595 4485 625 4535 et
653 4477 755 4534 fidelis
785 4477 888 4535 nostri.
923 4478 1011 4533 Anno
1042 4475 1159 4534 domini
1191 4473 1361 4532 millesimo
1388 4472 1500 4529 ducen-

229 4585 345 4641 tesimo
370 4584 628 4656 quinquagesimo
655 4584 802 4656 seplim0;
833 4585 927 4642 tercio
956 4581 1103 4640 kalendas
1126 4581 1242 4655 aprilis.
1274 4580 1372 4652 Regni
1395 4585 1498 4635 autem

227 4691 330 4748 nostri
354 4705 435 4747 anno
457 4689 606 4746 vicesimo
629 4689 770 4747 secundo.

325 4845 531 4908 Etransumpto
551 4842 661 4908 capituli
681 4843 865 4908 zagrabiensis,
886 4844 918 4892 de
935 4857 1002 4892 anno
1033 4851 1103 4900 1557.
1128 4841 1158 4891 In
1178 4842 1286 4891 archivo
1312 4856 1368 4890 ven.
1389 4839 1499 4904 capituli

227 4935 338 4998 zagrab.
369 4961 399 4970 -
428 4934 495 4998 Joan
524 4931 646 4981 Thalete:
676 4931 788 4980 Manum.
818 4931 909 4981 histor.
935 4931 1050 4996 episcop.
1076 4931 1180 4995 zagrah.
1207 4932 1258 4980 vol.
1285 4928 1303 4978 1.
1330 4929 1394 4994 dipl.
1420 4930 1448 4977 (ἵ
1474 4944 1499 4993 p.

232 5023 382 5074 llo-117.
