3600 5804
517 552 590 609 Dec.
614 548 684 628 138.
708 566 777 628 139.
799 586 834 594 -
854 551 908 610 An.
933 565 1020 630 1327.

1174 659 1179 664 .
1190 659 1198 664 .
1218 645 1331 665 -..-..L.-.-
1392 660 1401 664 -

727 746 811 812 138.

246 871 317 916 Anno
339 877 413 926 1337,
433 879 473 929 24
493 868 573 934 Junii.
594 868 623 918 In
642 869 705 918 Alto
727 869 822 933 lapide.

195 997 283 1053 Mkic'
299 997 383 1053 totius
407 995 564 1054 Slaooucac
585 997 685 1066 barrus,
708 997 833 1070 episcopa
855 999 971 1071 uogrerb.
995 1000 1109 1072 eiusque
1127 1000 1365 1072 procuratoribus

330 1103 452 1160 decernas
474 1123 494 1160 a
516 1104 663 1177 quibusvis
684 1111 781 1161 exacte
803 1104 954 1161 soluendus
976 1123 1041 1173 esse,
1060 1105 1210 1177 praecipit.

231 1248 339 1320 Mykch
363 1249 463 1306 tocius
486 1247 649 1305 Sclavonie
675 1248 779 1304 banus¹
804 1247 902 1306 Fideli
926 1264 982 1305 suo
1006 1251 1155 1320 magistro
1172 1248 1337 1324 Stephano,
1354 1265 1404 1308 co-

158 1355 215 1410 miti
236 1355 369 1411 crisiensi
392 1355 525 1411 salutem
556 1360 586 1410 et
616 1353 818 1410 dileccionem
850 1355 1008 1412 sinceram.
1033 1354 1112 1411 Cum
1137 1354 1281 1412 dominus
1305 1361 1407 1412 noster

158 1478 202 1517 rex
218 1469 275 1517 tam
292 1461 460 1518 verbaliter
476 1476 569 1532 quam
588 1461 755 1517 literatorie
771 1475 841 1516 curn
858 1461 1036 1518 horninibus
1052 1461 1115 1518 suis
1131 1466 1252 1518 nostros
1269 1461 1407 1518 homines

156 1581 204 1638 pro
227 1565 380 1638 exigendis
403 1565 532 1622 decimis
556 1566 586 1622 in
609 1565 710 1638 specie
735 1567 765 1622 in
789 1565 930 1637 dyoecesi
946 1567 1144 1640 episcopatus
1161 1566 1289 1624 ecclesie
1305 1582 1407 1639 ragra-

157 1673 255 1728 biensis
285 1672 456 1728 venerabili
480 1672 510 1728 in
535 1671 658 1728 Christo
683 1673 761 1746 patri
787 1678 817 1729 et
837 1671 971 1739 domino,
993 1671 1119 1728 domino
1144 1671 1288 1728 Ladislao
1313 1670 1408 1728 delet

157 1778 309 1850 apostolica
331 1777 436 1848 gracia
460 1776 541 1834 dicte
564 1778 692 1834 ecclesie
715 1777 921 1850 zagrabiensis
949 1777 1105 1850 episcop0,
1127 1777 1280 1850 compatri
1304 1783 1408 1834 nostro

156 1881 312 1952 karissima,
329 1883 591 1955 provenientibus,
611 1899 743 1940 unacum
769 1884 1021 1957 procuratoribus
1046 1883 1184 1940 eiusdem
1209 1881 1327 1940 domini
1344 1883 1406 1956 epi-

156 1989 229 2061 scopi
252 1987 288 2045 ad
304 1989 363 2044 hoc
382 1988 575 2062 deputandis
592 1990 714 2056 tociens,
732 1990 873 2061 quotiens
889 1987 1057 2062 expediens
1075 1986 1166 2044 fuerit
1181 1987 1344 2059 destinare,
1361 1989 1406 2062 ip·

156 2109 252 2166 sasque
267 2094 402 2151 decimas
418 2111 435 2150 a
452 2095 614 2166 quibusvis
631 2099 735 2163 status,
752 2095 947 2164 condicionis
965 2093 1122 2166 dignitatis
1138 2102 1168 2151 et
1184 2094 1409 2168 preeminencie

157 2201 320 2258 hominibus
345 2202 374 2257 in
398 2201 480 2257 dicta
503 2200 653 2272 dyoecesi,
676 2201 871 2274 episcopatus
888 2201 1060 2270 memorati,
1077 2201 1257 2270 constitutis,
1275 2216 1334 2258 non
1354 2202 1409 2258 ob-

157 2313 242 2364 stante
264 2308 402 2380 ipsorum
419 2323 516 2380 prava
535 2314 564 2364 et
580 2308 710 2364 abusiva
728 2309 874 2363 hactenus
890 2307 995 2364 habita
1014 2306 1243 2377 consuetudine,
1263 2307 1291 2364 in
1309 2308 1410 2380 specie

158 2429 206 2484 per
219 2412 311 2470 dictos
326 2414 467 2470 homines
485 2428 556 2470 suos
573 2421 602 2470 et
619 2419 747 2482 nostros,
764 2429 819 2469 sua
836 2413 919 2485 regia
936 2413 1117 2470 auctoritate
1136 2414 1231 2486 recipi
1249 2412 1348 2471 iacere
1366 2415 1411 2471 in.

157 2525 231 2590 tegre
246 2525 274 2576 et
287 2520 377 2592 plene
390 2520 470 2590 exigi
484 2535 501 2576 a
514 2518 596 2576 dicto
610 2519 735 2575 domino
748 2519 894 2592 episcopo
907 2525 936 2574 et
948 2519 1011 2574 suis
1027 2518 1280 2591 procuratoribus
1292 2521 1410 2593 absque

157 2624 368 2682 diminuacione
391 2625 519 2697 aliquali
543 2627 691 2698 assignari
716 2625 848 2682 firmiter
871 2625 991 2682 dederit
1014 2625 1044 2681 in
1076 2609 1244 2698 preceptis;
1270 2625 1411 2685 fidelitati

159 2739 247 2787 vestre
269 2732 473 2804 precipientes
497 2732 690 2802 mandamus,
715 2738 866 2804 quatenus
889 2731 967 2789 detis
989 2734 1129 2789 homines
1153 2738 1271 2790 vestros
1288 2735 1410 2806 tociens,

159 2837 290 2907 quociens
312 2837 459 2910 expedire
483 2837 640 2895 videbitur
668 2838 705 2895 ad
737 2838 876 2895 homines
906 2838 989 2909 regie
1020 2839 1197 2908 maiestatis,
1222 2839 1252 2896 in
1278 2855 1412 2912 quorum

160 2943 303 3013 presencia
328 2945 393 3017 ipse
416 2942 535 3000 decime
559 2945 588 3000 in
612 2943 694 3002 dicta
718 2944 858 3016 dyoecesi
883 2945 1079 3018 episcopatus
1109 2945 1316 3017 zagrabiensis
1348 2947 1410 3003 exi-

158 3053 258 3105 stentes
280 3050 309 3105 in
330 3051 431 3122 specie
452 3057 482 3106 et
508 3051 605 3107 eciam
630 3051 783 3108 mediante
806 3051 931 3118 auxilia,
948 3051 973 3108 si
998 3065 1077 3124 opus
1094 3049 1194 3122 tuerit,
1220 3067 1274 3123 per
1299 3068 1408 3125 procu-

158 3161 261 3210 ratores
283 3155 412 3228 predicti
437 3155 555 3213 domini
586 3156 719 3214 Ladislai
753 3158 899 3230 episcopi,
924 3157 1093 3230 compatris
1124 3158 1220 3214 nostri
1244 3156 1407 3228 karissimi,

159 3258 246 3316 eidem
269 3261 395 3318 domino
418 3263 564 3336 episcopo
589 3264 618 3320 in
642 3263 726 3320 horis
750 3269 779 3320 et
802 3265 950 3334 terminis,
976 3264 1089 3336 quibus
1112 3263 1189 3320 alias
1212 3263 1242 3320 in
1267 3261 1409 3334 dyoecesi

158 3365 447 3440 archiepiscoporum
472 3375 501 3424 et
524 3368 741 3442 episcoporum
768 3370 852 3441 regni
877 3369 1011 3441 Vngarie
1035 3375 1195 3426 consveter
1219 3367 1359 3427 dicentur
1381 3376 1410 3426 et

159 3483 174 3524 a
194 3472 326 3542 quolibet
348 3473 378 3530 in
404 3475 505 3546 specie
529 3475 716 3547 recipiantur
739 3491 774 3531 ac
799 3477 888 3548 plene
911 3483 941 3533 et
965 3476 1082 3547 integre
1102 3475 1219 3548 absque
1235 3476 1341 3548 aliqua
1366 3476 1412 3534 di·

160 3575 317 3635 minucione
340 3580 509 3650 exigantur.
535 3579 627 3636 Aliud
651 3581 677 3636 si
700 3587 804 3637 nostra
827 3580 953 3638 dilectio
976 3582 1066 3638 vobis
1098 3581 1200 3654 placet
1229 3581 1328 3639 iacere
1352 3598 1412 3640 non

160 3684 257 3740 ausuri.
280 3683 395 3741 Datum
421 3685 450 3740 in
475 3686 548 3742 Alto
573 3685 684 3758 lapide,
717 3687 747 3743 in
773 3685 850 3742 sesto
875 3687 955 3744 beati
984 3687 1132 3769 Johannis
1157 3687 1297 3758 baptiste.
1323 3689 1413 3744 Anno

161 3783 263 3845 domini
287 3791 316 3845 ll
341 3791 557 3847 trecentesimo
581 3791 637 3846 XX
661 3793 801 3863 septimo.

236 3905 256 3953 E
279 3907 349 3956 libro
369 3907 493 3972 privileg.
513 3913 624 3972 eppatus
643 3909 747 3972 zagrab.
767 3909 812 3958 iol.
833 3920 872 3958 20.
893 3909 923 3958 In
943 3909 1052 3959 archivo
1072 3909 1225 3975 archiepisc.
1246 3911 1350 3974 zagrab.

734 4105 818 4170 139.

254 4225 326 4273 Anno
348 4235 424 4284 1327,
446 4236 483 4284 13.
505 4226 579 4292 Julii.
601 4226 629 4274 In
649 4228 704 4276 alto
724 4227 820 4292 lapide.

224 4350 339 4410 Coretus
361 4354 538 4426 Hungariae
561 4363 607 4411 etc.
631 4375 694 4426 rex,
716 4357 823 4413 cc'oibus
851 4356 1058 4415 Grectteuse'bus
1080 4359 1200 4414 decimas
1224 4360 1349 4432 episcopo

475 4463 603 4534 zagrat,
626 4463 788 4535 denegatos,
811 4466 842 4521 iu
865 4466 969 4522 crimen
994 4467 1084 4522 uertit.

242 4586 369 4645 Karalus
400 4587 450 4645 dei
480 4590 584 4661 gracia
616 4607 671 4647 rex
703 4591 842 4663 Vngarie.
878 4593 1037 4650 Fidelibus
1067 4593 1130 4649 suis
1161 4592 1263 4662 iudici,
1295 4593 1410 4662 iuratis,

167 4688 270 4748 civibus
299 4701 328 4750 et
362 4695 513 4752 universis
543 4696 720 4754 hominibus
748 4699 882 4756 cuiusvis
906 4705 1002 4756 status
1026 4716 1079 4756 seu
1104 4699 1291 4756 condicionis
1314 4699 1413 4755 homi-

167 4793 246 4852 nibus
268 4799 295 4856 in
318 4801 442 4858 civitate
458 4801 603 4859 Grecensi
628 4804 800 4861 constitutis
824 4806 956 4861 salutern
980 4815 1010 4862 et
1032 4806 1177 4877 graciam.
1203 4805 1286 4861 Licet
1306 4809 1413 4861 cuncta

168 4896 253 4958 fidelis
277 4905 414 4962 crucifixi
440 4905 558 4965 familia
578 4909 663 4965 iuxta
682 4925 834 4967 canonum
850 4916 962 4968 statuta
979 4917 1179 4984 paternorum
1195 4915 1225 4967 et
1241 4911 1415 4967 sancciones

168 5004 322 5068 salutiferas
359 5012 390 5068 in
421 5014 505 5070 omni
538 5015 634 5072 tocius
663 5016 772 5074 mundi
803 5024 891 5090 parte
922 5018 976 5074 ubi
1000 5017 1112 5090 religio
1135 5017 1300 5074 christiana
1322 5015 1417 5088 profi·
