3600 5804
564 565 636 623 Doc.
662 579 731 642 140.
759 597 794 607 -
820 564 987 641 An.1327.
1350 575 1409 636 1²3

164 764 239 822 lariis
260 766 288 820 et
310 763 379 820 aliis
402 763 433 820 in
457 763 541 820 horis
565 769 594 820 et
627 762 765 820 terminis
796 762 911 834 quibus
942 762 1019 818 alias
1051 761 1080 818 in
1105 774 1200 831 regno
1223 763 1327 815 nostro
1351 758 1412 814 exi-

162 874 270 942 gimtur,
292 870 386 926 iustas
416 868 551 926 decimas
574 875 692 926 vestras
715 874 744 925 et
768 873 943 925 vestrorum
967 873 1060 942 prout
1084 867 1113 924 in
1138 865 1272 923 aliorum
1294 864 1411 920 archie-

163 975 345 1049 piscoporum
377 981 408 1032 et
438 976 657 1049 episcoporum
689 974 775 1046 regni
806 973 942 1046 Vngarie
973 973 1169 1045 dyoecesium
1193 969 1260 1028 dari
1293 968 1412 1026 decime

161 1085 369 1138 consveverunt
390 1080 508 1154 absque
530 1081 615 1138 omni
639 1079 823 1138 difficultate
846 1079 926 1137 detis
948 1087 978 1136 et
1001 1079 1067 1136 dari
1092 1079 1183 1152 plene
1206 1077 1324 1148 absque
1346 1074 1412 1132 ulla

161 1186 352 1244 diminucione
367 1186 498 1258 faciatis
514 1187 593 1244 sicut
609 1192 746 1244 nostram
763 1185 1019 1259 indignacionem,
1036 1201 1096 1258 que
1113 1183 1239 1257 culpam
1256 1195 1412 1254 quamque

159 1293 253 1366 puniet
274 1291 458 1362 excedentis
482 1293 620 1365 graviter
636 1294 790 1350 incurrere
815 1291 998 1362 formidatis
1022 1290 1107 1348 aliud
1126 1288 1225 1346 lacere
1241 1289 1271 1346 in
1288 1286 1411 1344 nullum

159 1403 290 1455 eventum
317 1404 595 1472 presumpmentes.
626 1399 698 1456 Tibi
732 1413 807 1456 vero
837 1397 951 1469 Mykch
986 1398 1067 1454 bano
1102 1394 1280 1453 firmissime
1314 1392 1412 1466 preci-

161 1505 259 1577 pimus,
287 1509 321 1561 ut
349 1505 388 1561 ad
422 1505 540 1562 dictum
572 1505 729 1562 hominem
761 1510 901 1562 nostrum
935 1509 965 1561 et
999 1503 1077 1560 alios
1113 1506 1234 1559 nostros
1270 1499 1411 1557 homines

161 1624 341 1683 quocumque
373 1612 497 1668 nomine
527 1617 675 1668 vocentur
706 1612 846 1668 homines
877 1617 946 1668 tuos
976 1615 1029 1680 tot,
1061 1614 1137 1681 quot
1167 1606 1205 1664 ad
1231 1604 1411 1678 exequenda

160 1717 297 1789 premissa
331 1716 475 1774 sufficere
509 1717 699 1775 videbuntur
729 1716 803 1774 dare
835 1715 956 1784 debeas,
988 1716 1040 1788 qui
1072 1713 1170 1772 dictas
1197 1713 1333 1770 decimas
1356 1727 1412 1784 per

163 1821 289 1879 homines
318 1823 517 1896 prescriptos,
548 1823 705 1896 prelibato
735 1822 862 1880 domino
893 1821 1038 1879 Ladizlao
1065 1821 1211 1894 episcopo
1235 1825 1264 1875 et
1287 1817 1411 1876 nomine

164 1941 212 1984 suo
232 1929 481 2000 procuratoribus
510 1929 574 1986 suis
597 1944 632 1985 ac
655 1929 752 2002 ipsius
775 1927 903 1986 ecclesie
927 1927 1182 2001 procuratoribus
1205 1925 1243 1982 de
1267 1923 1412 1981 omnibus

165 2032 246 2089 rebus
268 2049 284 2090 a
306 2033 364 2090 deo
387 2035 509 2091 collatis
532 2035 563 2092 in
587 2034 688 2108 specie
712 2032 881 2091 secundum
898 2031 1150 2091 consuetudinem
1166 2031 1299 2088 aliarum
1315 2030 1411 2087 eccle·

164 2137 264 2195 siarum
295 2141 324 2197 in
352 2156 448 2213 reguo
472 2141 606 2211 Vngarie
633 2140 834 2197 existencium
858 2153 917 2196 non
943 2139 1084 2196 obstante
1107 2151 1216 2194 eorum
1239 2136 1411 2210 prescripta

164 2246 366 2303 consvetudine
389 2252 420 2303 et
443 2246 621 2318 corruptela
644 2246 773 2302 erratica
797 2244 863 2301 dari
885 2243 1003 2302 faciatis
1018 2244 1110 2316 plene
1126 2253 1156 2299 et
1172 2243 1289 2314 absque
1306 2241 1412 2313 aliqua

165 2347 353 2408 diminucione
376 2359 480 2408 nostra
503 2351 590 2424 regia
612 2352 791 2408 auctoritate
814 2350 966 2423 persolvi;
987 2348 1071 2406 aliud
1096 2349 1174 2406 sicut
1197 2363 1253 2405 nos
1276 2347 1412 2418 graviter

165 2454 305 2514 offendere
335 2457 528 2531 pertimescis
559 2455 659 2514 facere
690 2472 749 2514 non
781 2471 920 2514 ausurus.
944 2456 1059 2513 Datum
1090 2456 1121 2512 in
1145 2454 1220 2511 Alto
1244 2452 1357 2527 lapide,
1380 2451 1411 2509 in

166 2556 232 2617 lesto
254 2561 338 2618 beate
361 2563 534 2634 Margarele
558 2562 695 2634 virginis.
726 2565 817 2620 Anno
840 2561 958 2619 domini
982 2561 1217 2620 MCCCXXVII.

239 2677 318 2730 Liber
336 2679 404 2746 priv.
425 2685 537 2746 eppatus
549 2681 653 2745 zagrab.
668 2679 712 2730 sol.
729 2688 768 2735 17.
782 2679 812 2730 In
832 2680 903 2732 arch.
923 2678 1077 2744 archiepisc.

736 2909 825 2978 140.

255 3055 335 3112 Anno,
358 3061 432 3112 1327,
455 3063 492 3102 12.
513 3053 637 3104 octobris.
658 3053 812 3119 Zagrabiae.

198 3179 287 3238 Melet
301 3183 385 3239 totius
407 3181 564 3240 Slaooniae
586 3183 686 3253 banus,
709 3183 821 3239 nicilum
842 3182 1042 3240 solvendarum
1065 3183 1237 3238 decimarum
1259 3183 1289 3238 in
1312 3182 1368 3254 cpi-

579 3297 694 3362 scopatu
717 3289 834 3363 zagrab.
858 3289 987 3346 imiimi.

239 3429 346 3500 Mykch
377 3431 477 3488 banus
508 3431 604 3488 tocius
635 3430 806 3503 Sciauonie,
837 3448 941 3490 comes
971 3431 1164 3504 symigiensis
1195 3437 1224 3488 et
1257 3430 1295 3487 de
1321 3428 1412 3487 Saris.

162 3533 306 3592 Universis
328 3537 523 3610 presencium
547 3538 693 3596 noticiam
713 3540 866 3597 habituris
881 3540 1014 3597 salutern
1031 3539 1061 3595 in
1079 3553 1123 3606 eb,
1141 3539 1194 3610 qui
1210 3543 1255 3594 est
1271 3537 1412 3593 omnium

8 3629 10 3640 '
94 3687 104 3704 ‚
161 3654 225 3697 vera
243 3641 330 3699 salus.
355 3641 437 3698 Inter
459 3649 560 3700 cetera
583 3659 643 3716 que
666 3644 884 3702 sollicitudinis
907 3651 1010 3702 nostre
1033 3659 1107 3701 cura
1133 3641 1298 3700 cottidiana
1316 3641 1412 3698 medi*

161 3746 266 3803 lacione
287 3747 424 3804 revolvit
447 3747 526 3805 illud
551 3751 684 3807 occurrit
707 3757 810 3807 nostre
841 3749 1096 3808 consideracionis
1120 3749 1313 3823 precipuum,
1338 3761 1412 3819 qua·

160 3850 221 3908 liter
242 3853 432 3911 venerandus
456 3854 628 3912 orthodoxe
650 3855 724 3913 fidei
745 3857 856 3928 cultus,
881 3854 987 3914 debito
1010 3855 1136 3912 anobis
1159 3860 1190 3911 et
1212 3853 1332 3925 aregio
1347 3868 1412 3910 ma-

160 3955 253 4014 iestate
275 3959 365 4016 nobis
388 3961 561 4017 commissis
584 3961 696 4018 affectu
719 3961 833 4020 devoto
856 3967 885 4019 et
909 3967 1073 4019 veneretur
1095 3965 1125 4018 et
1148 3961 1276 4017 colatur.
1300 3959 1345 4015 Ex
1376 3973 1412 4015 eo

161 4062 234 4120 euim
256 4069 354 4137 potest
377 4071 482 4122 noster
505 4072 535 4122 et
558 4067 647 4123 nobis
672 4069 884 4142 temporaliter
908 4067 1146 4125 commissorum
1178 4066 1283 4138 augeri
1307 4069 1412 4133 status,

160 4168 182 4225 si
202 4171 262 4242 regi
284 4187 393 4243 regum
417 4179 506 4244 grato
528 4173 678 4245 obsequio
709 4189 923 4244 occurramus;
946 4189 1055 4231 revera
1086 4173 1180 4230 deum
1212 4173 1241 4230 in
1266 4171 1324 4228 hoc
1348 4185 1412 4228 ma-

162 4274 235 4332 xime
250 4277 309 4334 coli
324 4279 541 4351 prospicimus,
559 4278 682 4350 quando
699 4279 793 4337 iustas
809 4279 952 4350 decimas,
970 4295 1046 4352 quas
1062 4279 1122 4336 sibi
1138 4283 1257 4336 creator
1273 4277 1412 4334 omnium

163 4381 255 4437 asuis
276 4381 424 4440 fidelibus
446 4384 478 4440 in
500 4384 623 4455 signum
648 4384 831 4443 universalis
863 4385 992 4443 dominii
1024 4389 1205 4456 reservatas,
1229 4383 1413 4441 clericorum

163 4485 258 4543 usibus
280 4487 448 4562 deputavit,
471 4489 619 4546 ministris
649 4491 855 4562 zagrabiensis
886 4493 1022 4563 ecclesie,
1046 4491 1099 4565 qui
1129 4489 1245 4548 eisdem
1272 4489 1313 4546 ab
1336 4489 1412 4546 olim

164 4587 271 4650 fuerant
292 4593 474 4665 defraudati,
498 4596 635 4667 persolvi
660 4596 776 4668 integre
799 4612 1010 4670 procuramus.
1036 4597 1187 4670 Quamvis
1211 4596 1309 4654 eciam
1333 4609 1412 4654 sere-

163 4695 291 4756 nissimus
314 4701 457 4773 princeps
481 4700 625 4758 dominus
649 4701 790 4773 KaroluS‚
823 4701 872 4759 dei
904 4703 1008 4774 gracia
1037 4703 1168 4760 illustris
1191 4717 1246 4759 rex
1269 4701 1412 4774 Vngarie,

164 4799 291 4862 dominus
313 4813 424 4879 noster,
448 4807 538 4864 nobis
561 4813 703 4865 oretenus
726 4815 755 4865 et
777 4824 833 4882 per
866 4808 958 4882 plura
989 4824 1116 4866 suarum
1140 4809 1227 4882 paria
1251 4808 1412 4865 literarum

164 4906 214 4965 hoc
234 4910 311 4969 idem
338 4912 562 4987 perficiendum
586 4929 658 4970 cum
682 4914 801 4984 effectu,
824 4915 891 4971 zelo
915 4914 1092 4972 devocionis
1117 4929 1270 4984 accensus,
1295 4913 1414 4971 dederit

166 5011 191 5069 in
213 5019 364 5076 mandatis.
389 5019 485 5092 igitur
509 5027 629 5077 matura
653 5019 875 5078 deliberatione
898 5021 1062 5094 prehabita
1086 5019 1288 5091 decrevimus,
1312 5024 1346 5076 ut
1368 5019 1413 5078 in·
