3782 5812
569 533 641 590 Doc.
664 543 712 607 25.
736 527 786 588 26.
812 565 854 574 —
876 533 932 590 An.
956 545 1166 608 1250-125r,
1461 552 1499 610 23

232 729 382 787 lationem
408 729 531 788 tandem
564 735 678 788 temere
709 733 937 804 processissent,
969 733 1037 807 ipsa
1067 733 1245 792 confirmari
1277 733 1316 792 de
1348 735 1413 792 iure
1440 748 1501 792 uon

231 841 364 908 poterat,
389 852 444 894 nec
468 836 610 908 debebat,
632 837 685 894 sed
711 839 819 910 pocius
850 839 972 908 irritari,
1005 845 1165 912 tamquam
1197 847 1303 898 contra
1331 840 1502 898 sanctiones

231 942 395 999 canonicas
419 948 575 1012 attentata,
599 949 633 1000 ut
656 960 694 1000 ne
717 943 756 1000 ad
780 944 1048 1004 confirmationem
1072 945 1291 1018 procederetur
1315 945 1501 1016 huiusmodi,

233 1046 373 1120 prelatus
398 1048 632 1106 archidiaconus
655 1049 765 1108 iterato
788 1049 877 1108 duxit
899 1051 938 1108 ad
963 1057 1100 1108 nostram
1128 1050 1314 1108 audientiam
1339 1051 1500 1126 appellan-

231 1151 326 1220 dum;
356 1155 443 1212 cuius
473 1155 683 1229 appellatione
712 1161 898 1230 contempta,
921 1156 1029 1227 dictus,
1056 1157 1307 1231 archiepiscopus
1342 1161 1371 1214 et
1406 1155 1501 1214 talem

231 1259 414 1317 electionem
446 1260 631 1319 confirmare
662 1269 692 1320 et
723 1261 825 1320 eidem
856 1263 1004 1337 Philippo
1035 1263 1078 1321 sic
1112 1263 1229 1320 intruso
1264 1262 1501 1320 consecrationis

232 1381 346 1422 munus
370 1366 548 1440 impendere
581 1369 708 1442 propria
739 1369 899 1426 voluntate
929 1369 1127 1442 presumpsit.
1155 1368 1257 1441 Quare
1281 1367 1381 1426 dictus
1403 1367 1501 1426 archi·

231 1470 395 1528 diaconus'
414 1473 577 1546 providere
607 1490 700 1548 super
730 1475 767 1532 iis
798 1491 816 1532 a
843 1475 933 1532 nobis
964 1491 1001 1532 ex
1034 1475 1308 1547 circumspectione
1331 1473 1502 1546 apostolica

231 1577 413 1650 postularit
437 1579 517 1636 Cum
539 1579 634 1652 igitur
657 1587 798 1638 nostrum
828 1579 867 1638 sit
901 1595 1000 1654 prava
1032 1579 1160 1652 dirigite
1187 1597 1222 1638 ac
1245 1579 1363 1638 directa
1387 1579 1501 1650 lovere,

230 1682 428 1754 mandamus,
453 1693 602 1758 quatenus
627 1686 751 1750 vocatis.
777 1687 830 1760 qui
859 1684 973 1744 luerint
1004 1684 1144 1756 vocandi,
1176 1691 1207 1743 et
1237 1685 1383 1758 inquisita
1407 1699 1501 1758 super

232 1790 400 1862 premissis,
432 1801 463 1848 et
494 1791 615 1865 cognita
647 1793 769 1865 plenius
800 1793 938 1863 veritate,
971 1791 1055 1865 quod
1084 1792 1266 1850 canonicum
1288 1789 1389 1862 fuerit,
1412 1791 1439 1850 si
1461 1790 1501 1848 de

232 1897 374 1969 parcium
398 1898 556 1956 voluntate
580 1898 772 1972 processerit,
795 1897 876 1956 infra
902 1905 1035 1971 quatuor
1052 1913 1171 1956 menses
1187 1905 1256 1970 post
1273 1897 1501 1971 susceptionem

232 2003 434 2075 presentium,
462 2005 671 2078 appellatione
695 2005 875 2079 postposita,
903 2003 1089 2072 decematis;
1120 2002 1264 2062 facientes
1288 2001 1371 2076 quod
1396 2001 1500 2060 decre·

230 2110 339 2166 veritis
363 2110 543 2168 auctoritate
566 2111 737 2184 apostolica
761 2110 893 2168 firmiter
915 2110 1084 2168 observari.
1111 2109 1258 2181 Alioquin
1285 2123 1410 2166 causam
1438 2107 1501 2165 suf-

229 2213 370 2272 ficienter
395 2216 575 2273 instructam
599 2215 637 2273 ad
661 2217 829 2290 apostolice
853 2216 934 2274 sedis
958 2215 1122 2272 remittatis
1149 2229 1288 2284 examen,
1313 2213 1499 2288 prefigentes

230 2321 374 2393 partibus
398 2323 643 2396 peremptorium
677 2323 844 2380 terminum
877 2327 1112 2396 competentem,
1137 2335 1200 2394 quo
1224 2337 1279 2394 per
1303 2335 1343 2390 se,
1368 2320 1419 2378 vel
1443 2335 1500 2394 per

228 2435 448 2499 procuratores
472 2427 599 2485 idoneos
622 2433 727 2486 nostro
750 2443 782 2486 se
811 2429 989 2503 conspectui
1019 2433 1238 2502 representem,
1263 2427 1385 2498 iustam,
1409 2423 1500 2484 dante

227 2533 366 2601 domino
390 2535 573 2592 sententiam
602 2541 770 2610 receptore.
802 2533 893 2608 Quod
924 2537 949 2593 si
980 2549 1041 2592 non
1072 2549 1188 2604 omnes,
1221 2533 1279 2592 hiis
1311 2530 1500 2606 exequendis

227 2641 372 2714 poteritis
395 2641 540 2700 interesse
564 2647 628 2714 etc,
645 2641 707 2699 duo
725 2649 863 2700 vestrum
880 2657 915 2699 ea
932 2641 1150 2699 nichilominus
1165 2645 1363 2713 exequantur.
1381 2637 1499 2696 Datum

226 2746 382 2819 Lugduni,
407 2747 547 2806 kalendis
570 2749 721 2806 Octobris
745 2748 921 2806 Ponticatus
944 2747 1042 2805 nostrl
1065 2760 1144 2803 anuo
1167 2751 1261 2804 sexto.

319 2881 439 2932 Farlatti.
460 2883 527 2932 lllir.
548 2898 612 2932 sacr.
633 2891 650 2932 t.
670 2883 701 2932 V.
722 2900 746 2948 p.
766 2891 825 2942 370,
845 2897 859 2932 e
878 2882 1053 2932 miscellaneis
1072 2881 1197 2945 Stephani
1217 2881 1319 2932 Baluzii
1338 2880 1400 2933 libr.
1424 2889 1445 2936 7.

833 3133 892 3198 25.

319 3183 398 3234 Circa
417 3197 457 3234 an.
480 3193 553 3242 1250.

316 3314 391 3372 Bela
407 3314 456 3372 lV.
473 3314 649 3388 Hungariae
665 3323 720 3374 etc.
736 3331 800 3386 rex,
815 3315 965 3374 fratribus
981 3315 1190 3374 Cisterciensis
1206 3313 1322 3372 ordinis
1343 3314 1374 3371 in
1397 3313 1499 3372 insula

225 3420 331 3494 Egidii
361 3421 392 3478 in
422 3435 483 3493 qua
513 3421 614 3477 insula
644 3427 818 3479 constructa
849 3421 907 3480 fuit
933 3422 1062 3488 ecclesia
1085 3421 1181 3478 sancti
1208 3419 1325 3502 Jacobi‚
1364 3423 1498 3491 ,terram

225 3529 319 3586 unius
344 3525 458 3584 aratri¹⁴
484 3525 610 3585 confert.

320 3661 410 3712 Huius
429 3662 579 3712 donationis
598 3662 696 3713 mentio
721 3661 749 3712 fit
775 3664 800 3712 in
826 3663 924 3712 litteris
948 3664 1065 3713 eiusdem
1091 3663 1169 3713 ltelae
1192 3663 1264 3728 regis
1284 3663 1317 3711 de
1337 3676 1405 3712 anno
1427 3667 1494 3719 1257

225 3752 289 3801 ride
308 3749 376 3800 infra
395 3765 434 3800 nr.
455 3759 495 3808 32.

334 4002 382 4050 An.
400 4009 473 4058 1251,
492 4009 530 4057 15.
544 4000 598 4048 dec.
612 3997 723 4048 Perusii.

225 4129 414 4185 Innocentius
440 4128 462 4184 Ι
466 4127 494 4184 V.
518 4127 607 4200 Papa
629 4127 758 4196 concedit,
783 4136 816 4184 ut
828 4129 907 4203 festo
929 4147 950 4184 s.
976 4125 1121 4200 Stephani
1134 4128 1210 4198 regr's
1225 4127 1255 4183 r'n
1271 4127 1386 4184 ccclesia
1403 4123 1497 4182 cathe-

418 4233 500 4290 drali
519 4233 636 4307 zagrab.
661 4234 856 4307 indulgentiae
877 4249 927 4312 40.
952 4233 1062 4290 dierum
1079 4233 1307 4306 promulgentur.

316 4377 402 4447 ltem,
428 4378 486 4434 sub
513 4377 598 4434 bulla
622 4377 795 4436 Innocencii
818 4393 898 4453 pape
922 4377 1033 4449 quarti,
1061 4381 1202 4433 emanata
1226 4375 1425 4450 pontificatus
1450 4376 1497 4432 sui

223 4499 307 4542 anno
335 4499 434 4554 nono,
466 4483 639 4540 continetur
661 4483 853 4558 indulgentia
876 4484 914 4541 de
938 4482 1048 4541 diebus
1079 4481 1292 4555 quadraginta,
1324 4481 1417 4539 modo
1447 4497 1496 4538 su-

225 4589 369 4664 pradicto
392 4585 423 4661 (i.
447 4605 471 4646 e.
496 4587 654 4662 profesto
677 4605 699 4647 s.
723 4591 804 4662 regis
827 4583 995 4665 Stephani).

317 4723 458 4788 Originale
476 4722 654 4790 conscriptum
678 4725 705 4774 in
730 4725 888 4782 membrana,
912 4725 1036 4790 plumbea
1064 4725 1137 4774 bulla
1163 4723 1300 4781 munitum,
1319 4725 1392 4787 quod
1411 4737 1492 4772 asser-

224 4819 304 4862 vatur
324 4811 350 4860 in
370 4811 480 4861 archivo
499 4827 556 4861 ven.
577 4827 633 4878 cap.
653 4815 713 4862 eccl.
734 4813 838 4880 zagrab.
859 4811 919 4862 fasc.
943 4822 998 4862 lot.
1018 4829 1056 4862 nr.
1080 4823 1100 4861 l.
1122 4811 1152 4861 ln
1172 4819 1246 4876 parte
1267 4811 1353 4860 media
1372 4816 1411 4860 est
1424 4825 1493 4860 man-

223 4915 292 4958 curn,
312 4902 358 4950 sed
380 4909 564 4966 argumentum
583 4901 639 4950 eius
652 4901 778 4952 insertum
797 4909 836 4951 est
855 4901 881 4951 in
900 4901 970 4950 libro
990 4902 1116 4952 Statutor.
1136 4900 1214 4966 capit.
1234 4899 1338 4965 zagrab.
1358 4905 1425 4964 part.
1447 4897 1493 4948 1v.

225 5004 284 5054 cap.
304 4988 338 5038 ll.
360 4987 444 5055 Typis
463 4989 584 5054 vulgavit
602 4989 675 5054 Joan.
695 4987 809 5039 Tlraldic'.
830 4989 899 5039 Mon.
917 4989 977 5039 hist.
998 4989 1075 5054 episc.
1096 4989 1201 5055 zagrab.
1222 5005 1245 5038 v.
1265 4987 1298 5037 11.
1319 5003 1344 5052 p.
1368 4997 1423 5046 103.
