3728 5806
382 547 442 606 262
804 543 877 604 Doc.
901 555 968 621 271.
994 577 1031 586 —
1058 544 1224 620 Arc1377.

379 745 464 818 ipsos
480 743 647 816 irruissent,
664 745 718 801 ubi
735 744 875 801 homines
898 743 996 816 ipsius
1012 743 1145 800 civitatis
1163 747 1266 800 nostre
1281 757 1314 798 se
1331 738 1526 798 defendendo
1543 739 1645 810 aliqua

379 864 467 906 arma
490 850 630 922 ipsorum
653 850 732 906 inter
748 849 871 921 signum
887 849 1082 922 recepissent,
1099 848 1187 906 etsie
1204 848 1349 904 mulieres
1365 851 1394 903 et
1410 845 1492 902 filias
1508 845 1644 918 ipsorum

381 954 595 1012 defendissent.
619 955 676 1012 His
699 971 759 1012 non
783 954 979 1026 sufficientes,
998 953 1108 1011 eodem
1131 954 1181 1011 die
1204 955 1284 1010 circa
1312 953 1421 1010 horam
1445 965 1644 1023 vesperarum

380 1059 420 1118 ad
443 1059 565 1117 Novam
589 1061 701 1117 villam
724 1076 823 1134 prope
846 1060 978 1118 fluvium
1001 1061 1090 1131 lane,
1114 1076 1174 1132 que
1197 1066 1242 1116 est
1265 1075 1323 1132 pro
1340 1059 1496 1115 territorio
1512 1055 1646 1130 predicte

381 1165 542 1224 Grecensis
565 1173 669 1223 nostre
690 1167 831 1237 civitatis,
855 1167 996 1223 homines
1020 1166 1151 1239 predicti
1167 1165 1295 1238 capituli
1310 1181 1404 1238 super
1420 1165 1521 1236 ipsam
1539 1163 1647 1218 villam

381 1288 473 1330 manu
505 1277 625 1330 armata
654 1281 684 1330 et
714 1273 850 1330 violenta
881 1273 1048 1343 irruissent,
1080 1273 1134 1328 ubi
1166 1271 1297 1328 feminas
1328 1278 1358 1326 et
1388 1271 1525 1342 virgines
1546 1268 1648 1325 detur·

381 1385 505 1453 passent
528 1385 557 1435 et
581 1379 731 1451 quasdam
755 1379 930 1444 violassent.
954 1395 990 1435 ac
1013 1394 1109 1436 unum
1133 1379 1293 1451 pociorem
1319 1377 1516 1448 iobagionem
1533 1376 1564 1431 in
1579 1390 1648 1447 pre-

381 1484 463 1542 dicta
494 1484 583 1541 Nova
614 1485 692 1541 villa
723 1491 753 1542 et
784 1485 814 1542 in
846 1501 902 1541 sua
932 1484 1026 1541 domo
1056 1483 1175 1540 crudeli
1202 1499 1274 1540 nece
1297 1481 1487 1540 occidissent.
1512 1481 1647 1554 Insuper,

384 1589 552 1662 quemdam
586 1598 726 1648 nostrum
758 1591 926 1662 concivem,
952 1589 1096 1647 videlicet
1128 1589 1330 1662 Mychaelem,
1363 1588 1464 1645 filium
1497 1587 1647 1656 Damiani,

381 1711 476 1754 manu
508 1697 644 1754 violenta
673 1697 881 1768 captivassent
914 1701 944 1753 et
976 1696 1186 1766 detinuissent,
1216 1711 1252 1751 ac
1281 1695 1311 1752 in
1342 1695 1480 1768 ipsorum
1518 1693 1649 1750 vinculis

382 1809 509 1877 captum
539 1803 714 1874 tenuissent,
745 1817 906 1876 quousque
937 1817 1045 1859 eorum
1079 1801 1248 1875 placuisset
1277 1800 1439 1868 voluntati,
1464 1797 1595 1856 eundem
1619 1799 1649 1854 in

383 1909 606 1982 quinquaginta
624 1909 737 1965 marcis
753 1907 951 1965 denariorum
967 1907 1122 1981 pactando
1138 1913 1309 1976 taxassent;
1332 1911 1363 1962 et
1377 1911 1545 1980 postquam
1569 1905 1650 1976 ipsas

383 2015 606 2087 quinquaginta
635 2028 754 2070 marcas
770 2013 810 2070 ab
827 2014 895 2085 ipso
912 2013 1098 2082 habuissent,
1114 2013 1219 2086 ipsum
1242 2012 1281 2068 de
1304 2027 1412 2069 eorum
1428 2011 1561 2068 vinculis
1581 2025 1651 2082 pre-

383 2121 472 2178 dictis
495 2119 674 2176 emisissent.
698 2119 770 2175 Post
793 2119 849 2176 hec
872 2120 970 2176 eciam
986 2117 1186 2192 Stephanum,
1207 2118 1309 2175 filium
1332 2118 1449 2201 Jacobi,
1467 2107 1649 2174 concivem¹

387 2227 536 2300 ipsorum,
560 2225 614 2282 ubi
637 2241 733 2297 equos
755 2226 852 2298 patris
876 2226 922 2282 sui
940 2225 970 2281 in
993 2225 1115 2298 pascuis
1131 2226 1160 2282 in
1177 2241 1285 2282 eorum
1302 2240 1413 2297 campo
1435 2224 1651 2281 custodivisset

383 2331 598 2405 captivassent,
630 2335 660 2387 et
690 2331 721 2388 in
752 2346 860 2388 eorum
892 2331 1026 2388 vinculis
1057 2330 1265 2401 detinuissent,
1297 2330 1394 2388 donec
1418 2331 1561 2403 ipsorum
1584 2331 1650 2403 pla-

382 2437 494 2495 cuisset
525 2436 694 2506 voluntati;
725 2443 755 2494 et
787 2437 841 2494 ubi
871 2437 978 2509 aliqua
1008 2437 1105 2494 verba
1136 2453 1194 2510 pro
1218 2437 1376 2510 premissis
1399 2436 1557 2507 dixissent,
1581 2451 1650 2492 cum

383 2542 523 2618 predicto
546 2543 683 2615 capitulo
705 2549 835 2616 propter
858 2544 998 2616 ipsorum
1021 2559 1133 2615 graves
1149 2550 1179 2599 et
1194 2559 1335 2600 enormes
1350 2543 1545 2600 necessitates
1560 2544 1650 2598 alter·

382 2653 509 2720 cassent,
540 2649 645 2722 ipsum
676 2649 849 2722 capitulum
883 2647 1092 2722 respondisset
1122 2665 1161 2706 ex
1191 2648 1330 2718 advers0,
1365 2648 1500 2705 dicentes
1535 2647 1651 2705 eisdem

382 2754 555 2826 iniurando‚
578 2760 613 2812 ut
636 2755 695 2828 ipsi
719 2754 820 2812 adhuc
842 2770 904 2812 non
927 2753 1055 2813 fuissent
1079 2755 1216 2825 cremati,
1240 2756 1323 2812 bono
1349 2754 1451 2824 modu,
1475 2754 1529 2811 sed
1549 2753 1650 2811 futura

384 2862 491 2936 peiora
520 2861 633 2918 sentire
664 2861 812 2918 deberent
842 2862 873 2918 in
905 2862 1156 2920 concremacione
1186 2861 1266 2919 dicte
1297 2861 1430 2919 civitatis
1453 2867 1565 2918 nostre.
1590 2861 1650 2919 Ubi

384 2967 494 3026 eodem
517 2982 586 3025 sero
615 2967 760 3025 videlicet
791 2968 821 3025 in
845 2967 894 3025 die
918 2966 988 3024 festi
1012 2968 1094 3025 beati
1125 2968 1287 3025 Laurencii
1311 2967 1455 3038 martiris,
1479 2967 1650 3040 predictam

384 3079 521 3132 nostram
544 3075 701 3131 civitatem
725 3074 756 3130 in
779 3073 849 3131 loco
872 3074 996 3131 meliori
1011 3080 1041 3130 et
1057 3075 1161 3148 platea
1178 3075 1295 3147 pociori
1312 3074 1382 3146 igne
1398 3073 1541 3130 fecissent
1556 3088 1651 3145 usque

384 3179 423 3237 ad
458 3195 640 3254 sumpmum
674 3180 739 3236 eius
774 3181 973 3250 concremari,
1008 3196 1070 3252 quo
1094 3195 1171 3250 sero,
1210 3179 1338 3253 quidam
1372 3181 1495 3237 institor
1529 3179 1651 3236 nomine

384 3287 546 3370 Johannes‚
571 3285 610 3344 ad
633 3303 688 3344 sua
711 3287 914 3344 mercimonia
936 3287 974 3344 de
996 3287 1136 3360 predicta
1156 3295 1261 3345 nostra
1277 3288 1400 3345 civitate
1416 3288 1473 3344 iter
1489 3287 1650 3360 aripuisset

386 3392 569 3463 faciendum,
593 3397 623 3450 et
646 3392 722 3450 dum
738 3393 842 3466 ipsum
859 3393 962 3465 ignem
982 3399 1012 3450 et
1028 3394 1253 3451 cremacionem
1269 3409 1301 3450 se
1316 3392 1500 3451 revertendo
1516 3393 1650 3462 vidisset,

387 3513 529 3556 reversus
554 3497 668 3570 fuisset,
693 3497 825 3556 eundem
849 3499 880 3556 in
903 3499 955 3556 via
974 3499 1102 3572 publica
1118 3498 1251 3573 predicti
1267 3500 1406 3556 homines
1422 3499 1550 3573 capituli
1568 3515 1652 3572 repe-

384 3603 493 3661 riendo
525 3609 555 3661 et
578 3603 616 3661 de
639 3603 786 3662 mandato
809 3605 950 3677 ipsorum
973 3605 1092 3662 crudeli
1122 3621 1196 3662 nece
1219 3605 1409 3676 occidissent,
1434 3607 1577 3678 bonaque
1598 3621 1652 3662 sua

385 3710 425 3766 ab
456 3709 566 3767 eodem
597 3711 803 3768 abstulissent.
838 3711 894 3767 His
926 3726 987 3768 non
1009 3711 1152 3782 contenti,
1188 3710 1323 3769 secundo
1347 3711 1396 3768 die
1421 3710 1489 3768 festi
1524 3711 1651 3784 predicti

385 3817 635 3874 concremacione
659 3816 791 3873 civitatis
821 3821 925 3874 nostre
954 3823 1086 3890 peracta,
1114 3818 1144 3874 in
1168 3818 1313 3890 ipsorum
1337 3819 1454 3875 civium
1476 3823 1649 3874 nostrorum

385 3936 497 3995 campo
517 3921 556 3978 ad
572 3937 703 3994 peccora
718 3922 858 3995 ipsorum
873 3922 1041 3993 irruissent,
1059 3923 1113 3980 ubi
1128 3924 1343 3997 pascebantur,
1361 3925 1428 3997 ipsa
1442 3939 1571 3997 peccora
1582 3938 1650 3980 cum

387 4027 587 4086 multitudine
610 4043 738 4086 suorum
762 4029 951 4101 complicum
976 4045 1069 4086 manu
1092 4037 1212 4087 armata
1236 4035 1266 4087 et
1293 4031 1430 4087 violenta
1455 4031 1651 4087 abstulissent

386 4137 416 4190 et
449 4131 519 4190 fena
549 4133 690 4205 ipsorum
722 4139 907 4206 congregata
938 4135 968 4191 in
999 4135 1117 4192 acervis
1148 4136 1261 4193 auffert
1289 4135 1436 4193 fecissent.
1460 4135 1498 4192 Et
1522 4135 1652 4208 quiade

387 4239 546 4313 premissis
577 4238 699 4311 plenius
729 4244 759 4296 et
790 4240 907 4296 cercius
938 4257 994 4313 per
1025 4256 1080 4298 vos
1104 4241 1241 4298 velimus
1265 4241 1395 4313 edoceri,
1418 4241 1561 4299 fidelitati
1585 4242 1651 4299 ideo

386 4349 489 4402 vestre
519 4343 652 4402 firmiter
682 4345 882 4418 precipiendo
914 4345 1105 4417 mandamus,
1138 4353 1289 4420 quatenus
1320 4363 1416 4404 unum
1439 4349 1492 4404 vel
1516 4347 1593 4404 duos
1615 4347 1651 4404 de

386 4465 572 4523 unaquaque
596 4451 736 4524 ipsarum
759 4451 879 4508 sedium
904 4453 1127 4522 transmittatis
1152 4453 1205 4526 qui
1228 4453 1268 4510 ad
1292 4453 1407 4511 dictam
1428 4454 1585 4511 civitatem
1601 4469 1651 4511 no

385 4559 483 4613 stram
519 4554 700 4626 accedendo,
735 4557 775 4612 ab
811 4557 956 4614 omnibus
983 4559 1096 4630 quibus
1128 4557 1214 4615 decet
1245 4565 1275 4616 et
1306 4559 1378 4616 licet
1408 4559 1514 4632 palam
1546 4567 1576 4616 et
1605 4575 1651 4616 oc·

388 4661 470 4719 culte
493 4661 707 4734 investigando
730 4662 827 4719 sciant
847 4668 876 4719 et
895 4663 1070 4721 intueantur
1092 4664 1131 4721 de
1154 4666 1307 4738 primissis
1331 4666 1456 4740 plenam
1482 4667 1650 4736 veritatem,

389 4773 418 4825 et
448 4766 573 4825 tandem
601 4768 713 4825 seriem
741 4769 881 4826 omnium
911 4771 1145 4843 premissomm,
1176 4777 1271 4844 prout
1294 4771 1404 4829 exinde
1427 4773 1517 4830 vobis
1541 4774 1652 4830 veritas

388 4875 558 4933 constiterit
593 4875 658 4932 sine
692 4877 777 4933 omni
804 4875 878 4934 dolo
910 4881 940 4933 et
970 4875 1077 4934 favore
1113 4876 1240 4934 domino
1273 4883 1378 4936 nostro
1401 4879 1467 4951 regi
1490 4879 1542 4936 vel
1565 4880 1653 4937 nobis

478 4989 487 5021 ¹
505 4989 536 5042 In
555 4990 698 5058 originali:
716 4993 872 5060 Stephanus,
891 4992 963 5045 filius
980 4993 1082 5060 Jacobi,
1102 4993 1225 5045 concivis.
