3600 5804
546 591 618 647 Doc.
642 603 711 649 210.
740 623 776 631 -
802 590 969 667 An.1347.
1337 593 1395 669 189

415 695 543 702 —-—

131 791 265 864 procedit
288 791 400 848 iterum
424 807 534 849 versus
558 789 722 848 meridiem
745 790 880 847 inbono
903 791 1008 863 spacio
1032 795 1061 847 et
1085 791 1168 848 venit
1191 789 1229 846 ad
1246 791 1391 848 arborem

132 898 223 954 cerasi
246 912 335 954 cruce
368 898 530 969 signatam,
563 903 646 954 meta
672 903 772 954 terrea
798 895 1019 956 circumfusam
1044 897 1073 954 in
1098 897 1213 969 angulo
1236 895 1397 953 cuiusdam

134 1004 217 1060 vinee
233 1004 440 1072 constitutam,
460 1003 573 1060 abhinc
595 1000 761 1060 reflectitur
777 1017 885 1058 versus
901 1002 1092 1060 occidentem
1107 1007 1136 1058 et
1154 1001 1262 1059 transit
1280 1001 1398 1059 vallem

133 1117 160 1166 et
182 1111 263 1166 venit
295 1109 333 1166 ad
365 1110 511 1167 arborem
543 1109 647 1166 harazt
679 1123 769 1164 cruce
801 1108 953 1180 signatam
984 1115 1014 1164 et
1041 1113 1123 1164 meta
1146 1114 1249 1165 terrea
1266 1108 1397 1164 circum·

134 1215 237 1286 fusam,
260 1217 375 1274 abhinc
397 1215 539 1289 procedit
570 1215 683 1272 iterum
714 1229 821 1271 versus
844 1213 1036 1272 occidentem
1060 1213 1175 1271 directe
1197 1219 1227 1270 et
1251 1215 1334 1270 venit
1357 1213 1395 1270 ad

135 1323 212 1380 viam
234 1323 405 1396 publicam,
429 1338 489 1394 que
512 1321 652 1395 procedit
676 1319 866 1378 deecclesia
892 1320 1030 1393 predicta
1051 1319 1182 1378 fratrum
1208 1335 1315 1378 versus
1343 1319 1398 1377 Za·

134 1430 279 1502 grabiam.
303 1445 360 1503 per
384 1445 477 1502 quam
501 1429 586 1486 viam
609 1428 693 1485 cadit
716 1429 745 1484 in
771 1427 897 1496 vallem,
917 1442 973 1500 per
990 1442 1085 1498 quam
1102 1426 1219 1484 vallem
1236 1427 1395 1484 consvevit

135 1535 277 1608 pluvialis
309 1551 389 1608 aqua
422 1535 594 1606 decurrere,
626 1535 739 1591 abhinc
769 1531 936 1590 reflectitur
967 1532 1081 1590 directe
1110 1548 1218 1590 versus
1243 1538 1399 1606 septemp-

135 1641 262 1698 triouem
294 1657 349 1714 per
380 1641 507 1698 dorsum
542 1639 701 1697 cuiusdam
734 1639 848 1696 montis
872 1639 951 1696 inter
974 1638 1051 1696 duas
1075 1639 1160 1696 vales
1184 1637 1321 1696 Globoki
1346 1637 1399 1696 dol

134 1753 161 1804 et
183 1747 279 1804 tendit
302 1761 397 1820 supra
421 1763 478 1820 per
501 1748 604 1819 ipsum
628 1744 754 1802 dorsum
781 1745 895 1802 montis
922 1761 1030 1802 versus
1054 1746 1330 1818 septemptrionem
1355 1743 1400 1801 di-

135 1858 210 1909 recte
233 1854 371 1910 ervenit
394 1852 433 1910 ad
457 1854 602 1910 arborem
626 1853 722 1908 cerasi
746 1865 836 1908 cruce
859 1851 1021 1922 signatam,
1044 1851 1157 1908 abhinc
1175 1867 1230 1924 per
1246 1849 1397 1923 quasdam

136 1959 235 2016 vineas
259 1957 399 2031 procedit
423 1975 529 2016 versus
552 1963 673 2015 montes
697 1963 726 2014 et
749 1957 833 2014 venit
856 1956 895 2013 ad
919 1956 1073 2029 quendam
1098 1958 1306 2014 monticulum
1326 1957 1400 2014 emi·

136 2071 262 2134 nentem,
285 2065 340 2122 ubi
364 2070 409 2122 est
432 2065 522 2122 vinea
553 2063 678 2122 lwanko
706 2063 863 2135 Popouich
892 2069 1012 2134 vocata,
1036 2064 1067 2120 in
1090 2064 1177 2120 cuius
1200 2063 1304 2120 medio
1331 2069 1400 2120 sunt

136 2170 263 2242 quedam
287 2187 385 2244 parve
407 2172 536 2228 arbores
559 2171 673 2239 harazt,
697 2183 790 2242 quam
815 2169 938 2225 vineam
961 2168 999 2225 ad
1022 2175 1119 2226 metas
1138 2169 1323 2226 eorumdem
1340 2169 1400 2226 fra-

136 2281 213 2332 trum
237 2276 377 2346 includit,
407 2277 521 2334 abhinc
544 2277 574 2332 in
598 2275 721 2332 modico
753 2275 859 2348 spacio
886 2291 994 2332 versus
1016 2277 1292 2349 septemptrionem
1315 2275 1396 2333 cadit

138 2382 166 2439 in
187 2383 346 2456 publicam
369 2385 463 2454 viam,
494 2399 554 2456 que
576 2383 617 2440 ab
639 2383 769 2440 ecclesia
792 2381 946 2438 dictorum
969 2381 1101 2438 fratrum
1126 2381 1265 2454 procedit
1289 2397 1396 2440 versus

136 2487 282 2560 Grachan,
305 2491 412 2564 ibique
435 2491 625 2548 terminatur.
651 2489 695 2546 lta
718 2487 801 2561 quod
825 2493 905 2546 terre
929 2503 1000 2544 cum
1029 2489 1127 2546 vineis
1150 2505 1257 2546 versus
1280 2495 1400 2546 montes

137 2593 171 2650 ad
194 2595 277 2669 ipsos
300 2596 475 2653 Heremitas
498 2596 695 2669 pertinebunt
719 2595 749 2652 in
773 2599 922 2667 quantum
945 2610 978 2650 se
997 2609 1105 2651 eorum
1122 2600 1202 2652 mete
1220 2595 1397 2653 extendunt.

137 2699 167 2757 ln
196 2702 406 2760 testimonium
437 2707 541 2759 autem
572 2701 713 2758 omnium
738 2702 962 2774 premissorum
986 2707 1015 2758 et
1039 2700 1218 2759 firmitatem
1245 2703 1325 2759 circa
1347 2717 1398 2759 no·

138 2811 231 2864 strum
248 2808 409 2887 sigillum,
440 2809 603 2880 religiosus
626 2808 675 2864 vir
707 2806 802 2864 frater
826 2807 980 2879 Nicotaus,
1005 2808 1092 2880 prior·
1116 2807 1316 2881 provincialis
1343 2824 1398 2881 per

139 2912 321 2985 Hungariam
344 2920 374 2971 et
401 2912 598 2972 Sclauoniam
630 2913 669 2970 de
700 2929 848 2970 consensu
873 2912 1004 2970 fratrum
1029 2929 1156 2970 suorum
1181 2919 1253 2970 tunc
1277 2929 1400 2987 presen-

138 3019 214 3075 cium
237 3020 288 3093 pie
310 3025 341 3077 et
364 3021 525 3077 humiliter
547 3019 685 3093 predicta
709 3021 812 3077 omnia
835 3021 995 3092 recipiens,
1012 3021 1152 3092 sigillum
1169 3021 1399 3078 communitatis

139 3123 312 3182 eorumdem
344 3125 477 3182 fratrum
503 3125 573 3183 fecit
601 3125 745 3199 appendi.
778 3127 892 3183 Datum
924 3127 954 3184 in
985 3127 1093 3199 vigilia
1124 3128 1293 3184 nativitatis
1318 3129 1397 3184 beati

139 3227 280 3308 Johannis
305 3232 447 3306 baptiste.
473 3235 563 3290 Anno
586 3231 704 3289 domini
729 3231 961 3290 MCCCXLVll.

221 3347 242 3395 E
261 3349 322 3398 libr.
343 3349 470 3400 Statutor.
491 3349 570 3414 capit.
590 3351 694 3414 zagrab.
715 3365 739 3414 p.
758 3349 803 3398 IV.
825 3366 844 3399 c.
866 3349 956 3400 XXII.
986 3351 1060 3416 Joan.
1082 3349 1199 3400 Tkaltic.
1221 3351 1289 3401 Mon.
1310 3351 1398 3416 Hung.

140 3432 224 3484 histor.
246 3435 279 3486 ΙΙ.
299 3453 324 3501 p.
348 3447 492 3499 140—141.

723 3603 807 3669 210.

237 3745 312 3792 Anno
335 3751 409 3804 1347,
429 3758 452 3806 9.
472 3743 595 3810 Augusti.
614 3744 767 3810 Zagrabiae.

146 3849 301 3926 Capitulum
317 3856 502 3929 zagrabiense
517 3857 668 3930 erigendae
682 3857 844 3930 parochiae
859 3858 888 3914 in
905 3875 981 3914 nava
1001 3857 1083 3926 villu,
1101 3857 1274 3928 Zagrabt'ae,
1291 3865 1399 3914 terram

273 3963 428 4036 quamdam
450 3981 512 4019 cum
534 3962 647 4020 dectim's
670 3963 797 4020 onrrribus
820 3964 941 4021 eiusdem
964 3964 1114 4034 terrr'r‘orr'i,
1138 3963 1256 4038 conseri.

222 4105 401 4178 Capitulum
425 4108 632 4178 zagrabiensis
664 4107 800 4164 ecclesie.
832 4106 993 4165 Universis
1021 4105 1135 4164 Christi
1161 4105 1307 4163 fidelibus
1331 4123 1400 4179 pre-

143 4212 271 4270 sencium
293 4214 439 4270 noticiam
462 4214 624 4284 habituris,
647 4215 781 4271 salutem
798 4213 827 4270 in
845 4213 972 4270 domino
986 4213 1082 4296 jhesu
1099 4213 1230 4270 Christo
1247 4212 1399 4286 Quamvis

144 4319 231 4374 sancti
254 4317 302 4376 dei
326 4318 418 4376 laude
442 4319 535 4392 digna
565 4335 583 4377 a
614 4321 781 4377 christiano
811 4320 931 4393 populo
964 4319 1024 4376 sint
1055 4319 1224 4376 extollendi
1247 4321 1277 4376 in
1303 4321 1399 4385 terris

145 4424 192 4493 qui
213 4441 270 4498 pro
291 4425 361 4499 ipso
384 4426 600 4484 intercessores
624 4425 831 4484 efficacissimi
856 4427 989 4482 existunt
1012 4426 1042 4482 in
1070 4426 1160 4494 celis;
1187 4426 1274 4483 decet
1298 4431 1399 4482 tamen

145 4529 262 4589 illorum
286 4539 461 4590 sanctorum
486 4533 651 4605 specialius
676 4533 848 4606 patrocinia
871 4533 1023 4602 invocare,
1047 4532 1100 4604 qui
1125 4532 1154 4588 in
1179 4533 1283 4588 celesti
1301 4533 1399 4605 patria

146 4649 195 4706 pre
217 4639 322 4695 ceteris
345 4639 491 4711 ampliori
516 4639 714 4711 prerogativa
744 4639 934 4694 choruscant.
968 4638 1004 4694 Et
1028 4639 1174 4710 quoniam
1204 4638 1399 4695 beatissimus

146 4741 270 4816 baptista
293 4745 416 4815 Christi,
440 4746 603 4828 johannes,
627 4744 834 4802 sanctificatus
857 4744 966 4801 matris
990 4744 1019 4801 in
1050 4749 1146 4814 utero,
1171 4743 1347 4816 predicatur
1368 4753 1396 4801 et

147 4851 279 4924 creditur,
302 4869 337 4910 ac
360 4854 445 4910 iuxta
465 4851 635 4910 Salvatoris
654 4865 783 4910 ¹vocem:
807 4851 886 4907 inter
902 4855 990 4906 natos
1006 4849 1173 4906 mulierum
1189 4865 1250 4906 non
1266 4851 1398 4907 surrexit

146 4959 237 5015 maior
258 4977 302 5028 eo,
327 4959 457 5016 dubium
481 4974 542 5016 non
566 4959 677 5029 existit,
702 4958 799 5031 ipsius
830 4957 948 5013 meritis
971 4961 1001 5013 et
1024 4957 1171 5029 precibus
1195 4958 1320 5030 plebem
1345 4959 1398 5015 do-

148 5061 214 5120 mini
236 5080 345 5138 parare
368 5065 547 5139 perfeccius,
571 5081 631 5138 que
663 5071 727 5122 toto
759 5065 851 5122 corde
874 5066 974 5137 poscit
998 5065 1096 5122 illum.
1121 5065 1186 5122 Hac
1209 5067 1303 5137 igitur
1327 5081 1397 5122 con·
