3728 5806
632 569 705 626 Dor.
723 583 799 646 529.
826 603 862 613 -
889 570 945 627 An.
971 565 1059 646 1387.
1416 586 1476 647 307

212 765 413 841 expediendis
443 767 604 826 universas
627 768 733 826 literas
765 783 859 842 super
888 769 964 826 ortis
996 767 1128 843 provide
1160 768 1285 826 domine
1309 767 1401 826 Clara
1424 783 1479 826 vo·

212 877 288 944 cate,
311 872 377 930 filie
400 873 545 943 Anthoni,
568 873 626 930 filii
650 873 801 944 widonis,
825 875 975 932 consortis
990 889 1066 932 vero
1082 873 1219 945 Zakarye
1234 873 1357 945 Gallici,
1381 874 1478 931 nostri

213 979 357 1048 concivis,
381 979 462 1036 circa
493 985 623 1052 puteum
655 979 864 1037 Manduseuch
894 985 1047 1052 vocatum,
1079 981 1158 1038 inter
1188 985 1298 1038 stratas
1329 980 1480 1054 publicas,

213 1099 346 1156 quarum
369 1099 429 1141 una
452 1099 471 1141 a
493 1083 576 1142 dicto
600 1090 693 1160 puteo
716 1101 734 1141 a
758 1085 851 1160 plaga
874 1086 1017 1144 orientali
1041 1102 1148 1143 versus
1171 1101 1319 1159 campum
1341 1085 1480 1143 tenderet

213 1195 244 1246 et
266 1190 328 1246 alia
351 1189 487 1246 adorno
510 1189 641 1248 condam
666 1191 825 1248 Pertholdi
849 1191 993 1249 similiter
1019 1207 1117 1264 usque
1147 1192 1274 1264 plagam
1297 1191 1480 1248 orientalem

213 1295 308 1352 modo
331 1295 426 1353 simili
449 1295 488 1353 ad
512 1311 659 1370 campum
683 1297 816 1362 duceret
840 1313 937 1370 usque
961 1303 1063 1354 ortum
1087 1298 1308 1368 magistrorum
1331 1295 1480 1370 Stephani

214 1409 244 1458 et
268 1403 358 1472 Acus,
382 1401 441 1458 filli
464 1401 576 1473 Mikch,
601 1403 733 1460 condam
756 1403 837 1474 bani,
860 1402 1096 1460 extendentibus
1104 1421 1111 1472 ;
1135 1403 1166 1460 in
1190 1403 1304 1475 quibus
1321 1402 1396 1460 ortis
1412 1402 1480 1475 qui·

214 1507 287 1564 dam
311 1507 412 1564 coloni
436 1507 533 1580 ipsius
550 1507 674 1566 domine
691 1507 728 1565 ad
749 1525 873 1582 presens
889 1507 1023 1566 residere
1040 1508 1300 1582 dignoscerentur,
1317 1507 1356 1566 ad
1372 1522 1481 1564 manus

213 1619 332 1670 nostras
355 1614 530 1687 recepimus
553 1621 583 1670 et
606 1615 688 1687 ipsas
704 1615 823 1670 litteras
840 1615 1004 1672 casualiter
1019 1614 1221 1688 perdidimus
1241 1613 1311 1671 ideo
1329 1613 1481 1671 nollentes

214 1721 311 1794 ipsius
335 1719 459 1778 domine
482 1721 570 1778 iustis
593 1727 623 1778 et
645 1721 805 1794 legittimis
839 1721 958 1779 iuribus
989 1721 1146 1794 derogare,
1181 1727 1338 1794 presentes
1361 1723 1481 1777 nostras

214 1842 310 1884 novas
334 1827 452 1883 litteras
475 1843 568 1900 super
591 1827 738 1900 predictis
761 1828 837 1884 ortis
866 1827 1066 1884 concedentes
1097 1827 1222 1884 domine
1252 1825 1344 1884 Clare
1374 1840 1482 1900 supra-

214 1931 294 1989 dicte
316 1937 346 1989 et
369 1931 495 1990 eosdem
518 1939 602 1990 ortos
631 1932 730 1990 eidem
748 1931 873 1990 domine
889 1932 1072 2005 reliquimus
1088 1937 1117 1990 et
1134 1932 1347 1990 commisimus
1363 1931 1395 1988 in
1412 1946 1481 2003 per·

215 2045 308 2112 petuo
332 2044 362 2095 et
385 2038 631 2095 irrevocabiliter
655 2037 864 2110 possidendos
897 2037 1042 2094 tenendos
1072 2039 1187 2112 pariter
1217 2043 1247 2094 et
1273 2035 1410 2094 abendos
1443 2051 1481 2092 ex

215 2145 392 2202 condicione
416 2143 496 2202 dicte
524 2145 657 2202 civitatis
688 2144 980 2218 quomodocumque
1012 2145 1145 2202 voluerit
1176 2142 1391 2218 disponendos.
1421 2141 1484 2198 Lit-

214 2257 295 2308 teras
319 2251 425 2322 eciam‚
449 2251 474 2307 si
499 2266 559 2322 que
582 2249 663 2307 facto
687 2251 717 2307 in
741 2251 892 2324 premisso
915 2251 945 2307 in
968 2251 1123 2307 contrario
1146 2251 1339 2323 presencium
1355 2248 1482 2306 exhibe·

214 2364 328 2428 rentur,
353 2372 448 2414 vanas
471 2357 656 2429 reliquimus
684 2363 713 2413 et
745 2357 855 2413 inanes.
886 2357 920 2412 ln
951 2356 1037 2414 cuius
1069 2356 1113 2413 rei
1144 2355 1328 2412 memoriam
1352 2353 1483 2410 firmita-

215 2471 340 2536 temque
372 2468 554 2536 perpetuam
591 2463 710 2520 litteras
742 2469 845 2519 nostro
876 2463 980 2534 sigillo
1010 2462 1167 2518 communi
1198 2461 1359 2517 roboratas
1382 2459 1483 2516 eidem

215 2570 340 2628 domine
363 2571 510 2627 duximus
533 2568 751 2626 concedendas.
774 2568 890 2624 Datum
915 2566 990 2624 feria
1014 2567 1107 2624 tercia
1124 2567 1267 2639 proxima
1284 2571 1353 2623 ante
1370 2563 1483 2620 festum

215 2675 443 2748 purificacionis
466 2676 594 2746 virginis
621 2675 762 2746 gloriose.
788 2676 877 2731 Anno
900 2672 1017 2730 domini
1042 2671 1266 2729 MCCCLXXX
1289 2671 1429 2744 septima.

306 2809 447 2876 Originale
467 2810 493 2859 in
512 2811 670 2866 membrana,
689 2809 808 2874 sigillum
828 2808 934 2866 decidit,
957 2823 1020 2858 zona
1039 2807 1138 2858 sericea
1157 2807 1217 2856 alba
1237 2813 1262 2855 et
1281 2805 1400 2856 violacea
1419 2821 1483 2855 con·

215 2907 319 2949 servata
339 2906 383 2948 est.
399 2898 428 2948 In
442 2899 513 2952 arch.
528 2899 573 2947 lib.
588 2913 607 2946 r.
623 2897 671 2946 civ.
685 2898 791 2963 zagrab.

803 3110 891 3177 329.

323 3256 399 3304 Anno
422 3255 494 3312 1387.
518 3263 538 3303 l.
557 3253 654 3303 martii.
674 3253 827 3319 Zagrabiae.

216 3383 374 3440 ladislaus
397 3383 430 3439 de
452 3383 596 3440 Lassanclz
616 3381 763 3454 generalis
783 3380 948 3452 capitaneus
970 3378 1054 3450 regni
1080 3375 1213 3434 Croatiae
1235 3375 1433 3432 communitati
1445 3374 1484 3432 ci-

217 3493 294 3547 vium
318 3491 419 3546 mantis
448 3489 629 3558 Grecltcnsae's,
652 3489 833 3544 nrunitianem
848 3485 970 3559 capituli
982 3483 1109 3556 sagma,
1128 3483 1162 3538 de
1182 3483 1263 3538 cuius
1284 3481 1479 3538 coniuratione

485 3595 610 3669 conflata
632 3593 841 3668 srcspr'cabamr,
863 3599 897 3649 ut
918 3591 1050 3659 evellant,
1066 3589 1218 3663 praestitit.

307 3741 470 3799 ladizlaus
493 3740 531 3797 de
555 3740 736 3808 Losseonch,
759 3739 936 3811 capitaneus
958 3735 1111 3808 generalis
1130 3747 1298 3806 regnorum
1317 3729 1487 3802 Sclauonie,

219 3849 388 3918 Dalmacie,
420 3847 555 3918 Croacie,
587 3847 746 3916 banusque
778 3843 907 3900 Zeurini.
942 3840 1148 3898 Prudentibus
1176 3843 1206 3896 et
1237 3837 1376 3894 discretis
1410 3835 1487 3893 viris

220 3953 373 4012 iudicibus
396 3959 426 4010 et
449 3953 556 4010 iuratis
579 3967 615 4009 ac
638 3951 790 4008 universis
805 3947 1032 4006 habitatoribus
1048 3946 1161 4004 montis
1177 3942 1367 4003 Gresscentis
1390 3957 1489 4016 prope

219 4059 413 4133 Zagrabiam,
443 4060 583 4117 salutem.
616 4056 697 4130 Quia
722 4056 812 4114 nobis
835 4059 954 4112 constat
977 4069 1015 4110 ex
1038 4052 1191 4110 relacione
1214 4048 1380 4121 fidedigna‚
1402 4046 1487 4120 quod

218 4167 382 4250 Johannes,
413 4165 537 4240 pridem
567 4165 667 4222 banus
698 4161 876 4219 Macchouie
907 4165 937 4217 et
968 4159 1048 4216 alter
1069 4157 1233 4241 Johannes,
1256 4154 1380 4228 pridem
1401 4153 1489 4226 prior

219 4273 259 4331 de
282 4276 407 4332 Aurana
436 4288 506 4330 curn
538 4271 671 4328 Herwoe
694 4274 724 4326 et
748 4283 817 4325 cum
842 4267 950 4324 multis
973 4266 1043 4322 allis
1065 4263 1238 4321 rebellibus
1271 4275 1380 4318 eorum
1403 4273 1488 4317 com·

219 4381 355 4454 plicibus
378 4384 408 4438 et
430 4378 613 4453 sequacibus
636 4379 902 4448 congregaverunt
925 4373 1080 4443 ingentem
1103 4375 1132 4427 et
1153 4382 1303 4440 magnum
1319 4365 1489 4422 exercitum
1558 4413 1563 4424 .

220 4493 326 4544 contra
356 4492 386 4544 et
427 4485 575 4543 adversus
609 4497 716 4540 omnes
748 4479 857 4538 fideles
890 4478 1036 4550 reginalis
1070 4475 1239 4533 maiestatis
1272 4478 1302 4529 et
1334 4472 1490 4544 signanter

220 4599 327 4649 contra
357 4597 494 4649 vestram
525 4591 692 4660 civitatem,
724 4603 784 4660 que
815 4600 909 4658 super
939 4597 1046 4640 omnes
1077 4582 1107 4638 in
1139 4595 1193 4637 sua
1224 4577 1375 4636 fidelitate
1408 4577 1490 4634 lucet

221 4699 298 4756 sicut
329 4699 403 4756 luna
435 4712 529 4770 super
555 4696 669 4754 stellas.
693 4693 835 4765 Cumque
859 4706 932 4748 vere
955 4701 1185 4760 cognoscamus,
1209 4683 1293 4757 quod
1316 4683 1488 4756 capitulum

220 4805 418 4877 zagrabiense
429 4803 590 4860 firmatum
607 4802 646 4859 sit
662 4807 691 4858 et
707 4801 848 4856 clausum
866 4796 956 4866 fossa,
972 4793 1053 4868 palis
1070 4793 1180 4864 ligneis
1196 4796 1226 4848 et
1243 4791 1282 4848 sit
1300 4789 1427 4846 omnino
1438 4787 1490 4845 de-

222 4913 362 4968 stitutum
386 4910 471 4967 omni
493 4907 632 4966 custodia
656 4912 785 4980 propter
808 4903 987 4961 absenciam
1010 4899 1233 4957 nonnullorum
1256 4895 1424 4953 rebellium
1441 4909 1489 4951 ca-

221 5019 411 5088 nonicorum,
435 5016 508 5089 quia
531 5014 678 5072 adherent
702 5012 778 5085 ipsis
801 5008 974 5066 rebellibus
1006 5004 1199 5078 supradictis,
1224 5007 1255 5060 et
1276 4999 1437 5058 videamus
1461 5005 1491 5056 et

1370 5114 1385 5146 t
