3782 5812
601 580 674 638 Doc.
698 593 750 660 49.
777 614 813 624 -
839 579 895 637 An.
919 573 1010 638 1266.

200 795 312 854 quoque
339 779 456 838 nullius
487 780 659 840 exaccionis
689 779 775 837 tallie
805 795 858 837 seu
889 779 1019 838 collecte
1049 779 1101 838 vel
1132 781 1297 838 cuiuslibet
1323 781 1449 854 publice

200 885 363 956 funccionis,
386 889 439 942 aut
462 886 596 943 aliorum
619 885 822 944 serviciorum
846 887 945 943 honus
967 887 1072 944 subire
1095 885 1251 955 volumus,
1274 885 1328 943 sed
1352 886 1413 944 sint
1432 903 1450 944 a

205 993 381 1066 prestaeione
403 1007 509 1049 earum
534 993 564 1050 in
587 997 776 1066 perpetuum
799 992 890 1050 liberi
919 997 949 1049 et
980 992 1128 1050 inmunes.
1159 991 1204 1048 Ita
1226 999 1337 1062 tamen,
1365 992 1448 1065 quod

199 1097 326 1172 predicto
347 1097 417 1154 duci
442 1096 521 1168 Bele,
546 1097 709 1156 karissimo
731 1096 799 1156 filio
822 1103 935 1168 nostro,
962 1097 1167 1171 quadraginta
1189 1111 1309 1154 marcas
1333 1097 1449 1154 solum-

199 1203 284 1260 modo
299 1205 327 1261 in
343 1204 444 1260 usuali
459 1209 591 1274 moneta,
607 1202 823 1276 cuiusquidem
840 1210 962 1261 monete
978 1202 1107 1260 ducente
1124 1218 1217 1278 pense
1238 1202 1450 1276 predictarum

199 1309 389 1382 quadraginta
412 1324 587 1366 marcarum
612 1309 753 1366 valorem
777 1309 965 1381 contingunt,
989 1310 1020 1366 in
1043 1308 1094 1378 die
1116 1315 1321 1380 strennarum,
1344 1315 1373 1366 et
1389 1325 1451 1367 non

200 1421 262 1472 ante
283 1431 377 1486 neque
401 1419 480 1488 post,
504 1414 564 1488 ipsi
587 1413 682 1472 iidem
710 1414 793 1472 cives
816 1429 873 1490 per
896 1415 1023 1472 nuncios
1045 1430 1117 1473 suos
1139 1413 1258 1488 precise
1280 1421 1310 1472 et
1333 1415 1450 1488 absque

198 1520 434 1594 interpellatione
457 1520 598 1593 qualibet
621 1520 745 1579 mittere
767 1524 798 1578 et
819 1521 943 1579 solvere
966 1535 1024 1596 pro
1046 1535 1139 1578 censu
1162 1535 1263 1578 annuo
1282 1526 1449 1579 teneantur.

200 1625 388 1683 Condiciones
412 1626 516 1698 itaque
540 1633 570 1683 et
592 1626 753 1684 libertates
773 1627 931 1701 hospitum
948 1642 1001 1684 seu
1017 1626 1132 1686 civium
1149 1626 1180 1688 in
1195 1625 1334 1700 predicto
1350 1632 1450 1684 castro

202 1731 399 1788 habitancium
423 1739 453 1788 et
476 1730 736 1804 conveniendum,
765 1747 842 1806 quas
865 1733 925 1806 ipsi
948 1733 1028 1789 inter
1051 1747 1084 1790 se
1106 1731 1244 1790 fecerunt
1266 1737 1296 1788 et
1318 1747 1374 1788 uos
1397 1747 1450 1806 ap-

200 1837 390 1910 probavimus
418 1837 497 1894 tales
529 1837 698 1896 habentur:
731 1835 870 1911 Quodsi
893 1837 988 1896 iidem
1010 1838 1153 1920 hospites¹
1171 1837 1222 1894 vel
1245 1837 1328 1894 cives
1351 1837 1383 1896 in
1406 1837 1450 1895 di·

198 1943 297 2000 strictu
317 1943 483 2016 Hungarie,
502 1942 672 2015 Dalmacie,
689 1941 855 2016 Crovvacie‚
871 1942 1035 2002 Sclauonie
1057 1943 1183 2020 spoliati
1205 1943 1258 2000 vel
1280 1943 1373 2002 occisi
1394 1959 1452 2017 per

198 2049 324 2106 latrones
346 2049 398 2106 vel
421 2049 500 2107 alios
523 2048 739 2107 malefactores
763 2049 884 2122 fuerint,
916 2050 1060 2110 dominus
1083 2055 1163 2110 terre
1186 2049 1217 2108 in
1240 2065 1303 2124 qua
1325 2049 1451 2124 spoliati

198 2161 247 2213 aut
269 2155 354 2213 occisi
376 2153 499 2224 fuerint,
515 2155 657 2213 estimata
677 2157 846 2230 quantitate
861 2157 998 2230 pecunie,
1015 2157 1101 2216 iuxta
1116 2157 1282 2216 arbitrium
1297 2157 1450 2214 bonorum

198 2262 328 2320 virorum
350 2268 379 2319 et
401 2267 630 2319 sacramentum
660 2261 835 2320 concivium
864 2261 904 2320 ad
927 2263 986 2321 hoc
1008 2263 1177 2321 electorum
1201 2263 1254 2320 vel
1277 2263 1383 2320 ablata
1405 2278 1452 2320 re·

199 2367 306 2438 fundat,
339 2368 390 2426 vel
426 2366 661 2426 malefactorem
692 2367 852 2426 ostendere
882 2373 1029 2440 teneatur,
1060 2375 1114 2426 aut
1144 2367 1305 2427 homicidii
1339 2383 1451 2444 penam

199 2475 301 2545 solvat,
312 2475 395 2532 iuxta
407 2475 546 2532 Ducatus
561 2473 724 2532 Sclauonie
739 2473 993 2532 consvetudinem
1005 2476 1221 2552 approbatam.
1233 2475 1319 2546 Item,
1335 2475 1453 2532 tributa

199 2579 273 2638 infra
293 2581 409 2654 regales
432 2581 581 2638 terminos
605 2581 636 2638 in
658 2581 747 2638 nullo
771 2581 841 2638 loco
862 2581 985 2640 solvere
1008 2585 1175 2640 teneantur.
1202 2581 1288 2651 Item,
1312 2579 1452 2654 quicum-

200 2701 253 2758 que
274 2686 347 2744 civis
369 2687 467 2744 alium
492 2687 593 2744 civem
626 2687 798 2761 vituperiis
822 2687 979 2762 oprobriis
1008 2692 1063 2746 aut
1092 2687 1287 2745 contumeliis
1306 2687 1452 2759 affecerit,

200 2793 222 2849 sl
243 2793 309 2850 inde
338 2793 495 2850 convictus
526 2791 627 2864 fuerit,
658 2793 724 2850 leso
754 2791 862 2851 decem
892 2809 1011 2867 pensas,
1042 2794 1072 2852 in
1096 2807 1275 2850 communes
1302 2809 1452 2866 expensas

202 2905 315 2956 centum
337 2899 479 2957 denarios
502 2899 619 2968 solvat;
643 2900 697 2974 qui
719 2901 745 2958 si
761 2905 832 2974 post
847 2901 960 2958 trinam
977 2899 1204 2958 correccionem
1221 2917 1253 2959 se
1272 2915 1333 2958 non
1349 2915 1452 2958 emen·

200 3004 318 3076 daverit,
340 3007 433 3063 rebus
450 3005 596 3064 omnibus
611 3005 643 3064 in
659 3021 822 3064 commune
838 3006 1002 3080 applicatis
1017 3011 1166 3080 tanquam
1182 3004 1306 3064 infamis
1326 3005 1364 3064 de
1380 3006 1453 3064 civi-

201 3117 254 3168 tate
276 3113 404 3186 turpiter
428 3112 612 3186 expellatur.
636 3110 761 3186 Siquis
784 3113 877 3170 etiam
908 3113 1034 3186 alapam
1064 3112 1155 3170 alteri
1178 3111 1299 3170 dederit
1322 3111 1373 3169 vel
1397 3128 1454 3186 per

201 3218 289 3276 crines
310 3220 468 3278 maliciose
491 3220 629 3292 traxerit,
653 3219 782 3278 eandem
805 3235 918 3293 penam
935 3220 1093 3293 paciatur;
1116 3219 1241 3278 sivero
1265 3219 1330 3290 hec,
1354 3217 1453 3276 iudice

201 3324 314 3382 sedente
335 3341 394 3399 pro
418 3326 567 3384 tribunali
590 3325 643 3383 vel
663 3326 740 3384 alias
767 3327 957 3400 ubicumque
988 3326 1019 3383 in
1050 3326 1115 3384 eius
1138 3329 1304 3399 conspectu
1329 3323 1360 3382 id
1383 3341 1453 3398 per-

201 3437 311 3502 petrare
342 3433 552 3505 presumserit,
583 3448 662 3506 pena
693 3431 783 3506 dupli
812 3433 982 3506 plectatur;
1016 3431 1099 3506 quod
1123 3433 1148 3490 si
1172 3431 1231 3490 hoc
1260 3431 1291 3488 in
1322 3447 1454 3506 persona

202 3535 300 3594 iudicis
321 3537 374 3594 vel
397 3539 605 3613 cuiuscunque
628 3540 676 3596 sui
699 3539 861 3596 assessoris
891 3539 923 3597 id
950 3539 1166 3610 attemtaverit,
1198 3537 1304 3595 decem
1335 3553 1454 3608 marcas

202 3643 307 3700 usualis
329 3649 453 3700 monete
476 3659 535 3717 pro
558 3659 637 3718 pena
660 3645 810 3716 exsolvat,
835 3645 917 3718 quod
949 3645 975 3702 si
1007 3643 1157 3704 solvendo
1180 3659 1242 3700 non
1265 3641 1365 3714 fuerit,
1389 3658 1454 3700 ma-

204 3763 268 3804 num
290 3750 418 3807 amittat.
441 3748 474 3808 Si
498 3749 566 3822 quis
589 3766 664 3808 vero
681 3751 804 3822 cutello‚
821 3751 935 3822 gladio,
952 3750 1057 3812 lancea
1077 3755 1130 3806 aut
1145 3750 1257 3822 sagitta
1272 3755 1325 3806 aut
1347 3748 1454 3822 aliquo

203 3853 251 3911 tali
277 3855 371 3912 modo
398 3856 495 3914 alium
517 3857 727 3914 vulneraverit
750 3863 779 3914 et
803 3857 984 3914 vulneratus
1006 3855 1071 3912 sine
1094 3853 1216 3912 defectu
1239 3855 1455 3913 membrorum

203 3967 349 4020 resanatus
373 3960 476 4032 fuerit,
499 3962 622 4020 medico
646 3963 701 4020 lesi
725 3961 900 4034 satisfaciat,
925 3967 955 4019 et
975 3961 1041 4019 leso
1057 3961 1168 4034 viginti
1184 3961 1320 4034 quinque
1335 3975 1454 4034 pensas,

205 4066 330 4140 quinque
353 4083 428 4126 vero
452 4067 491 4126 ad
515 4085 589 4126 usus
616 4069 749 4127 civitatis
772 4069 947 4143 persolvat;
970 4067 996 4125 si
1019 4067 1147 4125 veroin
1170 4067 1276 4140 aliquo
1296 4068 1455 4125 membro·

203 4187 263 4229 rum
285 4173 463 4232 debilitatus
487 4173 587 4245 fuerit,
609 4173 729 4233 medico
753 4175 810 4232 lesi
833 4174 1008 4243 satisfaciat,
1025 4181 1054 4232 et
1076 4174 1141 4232 leso
1165 4173 1272 4230 decem
1290 4189 1410 4230 marcas
1425 4181 1455 4231 et

204 4276 236 4333 ad
257 4295 326 4338 usus
351 4281 484 4338 civitatis
507 4281 584 4339 duas
607 4297 728 4339 marcas
751 4282 918 4355 persolvat.
942 4280 975 4339 Si
999 4283 1068 4354 quis
1091 4296 1166 4338 vero
1182 4281 1340 4338 hominem
1363 4281 1455 4338 inter-

204 4381 298 4443 fecerit
320 4393 349 4444 et
375 4387 550 4459 eontigerit,
567 4387 627 4444 due
650 4393 755 4461 partes
770 4403 875 4445 rerum
892 4403 1018 4444 suarum
1036 4386 1144 4444 cedant
1160 4387 1340 4461 parentibus
1355 4386 1455 4459 occisi,

205 4503 268 4560 pars
290 4493 383 4550 tercia
407 4493 538 4562 civitati;
570 4493 595 4550 si
626 4499 730 4551 autem
754 4499 862 4567 eaptus
884 4491 986 4562 fuerit,
1009 4493 1178 4552 secundum
1202 4492 1454 4550 consvetudinem

205 4593 237 4651 de
260 4597 325 4671 ipso
349 4597 487 4656 vindicta
509 4605 691 4672 summatur,
715 4601 773 4657 nisi
797 4600 866 4674 quis
882 4600 914 4658 in
930 4599 1005 4658 ludo
1021 4601 1086 4656 sine
1102 4597 1306 4673 premeditata
1331 4599 1456 4655 malicia

207 4702 330 4775 aliquem
347 4705 543 4776 interfecerit,
569 4707 600 4764 in
615 4708 673 4764 hoc
689 4707 772 4764 enim
789 4722 861 4764 casu
877 4711 1000 4762 centum
1016 4721 1127 4779 pensas
1143 4704 1280 4776 cognatis
1295 4703 1455 4774 interfecti,

207 4807 304 4880 viginti
329 4827 405 4870 vero
425 4827 535 4886 pensas
558 4811 597 4870 ad
621 4829 801 4871 communes
824 4827 897 4870 usus
923 4811 1068 4870 refundat
1091 4809 1275 4882 interfector,
1291 4811 1339 4867 cui
1363 4811 1388 4868 si
1412 4809 1456 4867 fa·

208 4915 294 4974 cultas
320 4933 382 4975 non
397 4918 562 4990 suffecerit,
581 4919 695 4976 civium
713 4919 843 4977 arbitrio
858 4919 1059 4992 relinquatur.
1076 4917 1161 4988 Item,
1177 4917 1203 4974 si
1219 4917 1289 4989 quis
1304 4915 1341 4973 de
1358 4924 1458 4974 extra·

210 5021 266 5078 neis
289 5025 404 5082 intrans
423 5025 590 5098 civitatem,
606 5025 671 5084 sive
687 5026 718 5083 in
735 5026 812 5098 vicu,
829 5026 894 5083 sive
910 5025 939 5082 in
957 5025 1051 5081 domo
1067 5024 1132 5081 sive
1148 5023 1179 5080 in
1194 5021 1263 5080 foro
1278 5022 1402 5094 similia,
1425 5027 1460 5080 ut
