3600 5804
515 542 777 624 D0c‚184.185.
806 580 841 588 -
867 546 922 603 An.
949 561 1035 624 1343.
1347 553 1405 625 163

153 653 505 660 —-—.-—.——-—-—

152 747 347 804 concessimus
386 746 504 804 litteras
543 750 663 802 nostras
701 744 913 819 privilegiales
953 745 1078 802 maioris
1112 745 1209 816 sigilli
1244 746 1340 804 nostri
1377 751 1406 803 et

151 852 305 910 authentici
339 852 521 908 munimime
551 851 720 908 roboratas.
746 851 856 907 Actum
881 865 961 907 anno
984 850 1024 906 ab
1048 851 1259 908 incarnacione
1286 850 1403 908 domini

151 958 309 1015 millesimo
333 957 547 1015 tercentesimo
570 957 807 1029 quadragesimo
833 956 935 1024 tercio,
960 956 1055 1012 tercio
1071 955 1139 1012 idus
1160 957 1272 1014 mensis
1289 957 1404 1014 marcii.

150 1065 255 1121 Datum
272 1079 328 1136 per
351 1079 461 1120 manus
484 1063 608 1121 discreti
624 1063 684 1120 viri
699 1062 840 1135 magistri
856 1062 1004 1144 Johannis
1020 1061 1144 1118 lectoris
1162 1062 1289 1120 ecclesie
1304 1067 1407 1120 nostre

149 1168 297 1226 antedicte.
321 1168 477 1226 Districtis
500 1169 576 1226 viris
599 1168 748 1240 magistro
772 1167 868 1225 Paulo
893 1175 1025 1236 cantore,
1049 1166 1175 1224 domino
1198 1166 1333 1239 Georgio
1356 1185 1408 1225 cu·

150 1275 235 1345 stode,
273 1276 423 1348 magistro
455 1275 554 1346 Petro,
585 1274 747 1332 Orodiensi
778 1274 869 1343 dict0,
900 1271 1016 1331 decano
1047 1273 1175 1332 ecclesie
1205 1279 1311 1332 nostro
1338 1291 1407 1348 pre·

149 1380 222 1438 dicto
254 1381 424 1454 ceterisque
448 1381 689 1454 quampluribus
712 1381 744 1437 in
761 1379 869 1438 eadem
893 1378 1022 1436 ecclesia
1044 1383 1149 1437 nostra
1175 1380 1337 1438 nobiscum
1361 1381 1406 1437 iu-

149 1487 221 1558 giter
243 1486 299 1544 deo
324 1485 549 1544 famulantibus
573 1491 602 1544 et
626 1486 834 1544 existentibus

231 1641 369 1706 Originale
383 1641 409 1691 in
423 1641 581 1691 membrana.
596 1639 721 1706 Sigillum
734 1641 813 1690 deest.
828 1637 864 1689 In.
876 1639 946 1688 arch.
961 1653 1016 1688 ven.
1028 1654 1083 1704 cap.
1095 1637 1199 1704 zagrab.
1214 1637 1275 1688 fasc.
1293 1648 1313 1687 1.
1328 1653 1366 1688 nr.
1381 1645 1405 1693 7.

729 1925 815 1992 184.

245 2067 320 2116 Anno
342 2077 416 2128 1343,
439 2075 477 2125 15.
498 2067 594 2117 martii.
615 2065 753 2116 Avinione.

225 2197 361 2271 Georgio
384 2197 531 2266 Grobine‚
555 2198 702 2255 canonico
725 2197 916 2270 zagrabiensi
948 2211 966 2251 a
996 2195 1141 2268 pontifice
1165 2196 1326 2253 Clemente
1351 2195 1400 2253 Vl.

146 2302 290 2361 confertur
313 2306 509 2362 canonicatus
532 2306 622 2362 huius
646 2303 799 2360 ecclesiae.

228 2461 257 2506 ll
277 2458 399 2511 Theiner.
420 2457 490 2508 Mon.
510 2458 598 2522 Hung.
618 2457 677 2506 hist.
698 2455 718 2506 1.
736 2473 760 2521 p.
780 2457 840 2516 653.

728 2740 809 2806 185.

244 2902 317 2950 Anno
341 2909 415 2960 1343.
437 2910 477 2957 25.
497 2899 594 2950 martii.
614 2899 752 2949 Avinione.

173 3027 294 3102 jacobus
319 3029 464 3102 episcopus
491 3029 691 3086 cleanadicnsr's
716 3028 759 3084 ad
778 3029 919 3085 ecclesiam
942 3027 1062 3106 zograb.
1086 3029 1267 3102 transfirfier
1287 3025 1369 3084 etde

609 3153 686 3192 more
708 3135 924 3196 commendabat.

225 3295 367 3354 Clemens
392 3298 688 3370 episcopusservus
712 3313 875 3354 servorum
899 3297 956 3356 dei.
981 3298 1159 3355 Venerabili
1183 3297 1272 3355 fratri
1293 3297 1404 3354 Iacobo

148 3403 281 3476 episcopo
303 3403 496 3474 zagrabiensi
521 3403 653 3460 salutem
677 3409 707 3460 et
730 3403 934 3475 apostolicam
959 3404 1212 3462 benedictionem.
1240 3403 1341 3476 Quam
1365 3403 1404 3459 sit

149 3515 246 3565 onusta
268 3507 446 3582 dispendiis
479 3525 573 3582 quam
599 3508 690 3581 plena
714 3509 869 3582 periculis,
898 3515 1073 3582 quantaque
1097 3509 1275 3567 discrimina
1298 3524 1403 3566 secum

148 3614 238 3671 trabat
277 3615 397 3673 diutina
429 3616 629 3672 ecclesiarum
661 3616 789 3682 vacatio,
825 3615 943 3672 solicite
975 3613 1227 3672 considerationis
1262 3614 1404 3686 indagine

149 3727 370 3792 perscrutantes,
396 3721 527 3778 libenter
551 3722 708 3794 operarias
732 3737 840 3778 manus
867 3721 1054 3795 apponimus
1078 3727 1107 3778 et
1131 3721 1269 3780 studium
1292 3720 1403 3778 efficax

149 3823 342 3898 impertimur,
367 3833 401 3884 ut
424 3827 559 3886 viduatis
582 3828 729 3896 ecclesiis,
757 3832 849 3900 prout
873 3842 1085 3900 personarum,
1111 3827 1251 3885 locorum
1275 3833 1304 3883 et
1328 3833 1403 3884 tem·

148 3945 249 4001 porum
270 3933 405 4006 qualitas
429 3933 525 4004 exigit
545 3939 575 3990 et
598 3934 799 3990 ecclesiarum
821 3935 959 4007 ipsarum
986 3934 1103 3991 utilitas
1127 3932 1300 4006 persuadet,
1324 3949 1404 3990 nunc

150 4051 197 4107 per
211 4038 357 4112 simplicis
370 4039 556 4113 provisionis
570 4037 718 4108 officium,
731 4039 918 4112 quandoque
931 4055 1005 4097 vero
1018 4055 1073 4112 per
1086 4039 1293 4096 ministerium
1305 4043 1402 4095 trans-

151 4141 260 4201 lationis
281 4144 450 4202 accomode
473 4149 612 4218 pastores
636 4145 835 4218 preficiantur
858 4147 970 4218 ydonei
994 4155 1023 4202 et
1046 4147 1180 4203 ministri
1204 4145 1328 4220 providi
1352 4145 1403 4203 de·

151 4255 289 4319 putentur,
321 4251 376 4324 qui
406 4252 552 4324 exemplo
579 4253 683 4325 operis
714 4259 743 4310 et
777 4251 917 4309 doctrina
941 4253 1029 4310 verbi
1051 4259 1115 4309 tam
1138 4253 1225 4324 gregi
1248 4251 1402 4308 dominico

151 4367 233 4422 quam
254 4357 390 4414 ecclesiis
414 4358 457 4413 eis
476 4358 650 4414 commissis
667 4374 789 4431 preesse
806 4359 924 4416 utiliter
941 4359 1063 4416 valeant
1080 4365 1109 4414 et
1125 4356 1279 4431 prodesse.
1297 4356 1402 4430 Nuper

151 4458 287 4530 siquidem
318 4463 510 4535 zagrabiensi
541 4463 669 4520 ecclesia
700 4479 758 4536 pro
786 4479 822 4521 eo
847 4472 982 4532 vacante,
1007 4464 1090 4536 quod
1114 4479 1169 4521 nos
1192 4463 1402 4520 venerabilem

151 4561 261 4625 fratrem
284 4577 426 4627 nostrum
450 4568 629 4626 Ladislaum
653 4570 834 4642 episcopum
865 4571 941 4627 olim
976 4570 1208 4640 zagrabiensem
1232 4570 1262 4626 in
1286 4569 1402 4626 archie-

151 4670 295 4745 piscopum
330 4675 522 4732 colocensem
554 4675 696 4745 electum,
732 4674 803 4732 licet
835 4677 1003 4746 absentem,
1034 4692 1053 4732 a
1081 4677 1215 4746 vinculo,
1247 4690 1308 4748 quo
1342 4675 1403 4748 ipsi

151 4779 323 4847 zagrabiensi
347 4781 485 4848 ecclesie,
509 4781 558 4837 cui
583 4787 655 4836 tunc
678 4786 809 4854 preerat,
833 4783 1003 4851 tenebatur,
1021 4781 1059 4838 de
1076 4780 1207 4839 fratrum
1224 4786 1401 4838 nostrorum

152 4883 262 4942 consilio
285 4892 314 4942 et
338 4886 506 4959 apostolice
529 4887 690 4960 potestatis
713 4887 905 4960 plenitudine
921 4889 1125 4953 absolventes,
1143 4889 1245 4961 ipsum
1263 4886 1301 4943 ad
1319 4887 1401 4943 colo·

152 5001 257 5047 oensem
278 4991 448 5062 ecclesiam,
473 4999 544 5049 tunc
567 4997 736 5064 vacantem,
760 4993 906 5051 duximus
930 4994 1186 5060 transferendum,
1212 4992 1400 5066 preficiendo
