3600 5804
408 571 467 632 174
819 556 893 615 Doc.
918 567 985 634 197.
1014 590 1049 598 -
1075 556 1132 616 Ara
1158 570 1246 634 1344.

401 753 533 826 Quando
555 762 660 814 autem
683 773 720 814 ex
744 772 836 814 causa
867 757 974 829 aliqua
1004 757 1184 814 citacionem
1214 771 1307 815 unam
1338 771 1397 829 pro
1420 757 1500 812 trina
1524 756 1654 829 perhem-

399 859 534 934 ptoriam
558 862 719 934 contigerit
745 863 891 932 emanavi,
908 871 980 920 lunc
995 861 1239 936 condempnacio
1267 877 1337 919 eam
1360 867 1508 935 sequatur
1530 861 1600 918 acsi
1616 869 1658 917 ter

402 964 508 1023 luisset
532 967 600 1039 quis
624 968 741 1025 citatus.
765 968 797 1026 ln
823 969 931 1026 ceteris
955 983 1029 1026 vero
1057 967 1255 1026 iudicialibus
1286 968 1483 1041 processibus
1507 967 1537 1024 in
1560 967 1656 1023 huius-

401 1071 486 1130 modi
510 1073 845 1147 condempnaclonibus
868 1081 1009 1132 servetur
1034 1073 1108 1146 quid
1134 1073 1208 1130 iuris
1232 1077 1277 1130 est
1301 1073 1351 1130 vel
1368 1071 1591 1130 consvetudinis
1606 1086 1656 1143 ap·

402 1179 540 1251 probate.
564 1180 601 1236 Et
624 1185 657 1236 ut
681 1195 827 1253 processu
850 1187 1028 1254 temporum
1054 1179 1114 1251 ipsi
1129 1179 1226 1236 nostrl
1242 1179 1325 1236 cives
1341 1179 1406 1235 sive
1430 1178 1565 1250 hospites
1579 1178 1658 1250 quie·

400 1284 465 1340 cius
479 1285 601 1343 valeant
617 1301 808 1360 permanere,
825 1288 926 1344 curias
942 1301 994 1344 eos
1011 1285 1063 1343 vel
1080 1284 1192 1342 fundos
1207 1285 1363 1342 curiarum
1382 1285 1527 1340 volumus
1543 1283 1663 1370 equales

402 1391 517 1448 babere
541 1391 571 1448 in
597 1375 757 1450 latitudine'
780 1392 900 1464 saltem,
924 1391 1070 1450 videlicet
1091 1391 1217 1463 triginta
1241 1389 1375 1448 duorum
1400 1389 1595 1446 brachiorum
1610 1389 1658 1444 sil·

402 1497 561 1568 restrium,
585 1497 748 1571 longitudo
771 1505 875 1556 autem
898 1514 1006 1556 earum
1029 1514 1067 1555 ex
1090 1503 1221 1570 utraque
1244 1501 1332 1570 parte
1356 1496 1443 1553 vicus
1466 1493 1657 1569 protendatur

400 1619 499 1675 usque
520 1602 649 1661 lluvium
673 1605 739 1662 sive
762 1605 867 1662 rivum
890 1605 950 1662 sibi
973 1603 1165 1662 adiacentem
1188 1602 1227 1660 de
1250 1609 1342 1660 retro.
1372 1602 1527 1659 Volumus
1554 1605 1656 1671 autem,

402 1715 435 1766 ut
458 1709 518 1782 ipsi
541 1710 624 1767 cives
647 1711 712 1768 sive
736 1711 872 1784 hospites
896 1726 951 1769 nos
974 1716 1197 1783 recognoscant
1220 1725 1279 1784 pro
1301 1709 1364 1767 suis
1388 1708 1522 1766 dominis
1545 1713 1657 1765 natura·

401 1814 485 1872 libus
507 1819 538 1872 et
560 1816 650 1874 nobis
673 1822 834 1874 teneantur
856 1817 997 1874 assistere
1020 1832 1146 1890 semper
1169 1832 1241 1874 cum
1262 1815 1363 1874 solida
1385 1814 1536 1872 fidelitate
1559 1828 1656 1872 omnes

401 1925 430 1976 et
451 1921 565 1994 singuli
588 1938 659 1980 cum
673 1903 746 1979 ¹suis
769 1923 928 1995 inquilinis
957 1928 987 1980 et
1018 1923 1245 1996 pertinentibus
1269 1922 1308 1980 ad
1332 1922 1465 1980 eosdem.
1487 1922 1521 1978 ln
1544 1921 1658 1993 signum

402 2031 506 2085 autem
529 2029 750 2102 recognicionis
781 2029 910 2086 dominii
941 2030 1038 2086 nostri
1070 2029 1262 2103 temporalis,
1295 2030 1480 2086 tenebuntur
1502 2028 1589 2085 nobis
1611 2043 1658 2083 an-

403 2135 519 2191 nuatim
544 2136 575 2192 in
598 2134 676 2192 festo
699 2136 782 2192 beati
806 2136 928 2192 Martini
953 2133 1147 2207 confessoris,
1171 2136 1209 2193 de
1232 2135 1406 2206 novembri,
1422 2135 1535 2207 singuli
1552 2133 1588 2190 de
1603 2133 1658 2189 sin-

402 2240 484 2311 gulis
508 2241 600 2298 curiis
624 2242 750 2314 integris
773 2242 894 2298 solvere
918 2241 1123 2314 quadraginta
1147 2242 1289 2299 denarios
1305 2242 1431 2299 banales
1447 2242 1544 2298 bonos
1559 2247 1587 2297 et
1603 2239 1657 2296 tn'a

403 2361 531 2403 munera
555 2346 634 2404 inira
657 2363 780 2418 annum,
804 2346 843 2404 ad
867 2347 980 2405 festum
1012 2348 1156 2406 videlicet
1186 2349 1355 2406 nativitatis
1383 2347 1500 2406 domini
1534 2347 1658 2420 quilibet

403 2468 495 2510 unum
521 2469 671 2526 caponem
694 2454 821 2526 bonum,
845 2459 978 2526 quatuor
1000 2469 1093 2526 panes
1116 2459 1146 2511 et
1169 2469 1229 2512 ova
1253 2453 1367 2511 decem.
1395 2454 1480 2517 item,
1496 2452 1534 2510 ad
1550 2451 1656 2510 festum

400 2560 635 2617 resurreccionis
658 2559 776 2618 domini
800 2566 932 2634 quatuor
964 2575 1066 2634 panes,
1098 2576 1194 2618 unum
1225 2575 1358 2629 caseum,
1388 2575 1447 2617 ova
1478 2557 1655 2632 quindecim.

400 2665 478 2722 Item
501 2665 540 2724 ad
564 2666 678 2724 festum
700 2669 783 2725 beati
807 2669 887 2739 regis
909 2665 1057 2741 Stephani
1080 2666 1157 2723 duas
1179 2666 1312 2739 gallinas
1336 2667 1402 2723 sive
1426 2666 1529 2739 pullos
1556 2665 1656 2730 bonos,

401 2787 496 2844 panes
518 2778 651 2846 quatuor
682 2780 711 2830 et
741 2789 801 2830 ova
825 2773 947 2842 decem;
978 2773 1092 2846 quibus
1122 2773 1256 2830 contenti
1286 2787 1446 2845 nunquam
1478 2773 1517 2828 ab
1548 2772 1590 2828 eis
1613 2769 1658 2825 vel

401 2893 508 2936 eorum
532 2880 688 2953 aliquibus
712 2881 905 2952 requiremus
929 2880 1065 2953 amplius
1082 2879 1248 2936 solucionis
1264 2877 1426 2946 ordinarie,
1443 2877 1497 2934 sed
1513 2891 1563 2934 cos
1577 2891 1654 2932 com-

401 2986 516 3043 morari
539 2985 578 3043 ad
602 2987 751 3044 honorem
775 2985 825 3043 dei
855 2995 886 3042 et
916 2987 996 3043 beati
1028 2986 1109 3056 regis
1140 2983 1289 3057 Stephani
1320 2985 1349 3041 in
1381 2999 1436 3040 sua
1471 2983 1607 3041 libertate
1630 2990 1655 3037 et

401 3091 499 3148 libere
523 3093 744 3164 permittemus
770 3092 802 3148 ln
826 3107 960 3164 quorum
984 3091 1209 3164 premissorum
1233 3092 1373 3147 omnium
1396 3090 1494 3147 robur
1517 3098 1546 3146 et
1568 3088 1657 3145 firmi·

401 3203 496 3254 tatem
520 3198 715 3270 presentibus
739 3197 878 3270 sigillum
904 3204 1044 3255 nostrum
1066 3196 1213 3254 duximus
1236 3195 1465 3270 apponendum.
1497 3196 1608 3252 Datum
1629 3195 1656 3250 in

374 3365 377 3372 ,
401 3305 533 3362 crastino
550 3303 620 3361 lesti
636 3304 806 3362 nativitatis
822 3303 982 3360 benedicte
998 3304 1126 3376 virginis
1139 3303 1243 3360 Marie.
1262 3303 1350 3360 Anno
1365 3301 1485 3359 domini
1503 3299 1656 3358 thCCXL

401 3417 520 3482 quarto.

490 3545 630 3610 Originale
655 3545 682 3594 in
712 3547 870 3602 membrana,
895 3546 1015 3612 sigillum
1034 3545 1156 3610 deperiit.
1179 3545 1252 3598 Olim
1266 3546 1422 3595 servabatur
1435 3545 1462 3594 in
1475 3545 1583 3594 archivo
1596 3558 1656 3592 com·

401 3633 486 3683 munis
504 3634 594 3708 Novae
615 3634 703 3692 villae,
724 3650 790 3684 nunc
809 3641 896 3684 autem
915 3636 942 3684 in
961 3635 1031 3684 arch.
1052 3634 1099 3684 lib.
1119 3649 1173 3698 reg.
1200 3633 1271 3684 civit.
1298 3635 1403 3700 zagrab.
1432 3635 1526 3700 Joann.
1552 3631 1656 3682 Tlraltid.

400 3721 469 3772 Mon.
490 3721 550 3772 hist.
570 3722 648 3786 episc.
670 3723 772 3788 zagrab.
794 3723 827 3772 11.
844 3739 870 3788 p.
894 3732 950 3783 145.

993 3971 1076 4038 19‘1.
1115 4021 1116 4026 η

506 4113 581 4160 Anno
604 4120 677 4171 1344.
700 4120 738 4160 ll.
757 4111 915 4162 novembris.
936 4111 1089 4177 Zagrabiae.

399 4237 541 4295 Mcolaus
563 4241 648 4296 totius
672 4238 830 4296 Slaooniae
852 4241 952 4308 banus,
983 4241 1028 4297 ius
1050 4247 1079 4296 e!
1099 4241 1210 4296 lucrum
1236 4257 1365 4296 camerae
1387 4239 1512 4300 bannlis.
1533 4237 1651 4294 omnebus

398 4345 483 4416 regni
503 4345 641 4402 nobilibus
668 4347 848 4419 congregatis
878 4347 967 4420 zi'sque
996 4347 1236 4415 consentientibus,
1260 4346 1374 4422 jacobo
1406 4347 1465 4402 civi
1501 4342 1655 4408 Grecltensi,

626 4465 695 4527 300
719 4453 822 4509 marcis
845 4452 1029 4508 denariorum
1052 4460 1179 4510 monetae
1200 4452 1324 4522 banalti,
1351 4451 1432 4508 locat.

486 4595 549 4652 Nos
572 4595 717 4653 Nicolaus
741 4597 840 4653 banus
864 4597 962 4653 tocius
986 4595 1156 4654 Sclauonie.
1181 4597 1329 4654 Memorie
1351 4595 1597 4653 commendantes
1619 4599 1656 4648 te·

397 4715 471 4757 nore
505 4703 700 4773 presencium
734 4702 945 4774 significamus
979 4703 1093 4775 quibus
1129 4702 1254 4776 expedit
1288 4703 1449 4771 universis
1492 4701 1572 4774 quod
1607 4714 1656 4756 nos

398 4806 624 4864 considerantes
647 4813 677 4864 et
699 4809 890 4865 attendentes
919 4807 1098 4866 devocionis
1121 4810 1238 4866 sincere
1262 4810 1337 4866 item
1362 4815 1391 4865 et
1414 4807 1571 4865 fidelitatis
1592 4821 1656 4863 con·

397 4913 547 4970 stanciam
578 4913 695 4996 Jacobi,
718 4913 775 4970 filii
803 4913 935 4984 Vllardi,
960 4915 1038 4971 civis
1062 4913 1100 4970 de
1124 4915 1248 4972 civitate
1272 4914 1427 4982 Grecensi‚
1452 4911 1651 4976 Nicolai.fi1ii

398 5018 494 5089 Pauli,
518 5018 621 5089 Zuetk,
646 5019 704 5076 filii
727 5019 861 5090 Staulen,
885 5021 1000 5077 civium
1030 5019 1068 5077 de
1098 5021 1294 5096 Kapruncha,
1326 5021 1465 5092 magistri
1489 5020 1646 5094 Raphaelis
