3728 5806
345 607 415 701 ³34.

510 695 660 703 .-..-....--.-
673 695 688 700 .-

347 793 377 845 et
399 787 595 845 concanonici
618 787 715 844 nostri
738 793 768 844 et
790 786 924 844 aliorum
948 801 1005 860 per
1032 786 1135 858 ipsum
1167 787 1205 844 ad
1236 789 1292 844 hec
1318 789 1404 845 iuxta
1426 805 1481 846 sue
1505 791 1611 848 volun-

347 895 418 951 tatis
441 894 566 950 libitum
590 893 815 964 eligendorum,
840 891 990 964 Zagrabie
1014 892 1044 948 in
1068 893 1199 949 termino
1221 910 1277 967 per
1293 893 1426 952 eundem
1449 895 1608 954 dominum

347 1001 540 1074 prepositum
565 1001 706 1073 partibus
738 999 789 1056 vel
822 1013 930 1056 earum
961 999 1108 1069 legitimis
1138 1003 1391 1072 procuratoribus
1423 1004 1611 1075 assignantis,

347 1107 469 1180 penitus
492 1111 523 1162 et
545 1123 601 1178 per
624 1106 728 1162 omnia
752 1105 898 1162 duximus
922 1104 1086 1162 tradendas
1110 1111 1139 1162 et
1163 1108 1407 1179 committendas,
1431 1109 1496 1166 imo
1519 1109 1610 1166 tradi·

347 1229 416 1270 mus
440 1219 470 1270 et
493 1213 716 1270 committimus
739 1227 796 1286 per
819 1209 957 1286 prefatos
989 1211 1043 1268 tali
1074 1212 1200 1269 vinculo
1222 1214 1420 1286 obligaminis
1444 1215 1609 1285 interiecto

347 1319 430 1392 quod
454 1319 479 1376 si
503 1334 558 1375 nos
582 1319 613 1375 in
636 1318 774 1386 arbitrio,
798 1317 1026 1374 deliberacione
1052 1322 1082 1373 et
1105 1317 1310 1391 disposicione
1332 1319 1481 1393 predictis
1497 1320 1607 1392 prelati

347 1423 465 1481 domini
488 1423 602 1480 Mathie
625 1424 775 1496 prepositi
799 1428 828 1480 et
851 1423 996 1492 aliorum,
1025 1428 1058 1478 ut
1081 1423 1256 1496 predictum
1280 1431 1333 1494 est,
1357 1441 1413 1497 per
1437 1426 1541 1499 ipsum
1564 1441 1612 1482 as·

347 1530 568 1588 sumendorum
590 1535 620 1586 et
642 1529 856 1602 eligendorum
892 1535 981 1598 stare,
1013 1543 1193 1600 permanere
1224 1530 1275 1586 vel
1306 1546 1507 1603 perseverare
1530 1532 1610 1588 nole-

347 1652 425 1706 mus,
449 1641 502 1693 aut
525 1636 688 1708 quibusvis
711 1635 805 1692 modo
829 1642 859 1691 et
882 1635 986 1690 colore
1019 1635 1146 1706 quesitis
1180 1635 1276 1708 ipsius
1299 1635 1437 1705 arbitri0,
1462 1635 1612 1692 delibera-

347 1743 428 1799 cioni
451 1747 481 1799 et
504 1741 703 1816 disposicioni
726 1741 824 1814 ipsius
855 1739 973 1797 domini
1005 1740 1119 1796 Mathie
1151 1741 1302 1812 prepositi
1330 1747 1360 1797 et
1391 1741 1525 1798 aliorum
1558 1757 1612 1814 per

291 1860 295 1869 ·
347 1849 451 1920 ipsum
474 1847 513 1904 ad
537 1849 596 1904 troc
619 1845 835 1919 eligendorum
856 1846 1008 1902 contraire
1032 1846 1322 1918 presumpserimus,
1346 1852 1458 1903 extunc
1482 1847 1512 1903 in
1536 1861 1613 1919 pena

347 1954 481 2010 duorum
506 1954 643 2010 millium
667 1952 854 2010 ssorenomm
878 1951 979 2008 eidem
1011 1951 1137 2008 domiuo
1168 1952 1314 2025 episcopo
1346 1951 1426 2009 infra
1448 1953 1519 2009 anni
1543 1967 1610 2024 spa·

347 2061 430 2116 cium
453 2059 632 2116 immediate
654 2059 809 2131 sequentis
832 2058 970 2131 plenarie
994 2063 1024 2114 et
1047 2073 1119 2114 curn
1142 2057 1252 2114 effectu
1277 2074 1332 2130 per
1353 2074 1409 2115 nos
1431 2060 1609 2131 persolven-

347 2165 458 2222 dorum
482 2165 704 2222 convincamur
727 2180 763 2221 eo
779 2163 878 2233 sactu,
901 2163 1029 2236 ipseque
1045 2162 1189 2220 dominus
1206 2164 1382 2237 prepositus
1405 2163 1526 2221 litteras
1541 2179 1611 2220 suas

347 2277 453 2329 contra
475 2286 531 2328 nos
553 2271 751 2328 memoriales
774 2277 804 2327 et
827 2269 1059 2338 testimoniales,
1082 2269 1108 2325 si
1132 2269 1161 2326 in
1186 2269 1333 2342 predictis
1359 2270 1490 2328 arbitrio
1513 2276 1544 2326 et
1566 2269 1609 2327 di-

346 2378 518 2450 sposicione
540 2379 603 2434 suis
625 2392 686 2434 non
710 2377 944 2450 perstiterimus,
969 2375 1064 2432 simul
1087 2390 1159 2431 cum
1183 2377 1378 2447 presentibus
1401 2377 1461 2449 ipsi
1484 2375 1609 2432 domino

346 2484 493 2557 episcopo
517 2482 590 2539 dare
613 2483 768 2539 tenebitur
790 2487 820 2538 et
842 2483 1006 2552 assignare.
1028 2479 1078 2536 Ad
1102 2497 1162 2552 que
1185 2481 1289 2538 omnia
1312 2483 1463 2555 premissa
1488 2488 1517 2538 et
1542 2497 1608 2555 pre·

348 2589 515 2646 missorum
538 2589 660 2660 singula
684 2588 907 2644 inviolabiliter
931 2585 1127 2642 observanda
1149 2601 1204 2642 nos
1227 2593 1396 2660 spontanea
1411 2594 1517 2644 nostra
1533 2588 1611 2644 obli-

346 2710 456 2766 gamus
481 2695 640 2752 voluntate
664 2695 771 2765 vigore
795 2686 848 2770 (et)
873 2692 1049 2749 testimonio
1080 2693 1275 2765 presencium
1307 2693 1468 2749 mediante.
1498 2693 1612 2749 Datum

347 2805 457 2857 octavo
478 2801 527 2857 die
560 2800 629 2857 festi
662 2801 744 2856 beati
773 2799 932 2856 Michaelis
963 2797 1149 2868 archangeli.
1183 2801 1272 2854 Anno
1299 2797 1416 2855 domini
1445 2799 1612 2855 millesimo

349 2907 562 2963 tercentesimo
586 2907 786 2977 nonagesimo
810 2905 920 2978 primo.

438 3040 458 3087 E
483 3039 599 3104 simplici
625 3045 790 3104 transumpto
817 3055 874 3088 saec
893 3039 968 3090 XVI.
988 3039 1018 3088 In
1037 3038 1137 3087 archiv.
1157 3037 1311 3102 archiepisc
1331 3038 1435 3104 zagrab.
1459 3037 1612 3088 Decimalia.

349 3127 419 3176 Fasc.
440 3127 458 3175 1.
479 3143 516 3176 nr.
536 3129 559 3178 8.

936 3394 1016 3460 351.

455 3559 531 3606 Anno
553 3565 627 3618 1391,
648 3563 671 3610 7.
691 3554 815 3606 octobris.
829 3553 983 3618 Zagrabiae.

342 3702 497 3779 sollemnes
519 3703 599 3775 episc.
624 3699 740 3772 zagrnb.
758 3707 902 3768 ulcerum,
925 3717 1012 3772 quam
1027 3697 1135 3755 electius
1150 3715 1211 3754 cum
1227 3697 1351 3770 capitulo
1365 3697 1482 3768 zagrab.
1501 3697 1611 3768 agebat,

479 3827 498 3864 a
520 3807 640 3864 Mathia
657 3807 823 3879 praeposito
845 3805 1005 3861 ctasmcnsi
1025 3805 1216 3876 dirimerem,
1239 3810 1336 3877 sponte
1358 3804 1483 3860 assentit.

439 3971 503 4027 Nos
528 3970 659 4052 Joannes
692 3969 740 4026 dei
773 3975 803 4026 et
833 3967 1002 4042 apostolice
1039 3967 1120 4024 sedis
1150 3967 1253 4039 gracia
1292 3967 1455 4039 episcopus
1486 3967 1611 4022 ecclesie

347 4077 561 4150 zagrabiensis.
586 4075 734 4132 liemorie
758 4074 1009 4131 commendantes
1040 4081 1145 4130 tenore
1176 4072 1370 4145 presencium
1402 4069 1609 4142 significamus

348 4185 462 4258 quibus
486 4182 610 4256 expedit
633 4181 794 4251 universiS,
817 4179 901 4251 quod
924 4181 996 4236 licet
1018 4180 1097 4236 inter
1120 4195 1184 4250 nos,
1208 4187 1242 4235 ut
1271 4179 1453 4244 incusatum,
1494 4193 1532 4233 ex
1554 4191 1614 4233 una

348 4295 378 4347 et
401 4288 579 4345 venerabile
606 4285 779 4357 capitulum
803 4285 930 4342 ecclesie
953 4285 1160 4356 zagrabiensis
1184 4283 1329 4358 predicte,
1354 4281 1465 4340 fratres
1483 4289 1611 4352 nostros,

348 4403 495 4468 tanquam
519 4400 643 4465 agentes
667 4397 754 4464 parte
778 4407 815 4448 ex
838 4392 944 4462 altera,
970 4391 1009 4448 lis
1032 4397 1061 4448 et
1085 4391 1253 4464 questionis
1277 4391 1405 4446 materia
1429 4405 1523 4462 super
1538 4405 1613 4446 non-

348 4502 443 4560 nullis
464 4499 687 4556 innovitatibus
718 4503 746 4554 et
779 4498 1038 4570 occupacionibus
1068 4513 1124 4570 per
1155 4512 1220 4568 nos,
1249 4497 1295 4553 uti
1326 4495 1495 4564 dicebatur,
1520 4495 1614 4564 factis,

347 4622 452 4664 coram
477 4604 603 4661 domino
628 4609 732 4660 nostro
748 4619 820 4675 rege
837 4604 963 4674 eiusque
980 4603 1108 4675 prelatis
1124 4609 1153 4660 et
1170 4603 1342 4660 baronibus
1358 4608 1388 4658 et
1404 4601 1615 4674 principaliter

348 4715 378 4771 in
402 4727 530 4770 romana
563 4710 647 4766 curia
678 4715 770 4779 mote,
802 4709 928 4765 suborte
959 4715 989 4764 et
1019 4709 1161 4765 suscitate
1193 4708 1375 4780 diuciusque
1405 4713 1435 4764 et
1458 4708 1615 4778 hucusque

349 4821 495 4876 ventilate
511 4817 656 4883 fuissent;
680 4821 782 4872 tamen
808 4860 997 4873 .......
1020 4813 1300 4871 animadvertentes
1316 4813 1399 4886 quod
1419 4829 1454 4871 ea
1470 4828 1530 4870 non
1546 4814 1616 4870 abs-

349 4943 409 4998 que
439 4938 622 4994 magnarum
653 4937 856 4994 expensarum
891 4921 1031 4993 parcium
1064 4929 1308 4992 sumptuumque
1341 4927 1370 4976 et
1401 4920 1490 4991 gravi
1525 4935 1615 4976 onere

350 5045 551 5106 personarum
585 5045 641 5101 per
677 5027 806 5084 modum
841 5027 1035 5084 iudiciarium
1066 5027 1227 5084 terminari
1261 5027 1378 5099 possint
1412 5032 1442 5081 et
1472 5024 1612 5090 definiri,
