3600 5804
495 507 753 589 Doc.157.158.
780 547 817 555 -
843 513 899 570 An.
924 527 1011 590 1332.
1324 531 1383 592 139

127 709 227 767 debito
250 710 345 767 nostri
368 708 465 767 officii
487 711 603 768 nemini
625 712 656 769 in
679 727 735 770 suo
758 712 824 770 iure
847 711 952 770 deesse
969 712 1118 770 debemus
1141 718 1170 770 et
1201 729 1297 788 aquo
1312 716 1388 772 oriri

127 815 214 872 dehet
237 816 356 874 iusticia
379 817 554 890 singularis,
577 818 789 876 exterioribus
806 819 980 876 litterarum
998 824 1231 893 prenotatarum
1247 822 1387 894 ipsorum

126 921 256 980 ladislai
286 927 316 979 et
346 922 480 994 hadrec,
510 939 620 996 regum
651 923 830 997 illustrium,
863 925 1118 1000 predecessorum
1149 932 1327 984 nostrorum
1358 933 1387 985 et

130 1028 305 1086 eorumdem
338 1031 481 1102 magistri
512 1030 608 1102 Pauli,
639 1029 698 1088 filii
727 1029 876 1105 Stephani
900 1031 971 1088 bani
996 1047 1031 1088 ac
1055 1031 1129 1090 dicti
1152 1032 1269 1104 Hodus‚
1293 1033 1387 1090 dona·

127 1136 201 1192 cioni
224 1135 321 1208 ipsius
344 1136 471 1209 pallacii
502 1151 685 1194 eonsensum
718 1136 929 1210 prebentibus
953 1143 1169 1209 cognoscentes
1193 1139 1296 1212 ipsum
1319 1139 1387 1212 pal·

127 1242 234 1298 lacium
257 1257 316 1298 non
339 1243 387 1298 ius
411 1244 620 1300 successivum
651 1243 781 1300 banatus
813 1243 973 1314 exstitisse,
1001 1241 1054 1300 sed
1079 1259 1116 1300 ex
1139 1244 1291 1318 premissa
1314 1260 1386 1300 ven-

126 1348 239 1405 dicione
268 1364 325 1420 per
356 1347 454 1406 dictos
479 1348 641 1406 Nicolaum
666 1354 695 1406 et
718 1349 924 1420 Franciscum,
948 1349 1032 1407 filios
1055 1349 1197 1421 Gylionis
1232 1351 1385 1423 prenotati

126 1461 153 1510 et
174 1453 330 1510 dominam
362 1453 487 1526 Nydam
518 1456 658 1513 relictam
692 1454 838 1526 eiusdem,
871 1455 953 1513 dicto
982 1455 1092 1527 Endre,
1123 1455 1190 1513 filio
1225 1455 1385 1529 Syrgirini,

127 1561 201 1632 patri
224 1559 368 1618 videlicet
392 1562 555 1619 memorati
578 1562 738 1620 Michaelis
761 1565 791 1618 et
815 1559 963 1619 fratribus
986 1562 1125 1620 eiusdem
1145 1561 1246 1620 Endre
1263 1561 1385 1632 tactam,

127 1665 160 1724 de
183 1667 246 1724 iure
268 1667 306 1724 ad
331 1667 466 1724 eundem
498 1667 680 1726 Michaelem
712 1671 867 1742 pertinere
890 1675 1116 1742 cognoscentes,
1140 1669 1296 1744 prefatum
1319 1669 1386 1742 pal-

129 1773 235 1830 lacium
265 1779 399 1844 eatenus,
431 1779 580 1847 quatenus
608 1773 646 1831 de
678 1774 744 1832 iure
768 1774 807 1832 ad
831 1777 935 1849 ipsum
959 1781 988 1832 et
1011 1791 1083 1834 suos
1107 1776 1217 1833 fratres
1240 1777 1385 1834 hactenus

128 1880 274 1953 pertinuit,
298 1885 328 1937 et
351 1886 445 1954 prout
469 1879 566 1938 eciam
590 1881 732 1952 vigorem
756 1880 839 1938 dicta
861 1881 1029 1955 privilegia
1045 1883 1159 1940 habere
1175 1881 1384 1950 dinoscuntur,

129 1987 196 2058 ipsis
208 1993 237 2043 et
249 2001 355 2042 eorum
369 1986 598 2044 successoribus
610 1985 769 2060 possidere
782 1991 812 2044 et
825 1988 940 2044 habere
957 1989 1172 2060 relinquentes,
1185 1988 1385 2061 nolentesque

128 2108 178 2165 per
210 2093 346 2166 aliquem
378 2092 492 2148 banum
523 2107 582 2165 pro
614 2097 753 2165 tempore
776 2094 977 2152 constitutum
1001 2093 1126 2152 eosdem
1149 2095 1332 2152 Michaelem
1356 2101 1385 2151 et

127 2197 229 2255 iratres
251 2215 321 2256 suos
345 2213 380 2254 ac
404 2213 512 2254 eorum
537 2197 666 2255 heredes
687 2199 809 2256 racione
833 2199 908 2257 dicti
927 2200 1052 2273 pallacii
1069 2199 1183 2258 amodo
1198 2201 1384 2273 perturbari,

128 2319 226 2376 ymmo
247 2305 306 2378 ipsi
329 2305 412 2360 bano
435 2311 465 2360 et
488 2303 555 2361 eius
577 2305 806 2362 successoribus
836 2306 959 2363 racione
987 2304 1061 2363 dicti
1085 2305 1210 2380 pallacii
1233 2311 1384 2379 perpetue

127 2409 331 2467 taciturnitatis
366 2409 529 2466 silencium
561 2411 761 2483 imponentes,
793 2412 833 2469 ab
865 2411 1062 2486 impeticione
1094 2411 1276 2469 eorumdem
1299 2412 1383 2485 ipsos

127 2517 238 2587 penitus
267 2515 414 2573 duximus
444 2517 612 2574 absolutos.
641 2517 758 2573 Datum
789 2517 820 2575 in
844 2516 1026 2589 Wysegrad,
1053 2525 1164 2574 octavo
1187 2517 1237 2575 die
1261 2517 1385 2574 termini

127 2621 271 2678 citacionis
293 2621 457 2695 prenotati.
481 2624 571 2678 Anno
598 2621 717 2679 domini
741 2622 940 2680 MCCCXXX
963 2621 1105 2680 secundo,

209 2775 346 2841 Originale
365 2775 392 2825 in
412 2777 571 2826 membrana.
597 2779 620 2826 A
640 2783 716 2842 tergo
739 2777 881 2848 vestigium
900 2777 1019 2842 appressi
1039 2777 1128 2844 magni
1147 2777 1240 2843 sigilli,
1261 2777 1309 2826 sub
1328 2791 1381 2840 quo

129 2863 231 2929 legitur:
257 2865 417 2924 „eommunis
441 2864 542 2915 relacio
568 2881 625 2915 enm
650 2865 851 2932 archiepiscopo
877 2867 1055 2932 strigoniensi,
1082 2866 1209 2932 magistro
1239 2866 1383 2924 Demetrio,

132 2953 247 3018 magistro
274 2954 415 3020 Vyllerrno
437 2960 463 3004 et
482 2954 542 3004 aliis
570 2955 667 3004 multis.
695 2955 805 3004 Relacio
832 2955 914 3004 eciam
944 2953 1064 3020 magistri
1093 2953 1232 3022 Vyllermi,
1264 2955 1384 3004 eiusdem

130 3041 308 3110 archiepiscopi
329 3051 355 3092 et
375 3043 496 3109 magistri
514 3044 632 3109 Jacobi“.
653 3043 684 3093 ln
702 3043 801 3093 archiv.
821 3046 902 3093 Acad.
923 3043 1017 3094 Scient.
1038 3044 1107 3095 Slav.
1127 3043 1219 3093 merid.

714 3273 793 3341 157.

223 3416 295 3462 Anno
317 3421 393 3472 1332,
413 3423 453 3472 25.
473 3413 575 3478 aprilis.
594 3412 732 3463 Avinione.

205 3541 363 3614 Gregorio,
386 3542 454 3600 filio
478 3542 612 3615 Georgii,
636 3542 674 3600 de
698 3543 894 3617 Kopruncha‚
919 3545 1097 3620 praeposito
1124 3561 1145 3601 s.
1171 3543 1325 3602 Laurentii
1352 3545 1383 3602 in

131 3645 198 3719 llay,
220 3650 388 3706 colocensis
411 3647 568 3719 dioecesis,
591 3664 609 3706 a
632 3649 778 3723 pontifice
801 3651 939 3733 Johanne
963 3651 1056 3707 XXll.
1081 3649 1265 3724 providetur
1281 3649 1318 3707 de
1335 3665 1382 3707 ca·

132 3754 261 3812 nonicatu
284 3767 314 3813 et
337 3755 487 3827 dignitate
510 3756 540 3812 in
565 3755 693 3812 ecclesia
716 3755 907 3828 zagrabiensi
929 3763 1082 3814 vacatura.

207 3909 227 3957 E
244 3923 298 3974 reg.
318 3909 386 3974 orig.
406 3925 446 3959 an.
467 3909 526 3959 XV.
546 3913 576 3959 Α.
597 3909 720 3960 Theiner.
741 3910 810 3960 Mon.
830 3911 918 3976 Hung.
938 3909 997 3961 hist.
1018 3910 1037 3961 Ι.
1057 3927 1082 3978 p.
1103 3912 1160 3973 548.

708 4228 790 4294 158.

206 4373 279 4421 Anno
300 4380 374 4430 1332,
394 4379 417 4429 5.
437 4371 507 4421 maii.
527 4370 665 4421 Avinione.

210 4501 339 4557 Antonio
354 4500 511 4582 johannis,
534 4501 723 4559 thesaurario
747 4503 894 4560 ecclesiae
916 4502 1090 4570 Titulensis¹
1108 4503 1276 4560 colocensis
1292 4503 1375 4561 dioe-

135 4605 205 4675 cesis,
219 4622 236 4663 a
253 4605 397 4679 pontifice
420 4606 558 4688 Johanne
573 4607 666 4664 XXll.
682 4609 865 4681 providetur
882 4609 920 4666 de
937 4608 1085 4681 dignitate
1109 4609 1200 4666 huius
1224 4610 1378 4679 ecclesiae,

134 4706 237 4783 ipsique
268 4712 454 4785 indulgetur,
486 4719 519 4770 ut
550 4714 743 4771 canonicatus
774 4721 804 4772 et
834 4715 1035 4789 praebendas,
1067 4731 1144 4788 quas
1179 4716 1210 4772 in
1245 4715 1382 4772 eeclesiis

136 4819 307 4886 zagrabiensi
330 4827 360 4876 et
383 4819 526 4876 waciensi
549 4819 676 4891 obtinet,
699 4821 831 4878 retinere
855 4821 959 4896 possit.

208 4973 226 5021 E
244 4988 296 5039 reg.
317 4973 385 5040 orig.
406 4989 445 5024 an.
466 4973 525 5024 XV.
546 4976 576 5024 A.
596 4973 718 5024 Theiner.
739 4975 808 5026 Mon.
830 4977 918 5041 Hung.
938 4976 998 5026 hist.
1017 4975 1035 5025 1.
1054 4993 1078 5041 p.
1100 4985 1159 5038 549.
