3600 5804
548 537 714 614 Doc.197.
743 570 778 578 -
805 536 861 594 An.
887 549 975 614 1344.
1335 549 1392 605 175

136 744 164 794 et
187 737 350 808 Mychaelis
374 735 478 794 fratris
501 733 641 793 eiusdem
665 734 793 805 nicolai,
818 734 932 806 quibus
954 733 1045 790 nobis
1060 731 1242 791 studuerunt
1258 731 1395 804 compla-

139 859 211 912 cere,
232 843 269 900 de
292 821 440 900 consensu
465 847 494 900 et
517 841 745 899 deliberacione
779 841 997 897 universorum
1024 839 1179 896 nobilium
1202 838 1289 910 regni
1313 836 1396 896 Scla-

137 949 222 1006 uonie
245 949 405 1006 nobiscum
428 947 639 1016 existendum,
663 961 820 1004 cameram
843 951 981 1004 nostram
1004 961 1060 1020 per
1083 951 1180 1003 totam
1196 943 1396 1002 Sclauoniam

139 1070 203 1112 curn
233 1056 315 1112 omni
344 1053 537 1128 plenitudine
568 1053 644 1110 iuris
674 1057 705 1110 et
735 1053 823 1111 lucro
854 1051 1001 1120 eiusdem,
1030 1051 1069 1110 ad
1093 1052 1242 1109 honorem
1266 1051 1397 1108 banatus

138 1161 349 1235 spectantibus
372 1176 390 1218 a
413 1159 491 1218 festo
513 1161 610 1217 sancti
633 1160 757 1218 Martini
781 1158 965 1218 confessoris
988 1158 1137 1232 incipiens
1160 1173 1258 1230 usque
1273 1156 1395 1215 revolu-

137 1269 249 1324 cionem
279 1265 426 1336 eiusdem,
458 1282 516 1340 pro
548 1267 689 1324 trecentis
720 1266 833 1323 marcis
864 1265 1061 1324 denariorum
1090 1278 1243 1321 novorum
1277 1267 1397 1320 monete

139 1380 234 1430 nostre
266 1389 346 1430 anno
374 1373 405 1430 in
437 1373 579 1445 presenti,
610 1388 681 1430 cum
713 1373 850 1445 quinque
872 1370 974 1445 pensis
998 1370 1192 1442 computatis,
1216 1375 1246 1426 et
1269 1368 1300 1425 in
1324 1383 1397 1440 quo·

141 1480 209 1537 libet
229 1495 333 1536 mense
357 1477 465 1550 viginti
491 1479 626 1551 quinque
651 1479 763 1535 marcis
785 1477 876 1534 nobis
899 1474 1123 1550 persolvendis,
1147 1473 1264 1531 eisdem
1279 1473 1396 1556 Jacobo

140 1587 268 1656 Nicolao,
291 1585 396 1656 Zuetlc,
421 1586 569 1656 magistro
593 1585 753 1657 Raphaelo
777 1589 807 1640 et
830 1581 984 1654 Mychaeli
1003 1580 1150 1638 duximus
1166 1579 1396 1646 collocandam;

141 1692 268 1765 siquem
292 1693 459 1750 terminum
483 1691 650 1748 solucionis
673 1691 864 1764 preterirent,
881 1704 950 1746 curn
971 1686 1084 1746 iudicio
1100 1687 1206 1744 decem
1224 1701 1398 1744 marcarum

141 1798 253 1856 solvere
284 1805 451 1856 teneantur.
484 1797 563 1854 Nam
592 1797 686 1855 iidem
710 1797 838 1854 comites
861 1810 1053 1853 camerarum
1078 1799 1253 1852 nostrarum
1277 1793 1399 1850 deuna

141 1920 239 1961 marca
260 1907 388 1978 argenti,
404 1919 517 1962 novem
535 1919 645 1977 pensas
668 1909 698 1960 et
721 1901 886 1960 duodecim
911 1893 1085 1980 de(narios),
1102 1900 1300 1958 denariorum
1324 1901 1400 1958 inte-

141 2025 270 2082 grorum,
293 2016 403 2083 quarte
425 2010 657 2080 combustionis,
675 2008 872 2066 fabricabant
891 2007 1066 2079 obuiosque
1082 2012 1111 2063 et
1127 2021 1241 2080 parvos
1257 2005 1400 2064 denarios

143 2131 254 2173 camere
276 2123 380 2174 nostre
404 2116 512 2198 viginti
529 2131 647 2190 pensas,
667 2114 812 2172 videlicet
835 2114 942 2171 decem
963 2129 1072 2186 pensas
1089 2112 1127 2169 ad
1144 2128 1308 2170 numerum
1323 2113 1400 2194 inte-

142 2237 263 2293 grorum
285 2222 483 2280 denariorum
515 2221 711 2279 fabricabunt
734 2227 764 2278 et
786 2235 865 2278 nona
902 2235 974 2294 pars
998 2221 1139 2294 ipsorum
1163 2219 1332 2276 obulorum
1356 2216 1400 2276 fa·

143 2327 279 2396 bricetur,
303 2329 419 2386 scilicet
443 2327 481 2384 de
503 2343 617 2384 novem
641 2327 753 2384 marcis
776 2327 815 2384 ad
838 2341 932 2384 unam
956 2341 1094 2382 marcam
1118 2325 1202 2398 ipsos
1225 2325 1345 2394 obulos,
1369 2329 1400 2384 et

143 2449 199 2491 non
225 2434 293 2507 plus
324 2433 497 2491 fabricandi
525 2433 658 2490 habeant
682 2432 875 2501 facultatem;
907 2431 945 2488 de
977 2433 1090 2504 quibus
1121 2431 1316 2504 septuaginta
1338 2429 1400 2487 duo

144 2547 262 2598 currunt
285 2547 314 2598 et
338 2540 456 2598 vadunt
480 2556 537 2614 pro
559 2539 684 2608 florenn,
708 2539 964 2611 cambianturque
984 2537 1057 2594 novi
1080 2537 1198 2594 denarii
1221 2537 1318 2594 nostri
1341 2551 1399 2610 pro

144 2647 237 2704 tribus
265 2648 399 2720 antiquis
430 2647 572 2718 denariis,
604 2646 692 2704 obuli
723 2649 828 2703 autem
859 2645 977 2717 antiqui
1001 2645 1032 2701 in
1055 2648 1169 2700 statera
1192 2644 1243 2701 vel
1268 2648 1400 2715 quatuor

144 2767 198 2825 pro
217 2769 276 2811 uno
299 2768 382 2811 novo
404 2753 530 2812 denario
561 2769 681 2811 camere
705 2758 807 2810 nostre
831 2752 1043 2820 cambiantur;
1067 2749 1105 2808 de
1129 2750 1242 2823 quibus
1265 2747 1398 2806 denariis

145 2859 272 2931 quinque
301 2875 396 2933 pense
426 2867 562 2930 currunt,
592 2864 623 2916 et
654 2857 692 2914 de
723 2858 826 2915 obuiis
857 2857 964 2915 decem
996 2873 1090 2930 pense
1120 2871 1179 2930 pro
1205 2870 1265 2912 una
1289 2869 1401 2930 marca,

146 2963 301 3024 Vienenses
316 2971 421 3024 autem
437 2971 467 3023 et
483 2965 651 3024 Grecenses
669 2965 795 3036 denarii,
809 2965 882 3037 quia
898 2965 991 3022 tercie
1007 2969 1036 3021 et
1052 2969 1160 3036 quarte
1177 2961 1400 3020 combustionis

146 3071 276 3142 existunt,
293 3071 355 3130 duo
378 3072 417 3130 de
440 3072 516 3146 ipsis
540 3073 652 3130 nostris
670 3073 800 3130 monetis
823 3086 881 3145 pro
905 3077 1037 3145 quatuor
1049 3070 1262 3142 Vyenensibus
1279 3075 1309 3126 et
1324 3067 1401 3126 Gre-

146 3179 277 3236 censibus
300 3179 503 3236 cambiantur.
527 3178 697 3236 Statuimus
721 3179 827 3246 eciam,
853 3177 936 3251 quod
957 3179 984 3235 si
1007 3178 1076 3250 quis
1096 3192 1216 3246 aurum,
1240 3181 1403 3248 argentum

147 3285 192 3340 vel
213 3283 354 3343 denarios
384 3285 527 3358 antiquos
558 3291 644 3342 extra
674 3299 805 3356 regnum
834 3285 865 3343 in
888 3284 1045 3357 aliquibus
1068 3283 1194 3342 sarcinis
1218 3282 1248 3339 in
1270 3281 1402 3338 diminu-

147 3391 256 3448 cionem
278 3393 365 3464 regni
389 3389 552 3449 Sclauonie
587 3397 781 3465 asportarent
804 3399 834 3450 et
857 3391 986 3449 comites
1009 3404 1201 3448 camerarum
1226 3394 1402 3446 nostrarum

147 3495 275 3554 invenire
296 3503 430 3570 possent,
456 3513 493 3555 ex
517 3505 589 3554 tunc
612 3497 757 3555 omnibus
783 3499 876 3555 rebus
899 3504 929 3554 et
953 3496 1041 3554 bonis
1064 3496 1127 3553 suis
1150 3495 1225 3568 ipsis
1248 3509 1332 3562 auro,
1355 3509 1404 3551 ar-

147 3609 229 3674 gento
251 3610 281 3661 et
304 3603 437 3662 denariis
462 3581 602 3676 antiquis*
614 3605 745 3661 inventis
762 3605 924 3678 priventur
940 3609 970 3660 et
986 3603 1165 3676 spolientur.
1182 3599 1268 3673 Quos
1283 3605 1404 3657 nostros

148 3707 279 3767 denarios
305 3725 403 3768 novos
434 3709 473 3767 ad
505 3716 644 3767 nostram
674 3716 830 3768 monetam
854 3709 1030 3777 fabricatos,
1062 3709 1093 3764 in
1115 3707 1193 3764 locis
1216 3706 1351 3780 puplicis
1374 3711 1404 3762 et

148 3814 208 3874 loca
237 3816 340 3874 lorum
372 3816 411 3874 ad
444 3816 567 3874 tabulas
597 3817 710 3891 exponi
749 3817 962 3874 commisimus
999 3813 1198 3872 cambiendos
1225 3811 1318 3870 modo
1354 3827 1403 3868 su·

150 3923 242 3993 perius
257 3930 420 3992 annotato;
442 3923 481 3980 de
503 3923 617 3996 quibus
633 3923 765 3980 denariis
781 3924 892 3980 nostris
909 3923 998 3980 novis
1014 3921 1116 3995 primo
1133 3919 1290 3976 fabricatis
1307 3933 1401 3975 unam

150 4041 276 4086 marcam
299 4028 338 4086 ad
362 4044 417 4086 nos
440 4028 625 4102 recipiendo,
642 4029 701 4086 sub
724 4034 830 4086 nostro
852 4027 967 4100 sigillo,
990 4025 1073 4099 quod
1097 4039 1153 4082 nos
1177 4038 1404 4083 conservamus

149 4138 179 4189 ut
199 4135 223 4191 si
245 4135 274 4193 in
298 4135 402 4207 aliqua
434 4133 569 4192 salsitate
600 4135 630 4191 in
662 4133 850 4208 ampliandis
874 4133 1008 4190 denariis
1031 4137 1152 4189 monete
1175 4137 1278 4188 nostre
1302 4130 1332 4186 in
1356 4145 1404 4186 ca·

150 4253 226 4298 mera
248 4242 323 4299 etin
340 4240 531 4315 apponendis
547 4239 586 4298 ad
603 4245 758 4298 monetam
776 4241 859 4313 ipsos
876 4239 1003 4297 comites
1019 4252 1212 4294 camerarum
1228 4243 1404 4293 nostrarum

151 4347 330 4420 apprehendi
354 4348 492 4405 invenire
515 4349 681 4420 contingat,
701 4353 772 4404 tunc
788 4345 917 4404 eandem
933 4361 1027 4402 unam
1044 4358 1180 4401 marcam
1197 4349 1303 4400 contra
1321 4343 1404 4415 ipsos

150 4451 178 4508 in
199 4459 338 4511 stateram
360 4454 563 4528 imponemus.
581 4453 667 4526 Quos
683 4455 708 4510 si
725 4454 755 4510 in
771 4453 875 4524 aliqua
891 4452 1033 4524 nequicia
1049 4451 1284 4524 comperiemus,
1301 4449 1404 4507 solum

152 4559 227 4630 quod
249 4562 278 4617 in
302 4576 363 4618 una
392 4575 497 4618 marca
527 4560 700 4629 casualiter,
731 4560 760 4616 in
791 4558 912 4615 duobus
937 4557 987 4615 vel
1011 4559 1042 4616 in
1065 4563 1198 4630 quatuor
1221 4561 1274 4613 aut
1298 4556 1327 4612 in
1352 4571 1405 4612 sex

152 4670 252 4723 elnon
282 4669 366 4725 ultra
396 4666 528 4724 denariis
556 4665 748 4738 augmentari
783 4667 833 4722 vel
857 4665 987 4723 diminui
1011 4665 1042 4720 in
1067 4669 1212 4721 stateram
1235 4661 1406 4720 budensem

152 4771 292 4842 ponendo,
323 4773 520 4845 contingeret,
552 4771 605 4829 sed
636 4773 662 4828 si
692 4771 775 4828 ultra
814 4771 889 4844 ipsis
925 4787 978 4828 sex
1009 4769 1150 4838 denariis,
1181 4769 1282 4841 ipsam
1312 4783 1406 4824 unam

152 4891 279 4936 marcam
309 4879 340 4936 in
371 4884 483 4936 statera
514 4895 567 4936 seu
598 4877 734 4952 pondere
766 4878 875 4951 posita,
906 4876 1074 4934 falsitatem
1105 4880 1134 4932 et
1164 4874 1405 4932 diminucionem

154 4989 305 5058 pateretur,
329 4993 401 5044 tunc
424 4984 551 5042 eosdem
572 4985 746 5058 puniemus,
769 4989 803 5041 ut
826 4984 921 5056 exigit
944 4982 1021 5040 ordo
1043 4982 1127 5039 iuris.
1152 4981 1218 5038 Hoc
1247 4995 1402 5053 expresso,
