3782 5812
415 545 453 602 28
673 545 746 602 Dae.
764 559 817 622 33.
835 559 890 622 34.
908 557 960 622 35.
979 541 1034 622 36.
1062 579 1098 587 -
1124 542 1420 622 An.1257-1258.

514 773 562 820 An.
584 779 656 828 1257.
1013 739 1075 804 33.

408 881 578 937 Alexander
600 883 622 938 l
626 882 655 938 V.
677 883 765 956 Papa
788 883 918 950 concedit,
942 891 976 939 ut
989 885 1067 958 sesto
1089 902 1110 940 s.
1137 883 1281 957 Stephani
1304 885 1381 957 regis
1403 885 1435 939 ia
1453 885 1567 941 ecelesia
1584 883 1680 941 cathe-

407 988 489 1044 drali
516 990 706 1062 ragrabiensi,
738 991 932 1063 indulgentiae
964 992 1050 1048 unius
1081 992 1157 1046 anni
1184 998 1213 1047 et
1240 1004 1283 1068 40
1311 992 1421 1048 dierum
1445 992 1679 1064 promulgentur.

495 1121 583 1192 Nota
599 1135 705 1204 eciam,
729 1135 813 1208 quod
836 1137 894 1192 sub
919 1137 1008 1194 bulla
1025 1136 1195 1194 Alexandri
1216 1153 1296 1210 pape
1314 1137 1425 1210 quarti,
1442 1144 1585 1196 emanata
1601 1153 1679 1211 pon-

407 1240 541 1298 tificatus
565 1241 613 1298 sui
636 1257 715 1298 anno
739 1243 841 1312 tercio,
866 1243 1045 1313 continetur,
1079 1242 1163 1314 quod
1194 1243 1383 1316 quicumque
1413 1242 1522 1300 fideles
1553 1245 1679 1302 contriti
1756 1306 1761 1314 ,

407 1353 436 1403 et
459 1346 590 1404 confessi
614 1348 644 1404 in
669 1346 746 1404 sesto
767 1349 862 1405 sancti
886 1349 968 1420 regis
991 1347 1141 1421 Stephani
1173 1348 1368 1406 visitaverint
1398 1348 1563 1406 ecclesiam
1588 1363 1678 1405 suam

408 1451 567 1523 Zagrabie,
590 1452 706 1508 habent
728 1451 941 1524 indulgencias
964 1455 1054 1510 unius
1077 1455 1148 1511 anni
1172 1461 1201 1510 et
1225 1453 1430 1526 quadraginta
1454 1453 1583 1511 dierum.

493 1588 567 1653 Joan.
588 1587 703 1636 Tkateic'.
724 1588 792 1638 Mon.
813 1588 872 1637 hist.
892 1589 970 1652 episc.
991 1590 1096 1654 zagrab.
1117 1595 1178 1638 tom.
1195 1588 1227 1638 11.
1249 1605 1273 1654 p.
1296 1599 1352 1646 103.

511 1821 559 1868 A„
583 1827 656 1876 1257,
1007 1785 1071 1850 34.

407 1929 577 1985 Alexander
598 1930 621 1986 l
626 1930 653 1986 V.
679 1929 776 2003 Papa,
795 1929 919 1986 concedit
939 1937 972 1985 ut
984 1929 1064 2002 festo
1086 1948 1107 1985 s.
1128 1929 1266 1986 Ladislai
1284 1931 1360 2002 regis
1382 1931 1413 1985 in
1435 1931 1497 1986 eccl.
1512 1928 1681 1986 kathedrali

594 2036 789 2109 indulgentiae
811 2037 897 2092 uerius
920 2037 994 2091 anni
1014 2043 1042 2092 et
1062 2049 1105 2112 40
1128 2035 1238 2092 dierum
1257 2037 1485 2109 promulgentur.

494 2179 570 2237 Item
594 2181 625 2237 in
649 2179 726 2237 festo
751 2182 833 2238 beati
855 2182 937 2252 regis
960 2180 1105 2250 Ladizlai,
1131 2182 1209 2238 sicut
1225 2181 1284 2236 sub
1300 2181 1388 2237 bulla
1407 2180 1574 2238 Alexandri
1591 2197 1676 2256 pape

404 2288 515 2358 quarti,
539 2293 681 2344 emanata
704 2287 902 2360 pontificatus
925 2289 971 2344 sui
995 2303 1074 2344 anno
1098 2289 1201 2355 tercie,
1226 2288 1406 2357 continetur,
1422 2288 1555 2345 habetur
1571 2287 1676 2346 indul-

403 2394 510 2465 gencia
533 2395 624 2452 unius
648 2396 718 2452 anni
742 2403 772 2452 et
794 2394 1000 2467 quadraginta
1023 2394 1152 2452 dierum.

490 2530 564 2595 Joan.
584 2529 698 2580 Tkaldie'.
719 2530 788 2580 Mon.
809 2530 868 2580 hist.
887 2530 965 2595 episc.
985 2531 1089 2595 zagrab.
1110 2536 1170 2580 toro.
1190 2529 1225 2584 11.
1245 2547 1270 2596 p.
1292 2541 1347 2590 103.

1006 2723 1066 2789 35.

509 2813 556 2860 An.
573 2814 638 2870 1258
652 2820 693 2866 27.
707 2811 777 2861 maii.
794 2811 918 2862 Viterbii.

403 2919 573 2976 Alexander
594 2921 618 2978 Ι
622 2921 650 2976 V.
668 2929 749 2994 paul.
773 2939 850 2977 max.
874 2923 1000 2995 episcopa
1029 2923 1215 2995 zagrabe'eusi
1243 2917 1386 2996 Philippa,
1411 2923 1554 2980 ecclesiam
1574 2921 1671 2979 callie-

579 3027 688 3082 dralem
712 3029 742 3083 in
766 3028 824 3084 laco
847 3029 957 3101 aptiori
976 3029 1159 3086 camtruendi
1178 3029 1303 3085 concedit
1314 3029 1495 3104 facultatem.

491 3170 668 3228 Alexander
690 3172 854 3244 episcopus
878 3188 987 3230 servus
1009 3147 1174 3231 servorum*
1195 3173 1253 3231 dei.
1278 3173 1458 3230 Venerabili
1481 3173 1569 3230 fratri
1585 3165 1671 3249 (Phi-

400 3268 501 3352 lippo)
523 3278 670 3351 episcopo
693 3279 884 3350 zagabriensi
907 3281 1041 3337 salutem
1064 3285 1094 3337 et
1117 3281 1321 3353 apostolicam
1345 3279 1600 3337 benedictionem.
1622 3277 1670 3335 Ex

399 3387 451 3439 tue
474 3381 648 3442 devotionis
671 3385 845 3441 sinceritate
869 3387 1005 3455 mereris,
1029 3392 1062 3443 ut
1085 3387 1116 3444 in
1140 3386 1354 3459 peticionibus,
1371 3401 1448 3458 quas
1464 3385 1554 3442 nobis
1574 3383 1669 3456 digne

401 3489 544 3560 porrigis,
568 3489 772 3548 exauditionis
795 3491 926 3562 gratiam
951 3493 1132 3565 assequaris.
1165 3491 1245 3549 Cum
1275 3492 1377 3564 igitur,
1401 3491 1480 3548 sicut
1503 3491 1592 3548 nobis
1615 3505 1668 3547 ex·

400 3608 515 3667 ponere
545 3595 705 3665 curavisti,
736 3596 898 3652 ecclesiam
937 3597 1177 3669 zagabriensem,
1209 3613 1269 3670 que
1300 3597 1331 3655 in
1360 3596 1429 3652 loco
1460 3596 1562 3652 minus
1591 3601 1668 3668 apto

399 3707 574 3759 constructa
596 3702 732 3759 minatur
754 3702 886 3773 ruinam,
910 3704 1017 3776 cupias
1040 3704 1072 3761 in
1095 3705 1164 3761 loco
1187 3709 1365 3761 construere
1388 3701 1488 3774 magis
1511 3709 1593 3773 apto,
1609 3715 1667 3757 nos

399 3805 460 3863 tuis
483 3807 631 3880 precibus
650 3806 796 3876 inclinati,
821 3808 1015 3865 construendi
1048 3808 1203 3882 prefatam
1234 3808 1396 3867 ecclesiam
1421 3807 1451 3864 in
1474 3807 1543 3863 loco
1566 3806 1667 3878 magis

400 3911 512 3970 idoneo
536 3919 565 3970 et
589 3913 757 3970 accomodo
780 3914 913 3971 liberam
944 3916 1002 3972 tibi
1032 3917 1213 3974 auctoritate
1244 3915 1436 3989 presentium
1467 3912 1666 3970 concedimus

400 4016 590 4076 facultatem.
614 4019 731 4076 Datum
754 4019 894 4077 Viterbii.
919 4020 973 4078 1111
996 4021 1144 4079 kalendas
1165 4023 1256 4104 Junii.
1281 4023 1370 4078 Anno
1394 4029 1511 4094 quarto.

487 4155 526 4203 Ex
547 4171 601 4220 reg.
622 4155 690 4221 orig.
710 4156 857 4205 Alexandri
877 4155 923 4206 IV.
943 4173 982 4206 an.
1002 4157 1047 4206 IV.
1068 4173 1108 4222 ep.
1131 4168 1186 4218 143.
1206 4160 1237 4207 Α.
1255 4157 1387 4212 Theium:
1406 4157 1475 4206 lion.
1496 4157 1554 4206 hist.
1575 4157 1657 4222 Huug

400 4249 460 4293 tom.
481 4242 500 4293 1.
521 4257 545 4308 p.
564 4245 622 4302 236.

504 4423 552 4469 An.
576 4422 640 4478 1258
661 4431 683 4479 5.
696 4421 770 4486 Juui.
1001 4387 1065 4453 36.

397 4531 472 4593 Bela
498 4531 554 4600 IV,
579 4531 759 4605 Hungari'ae
781 4541 827 4590 ete.
853 4552 914 4602 rex,
934 4534 1085 4602 consuluit,
1110 4532 1235 4591 aleines
1250 4533 1284 4590 de
1298 4542 1390 4590 munte
1412 4533 1514 4591 Greelr.
1530 4535 1666 4590 ducentas

397 4638 590 4694 tantummodo
609 4647 717 4712 pensus
732 4648 792 4712 pra
807 4657 904 4694 annua
926 4656 1009 4695 censu
1033 4639 1106 4694 bana
1128 4639 1249 4696 salvant.
1275 4639 1418 4712 Assegnal
1433 4659 1543 4714 quoque
1559 4640 1664 4696 eisdem

622 4745 652 4801 iu
676 4763 762 4802 usum
786 4753 894 4801 terram
917 4746 1049 4818 regalem,
1073 4763 1159 4818 quam
1184 4745 1306 4802 Suillan
1330 4755 1439 4804 uacant.

486 4888 560 4946 bela
582 4888 632 4946 dei
655 4891 759 4962 gracia
782 4890 949 4962 Hungarie‚
972 4890 1142 4960 Dalmacie‚
1160 4889 1318 4962 Crohacie,
1335 4891 1441 4960 Rame,
1458 4889 1572 4956 Seruie,
1588 4889 1664 4948 Gal-

397 4995 476 5064 licie,
501 4995 684 5052 Lodomerie
707 4994 918 5068 Cumanieque
941 5012 1004 5053 rex.
1028 4996 1181 5053 Omnibus
1211 5003 1369 5069 presentes
1401 4997 1519 5054 litteras
1543 4997 1664 5070 inspec-
