3600 5804
604 552 677 609 Doc.
700 561 769 626 225.
797 583 833 592 -
860 549 1026 626 An.1352.
1384 568 1443 626 ²03

173 755 321 812 sonibus:
352 753 481 810 Nicolao
511 751 650 826 palatino
681 755 711 808 et
740 749 841 808 iudice
865 750 1085 822 Cumanorum,
1110 750 1247 820 Nicola0,
1272 750 1339 808 filio
1363 751 1441 808 Lau-

179 860 285 930 rencii,
308 858 443 916 voivoda
468 859 665 928 transilvan0,
688 857 826 914 Oliverio
846 857 995 929 magistro
1012 857 1241 914 lavamicorum
1268 863 1446 914 nostrorum

176 973 208 1024 et
241 965 343 1024 iudice
376 965 461 1022 curie
490 963 615 1022 domine
645 963 750 1035 regine
780 963 935 1035 genitricis
970 966 1072 1020 nostre
1105 962 1292 1034 charissime,
1328 963 1448 1020 Thomu

176 1071 280 1129 iudice
316 1071 400 1128 curie
433 1075 544 1142 nostre,
577 1068 734 1144 Stephano
765 1069 864 1125 tocius
887 1067 1051 1126 Sclauonie
1073 1073 1103 1126 et
1127 1068 1262 1139 Croacie‚
1283 1069 1448 1125 Dominico

174 1177 215 1234 de
240 1179 372 1234 Machou
395 1183 425 1234 et
450 1175 577 1232 Nicolao
600 1174 639 1232 de
662 1174 792 1232 Zeurino
816 1175 913 1245 banis,
942 1173 1037 1230 Paulo
1054 1174 1202 1246 magistro
1221 1174 1449 1232 tavernicorum

173 1283 364 1356 reginalium
388 1288 417 1340 et
442 1281 658 1339 Bartholemeo
681 1281 898 1354 pincernarum
922 1285 951 1337 et
975 1279 1097 1337 Leukus
1124 1278 1345 1354 dapiferorum,
1376 1279 1449 1338 Dio-

175 1391 266 1462 nysio
299 1404 468 1462 agasonum
511 1403 546 1444 ac
576 1387 719 1444 Thuceus
750 1387 915 1444 ianitorum
947 1391 1133 1456 nostrorum,
1165 1401 1281 1444 necnon
1310 1387 1449 1467 Johanne

176 1495 246 1552 filio
270 1494 409 1552 eiusdem
437 1494 568 1551 Oliverii
590 1491 801 1566 dapiferorum
825 1493 1010 1564 reginalium
1034 1493 1198 1565 magistris,
1215 1491 1359 1564 symone,
1383 1491 1449 1550 filio

176 1601 330 1673 hlauricii,
354 1600 466 1657 comite
491 1598 683 1672 posoniensi;
706 1603 736 1654 et
759 1597 829 1654 aliis
845 1613 939 1670 quam
963 1597 1108 1672 pluribus
1130 1598 1217 1670 regni
1237 1597 1335 1654 nostri
1355 1599 1449 1656 comi-

177 1712 262 1764 tatus
286 1707 460 1764 tenentibus
483 1711 513 1762 et
537 1706 676 1762 honores.

270 1843 390 1908 Simplex
411 1847 603 1907 transumptum
625 1841 650 1890 in
670 1841 760 1890 charta
780 1839 806 1889 in
826 1839 925 1890 archiv.
946 1855 1001 1890 ven.
1022 1841 1100 1906 capit.
1121 1841 1225 1904 zagrab.
1246 1840 1305 1890 lasc.
1319 1839 1339 1890 l.
1354 1856 1391 1890 nr.
1407 1851 1447 1904 39.

179 1931 266 1981 Liber
287 1932 406 1982 Statutor
425 1931 503 1997 capit.
523 1945 593 1996 zagr.
620 1945 644 1994 p.
664 1929 709 1979 lV.
730 1944 749 1978 c.
770 1929 815 1978 lV.
835 1929 908 1994 Joan.
929 1928 1045 1978 Tkaldic'.
1066 1928 1135 1978 Mon.
1155 1928 1214 1978 hist.
1235 1927 1268 1978 11.
1288 1945 1312 1994 p.
1337 1937 1392 1986 115.

772 2179 855 2244 225.

287 2289 363 2335 Anno
386 2295 460 2343 1252,
483 2295 521 2334 10.
542 2285 679 2334 februarii.

176 2415 344 2472 Ludovicus
367 2415 543 2486 fflcrrgarioe
566 2422 613 2471 etc.
637 2433 691 2470 rex
714 2415 904 2470 z'vnrnum'tutcs
926 2415 1049 2488 apstuli
1068 2415 1185 2487 3αὲναύ.
1209 2415 1247 2472 ab
1269 2399 1348 2471 omni
1364 2433 1448 2472 exac-

214 2521 293 2577 tione
315 2520 386 2590 vim',
416 2519 497 2576 bladi
517 2526 545 2576 ct
564 2519 749 2575 denariorum
773 2519 815 2574 ad
833 2526 961 2577 cuslmm
985 2520 1117 2590 Medrud,
1140 2520 1231 2577 denuo
1253 2520 1410 2595 confimat.

268 2663 444 2721 lodouicus
467 2663 517 2720 dei
540 2664 645 2734 gracia
669 2664 834 2736 ilungarie‚
859 2664 1029 2735 Dalmacie‚
1053 2664 1188 2734 Croucie,
1210 2665 1316 2728 Rame.
1333 2663 1448 2734 Seruio,

177 2769 322 2840 Gallicie,
355 2768 546 2838 Lodomerie,
578 2769 736 2840 Cumania,
760 2769 966 2842 Bulgarieque
989 2787 1052 2841 rex,
1077 2771 1221 2845 princeps
1237 2769 1448 2828 Salernitanus

181 2881 211 2932 et
227 2875 365 2932 Honoris
381 2891 416 2931 ac
432 2876 546 2932 montis
563 2875 658 2932 sancti
675 2875 787 2947 Angeli
812 2874 963 2933 dominus.
987 2876 1139 2934 Omnibus
1162 2875 1277 2934 Christi
1301 2875 1448 2934 fidelibus

177 2982 376 3056 presentibus
402 2987 432 3038 et
457 2981 568 3038 futuris
593 2997 717 3054 presens
744 2982 895 3056 scriptum
912 2983 1096 3056 inspecturis
1111 2984 1244 3040 salutem
1261 2983 1292 3040 in
1308 2983 1448 3042 omnium

178 3089 344 3144 salvatore.
369 3086 448 3144 Cum
472 3103 490 3144 a
514 3087 603 3144 nobis
626 3088 741 3160 petitur
765 3087 845 3159 quod
865 3089 1025 3146 honestum
1043 3095 1097 3160 est,
1114 3087 1201 3146 decet
1218 3089 1335 3162 regiam
1352 3091 1446 3147 maie-

178 3199 289 3252 statem
323 3192 447 3250 facilem
480 3194 609 3266 prebere
640 3209 821 3251 consensum
846 3195 875 3251 in
902 3195 961 3252 hiis
984 3196 1139 3268 precipue,
1164 3211 1224 3267 que
1248 3195 1446 3252 ecclesiarum

180 3302 331 3372 sanguine
363 3301 502 3358 crucifixi
533 3300 753 3370 dedicatarum,
784 3301 922 3358 comodis
954 3301 1098 3359 videntur
1129 3301 1246 3362 utiliter
1277 3303 1447 3359 convenire.

182 3406 317 3466 Proinde
349 3407 387 3463 ad
423 3408 637 3464 universorum
674 3409 818 3464 noticiam
851 3409 960 3465 harum
992 3409 1069 3464 serie
1101 3408 1247 3464 volumus
1279 3408 1452 3480 pervenire,

181 3512 264 3584 quod
292 3513 441 3570 accedens
466 3514 494 3570 in
519 3517 621 3570 nostre
645 3513 812 3570 maiestatis
844 3515 1034 3588 presenciam
1061 3515 1247 3572 venerabilis
1270 3514 1300 3572 in
1326 3514 1449 3572 Christo

181 3625 270 3691 pater
298 3617 443 3676 dominus
474 3618 628 3688 Nicolaus,
655 3617 763 3677 eadem
794 3627 823 3676 et
855 3621 1023 3692 apostolice
1054 3621 1136 3678 sedis
1159 3621 1263 3693 gracia
1286 3621 1449 3694 episcopus

180 3726 398 3798 zagrabiensis,
421 3727 553 3798 auleque
577 3733 679 3783 nostre
704 3727 983 3796 vicecancellarius,
1015 3727 1146 3785 dilectus
1169 3728 1259 3784 nobis
1283 3734 1313 3784 et
1338 3725 1449 3797 fidelis,

182 3833 324 3890 exhibuit
356 3831 445 3888 nobis
476 3831 626 3904 quasdam
659 3833 776 3890 litteras
808 3839 927 3890 nostras
962 3839 1101 3907 patentes
1134 3849 1228 3906 super
1262 3831 1448 3905 quibusdam

181 3937 380 3998 libertatibus
412 3937 550 3994 eiusdem
582 3938 709 3994 ecclesie
739 3939 955 4010 zagrahiensis,
985 3939 1064 3996 datis
1088 3938 1197 4009 eidem,
1222 3937 1383 4008 consectas
1407 3945 1450 3994 te·

180 4043 264 4100 noris
289 4043 487 4116 infrascripti,
520 4043 700 4117 supplicans
732 4045 761 4100 in
786 4061 841 4100 sua
864 4051 894 4102 et
917 4045 1045 4118 capituli
1069 4045 1205 4102 eiusdem
1230 4044 1357 4101 ecclesie
1382 4059 1450 4116 per·

180 4149 263 4205 sonis
287 4155 390 4205 nostre
413 4149 589 4206 celsitudini
609 4166 700 4222 prece
729 4151 908 4220 subiectiva,
927 4157 959 4207 ut
975 4151 1097 4207 easdem
1116 4155 1275 4224 acceptare
1291 4157 1322 4206 et
1337 4164 1450 4222 appro-

181 4254 285 4311 bando
301 4253 455 4312 ratificare
468 4263 634 4328 nostroque
649 4256 773 4326 eisdem,
787 4273 894 4328 ymmo
908 4257 1015 4330 pocius
1028 4257 1108 4314 dicte
1120 4257 1247 4314 ecclesie
1259 4256 1448 4329 zagrabiensi

181 4359 382 4432 dignaremur
406 4362 570 4434 privilegio
593 4362 783 4420 confirmare.
801 4362 940 4435 Quarum
957 4369 1044 4420 tenor
1060 4363 1131 4420 talis
1147 4367 1207 4420 est:
1225 4357 1298 4440 (vid.
1315 4379 1359 4420 nr.
1381 4362 1448 4419 181.

181 4481 227 4522 an.
248 4481 339 4541 1342,
360 4483 406 4540 14.
423 4462 617 4544 decembris.)
634 4467 696 4524 Nos
713 4469 816 4541 itaque
832 4469 1095 4542 supplicacionem
1112 4469 1185 4526 dicti
1198 4468 1316 4526 domini
1329 4467 1449 4525 Nicolai

182 4574 319 4648 episcopi
344 4575 374 4631 in
398 4589 451 4630 sua
476 4579 505 4631 et
528 4575 656 4648 capituli
689 4576 735 4632 sui
759 4577 966 4648 zagrabiensis
995 4577 1135 4650 personis
1159 4576 1249 4633 nobis
1274 4581 1447 4649 porrectam

186 4677 215 4735 in
239 4680 298 4736 hac
322 4685 409 4752 parte
440 4679 552 4737 iustam
577 4680 643 4738 lore
666 4687 695 4740 et
718 4682 890 4753 legitimam
915 4683 1143 4756 conspicientes
1172 4683 1310 4740 volentes
1335 4681 1450 4738 dictam

183 4785 343 4842 ecclesiam
368 4787 598 4858 zagrabiensem
622 4789 664 4844 ob
687 4789 896 4845 reverenciam
921 4789 1105 4846 sanctissimi
1129 4787 1276 4861 Stephani
1299 4787 1389 4860 regis,
1419 4788 1448 4844 in

184 4890 269 4948 cuius
294 4892 410 4948 honore
432 4891 568 4964 gloriose
592 4893 659 4966 ipsa
682 4892 809 4950 lundata
833 4894 943 4964 existit,
968 4910 1024 4966 per
1047 4895 1132 4950 cuius
1156 4893 1313 4950 continuas
1332 4899 1366 4950 ut
1381 4909 1449 4966 spe-

185 5011 289 5054 ramus
313 4997 543 5056 intercessiones
567 5006 597 5056 et
617 5000 795 5056 oracionum
813 5000 962 5072 suffragia
978 5001 1076 5058 tocius
1092 5005 1195 5058 nostre
1211 5004 1449 5071 nostrorumque
