3600 5804
540 589 612 646 Doc.
636 587 704 648 116.
731 625 768 633 -
791 591 847 648 An.
870 603 957 668 1321.
1344 612 1385 671 99

135 789 216 845 locuti
243 785 354 845 fuimus
385 787 603 860 excepcionem
635 787 767 846 civitatis
797 788 1031 846 declinatoriam
1061 789 1158 847 nostri
1189 788 1294 846 iudicii
1322 803 1383 848 non

135 874 239 962 valere;
268 909 328 966 qua
360 892 488 966 quidem
518 893 756 952 interlocucione
787 893 875 965 facta,
906 895 1053 968 magister
1083 894 1221 954 Thomas
1252 895 1384 953 civitatis

135 1000 243 1057 nomine
264 999 305 1056 sic
328 998 497 1073 respondit,
522 999 605 1072 quod
630 1000 738 1060 civitas
762 1001 856 1058 habet
880 1001 1079 1075 privilegium
1097 1002 1211 1074 regale,
1228 1018 1285 1075 per
1300 1000 1386 1074 quod

136 1105 316 1180 privilegium
339 1105 446 1162 liceret
469 1105 590 1162 civibus
614 1111 678 1162 tam
702 1107 732 1164 in
755 1108 888 1178 tributis
913 1123 1007 1180 quam
1033 1108 1063 1164 in
1079 1107 1148 1164 aliis
1169 1107 1387 1165 exaccionibus

136 1211 261 1269 inducere
282 1211 442 1268 novitates.
466 1211 503 1268 Et
526 1226 582 1268 nos
612 1217 730 1270 certum
761 1213 928 1271 terminum
962 1213 990 1270 ei
1021 1214 1247 1285 assignavimus
1270 1213 1301 1271 in
1324 1227 1386 1286 quo

135 1319 316 1392 privilegium
339 1319 492 1387 exhibeat,
516 1317 599 1391 quod
621 1319 744 1391 allegat.
764 1318 962 1392 Quoquidem
979 1320 1111 1376 termino
1127 1319 1309 1377 adveniente
1335 1335 1386 1376 ex-

136 1426 222 1482 hibuit
243 1425 460 1498 transcriptum
486 1424 645 1498 privilegii
673 1424 804 1482 confecti
835 1440 929 1498 super
960 1425 1156 1482 libertatibus
1181 1425 1321 1496 civitatis,
1354 1425 1386 1482 in

136 1545 188 1603 quo
207 1531 385 1605 transcripto
406 1529 501 1588 nichil
523 1532 736 1588 continebatur
760 1531 797 1588 de
821 1531 888 1598 hoc,
913 1529 996 1603 quod
1020 1531 1129 1587 civitas
1152 1531 1274 1604 aliquas
1295 1531 1384 1589 novi-

136 1642 200 1694 tates
220 1636 367 1706 inducere,
390 1637 443 1694 vel
466 1652 547 1695 nova
580 1637 677 1710 possit
708 1631 852 1694 salinaria
883 1637 1066 1694 constituere
1097 1641 1149 1694 aut
1173 1637 1296 1694 tributa.
1322 1637 1386 1696 Nos

137 1743 217 1814 igitur
236 1759 304 1800 cum
328 1744 435 1801 multis
457 1745 544 1816 regni
567 1743 726 1800 nobilibus
751 1743 841 1800 nobis
872 1742 1078 1801 assidentibus
1101 1759 1158 1817 per
1181 1742 1381 1802 diffinitivam

136 1851 301 1907 sentenciam
326 1850 624 1924 condempnavimus
647 1851 748 1923 ipsam
772 1849 929 1907 civitatem
944 1848 984 1906 ad
999 1848 1226 1907 restituendum
1247 1851 1385 1924 capitulo

138 1949 305 2029 omniaque
328 1957 453 2014 nomine
475 1961 505 2013 et
528 1957 710 2014 hoccasione
741 1955 872 2029 predicti
904 1956 1011 2013 tributi
1040 1955 1204 2013 filarchina
1236 1956 1386 2014 nominati

137 2066 161 2118 et
180 2063 312 2120 salinarie
334 2067 364 2119 et
395 2077 491 2135 quam
520 2061 679 2119 occasione
710 2062 955 2120 conservacionis
985 2062 1063 2119 iuste
1095 2077 1238 2120 mensure
1261 2078 1293 2120 se
1317 2079 1386 2120 exe·

137 2168 204 2240 gisse
224 2185 277 2242 per
298 2183 367 2226 suas
390 2168 508 2225 litteras
531 2172 602 2224 sunt
617 2167 763 2236 confessi;
787 2168 868 2226 idem
894 2169 1046 2225 tributum
1062 2167 1224 2226 filarchina
1239 2173 1386 2226 vocatum

136 2278 160 2331 ei
179 2275 345 2332 salinariam
362 2273 545 2348 predictam,
568 2274 691 2331 tributis
714 2275 808 2346 regiis
823 2274 1022 2348 applicatam,
1040 2274 1230 2331 restituimus
1245 2274 1382 2348 capitulo

137 2382 302 2454 supradicto
316 2439 319 2446 ,
333 2381 367 2438 ln
399 2395 532 2453 quorum
564 2380 678 2438 iurium
709 2379 904 2454 corporalem
935 2379 1159 2452 possessionem
1184 2395 1240 2453 per
1262 2380 1383 2438 nobiles

138 2487 208 2544 viros
229 2489 370 2545 comitem
393 2486 566 2556 Nicolaum,
589 2485 692 2543 filium
723 2485 879 2559 Stephani,
903 2485 977 2543 dicti
1004 2484 1134 2559 Chupor
1161 2483 1199 2543 de
1222 2486 1385 2545 Monoslov

138 2599 162 2649 et
181 2609 230 2666 per
252 2595 395 2652 comitem
419 2592 610 2666 Stephanum
627 2592 666 2649 de
682 2591 818 2648 Vinodol
833 2592 936 2665 ipsum
953 2591 1125 2664 capitulum
1146 2590 1275 2648 fecimus
1291 2593 1384 2650 intro·

138 2698 202 2756 duci.
223 2701 315 2758 Porro
338 2717 377 2758 ex
399 2699 534 2774 presenti
557 2699 710 2756 sentencia
728 2698 888 2754 nobilibus
910 2702 940 2754 et
963 2698 1072 2754 incolis
1088 2697 1175 2770 regni
1203 2697 1384 2770 inquorum

138 2804 261 2864 iniuriam
283 2811 500 2880 proponuntur
521 2805 661 2878 predicta
692 2819 772 2862 nova
801 2804 945 2861 salinaria
969 2803 1156 2875 introducta,
1185 2803 1307 2861 nullum
1331 2819 1385 2862 vo-

138 2910 226 2970 lumus
246 2912 449 2986 preludicium
478 2911 626 2985 generari,
659 2911 825 2984 quominus
855 2926 943 2968 suam
975 2910 1129 2968 iusticiam
1157 2915 1385 2984 prosequantur

139 3023 226 3075 contra
248 3020 401 3092 quoslibet
424 3035 496 3092 sepe
519 3017 599 3075 dicte
627 3017 770 3075 salinarie
801 3032 1000 3090 possessores.
1024 3015 1141 3074 Datum
1171 3015 1330 3089 Zagrabie,
1354 3017 1384 3074 in

140 3127 355 3198 congregacione
378 3129 491 3196 nostra,
520 3125 551 3182 in
575 3124 707 3181 crastino
723 3122 898 3180 festivitatis
914 3123 1010 3180 sancti
1025 3123 1107 3195 regis
1123 3121 1277 3196 Stephani.
1294 3122 1384 3180 Anno

140 3225 239 3288 domini
260 3231 427 3289 MCCCXX
450 3231 560 3304 primo

212 3383 412 3450 Etransumpto
436 3383 547 3450 capituli
573 3382 720 3442 dasmensis,
740 3383 833 3434 eodem
852 3397 926 3434 anno.
953 3382 983 3432 ln
1001 3383 1159 3433 membrana.
1180 3381 1210 3432 ln
1229 3381 1299 3431 arch.
1321 3398 1379 3432 ven.

141 3485 184 3536 cap.
201 3475 257 3522 eccl.
275 3474 378 3540 zagrab.
399 3471 462 3524 fasc.
485 3483 523 3523 10.
540 3489 581 3523 nr.
600 3481 642 3534 47.

710 3747 793 3824 11θί

213 3922 281 3970 Anno
301 3929 376 3979 1321,
398 3928 419 3968 1.
439 3916 605 3984 septembris,
625 3903 740 3967 (fasmae.

227 4047 383 4122 Capimlum
413 4047 553 4104 c'asmensc
582 4047 767 4103 transummit
794 4047 904 4103 hilaros
931 4045 1067 4103 tribunam
1090 4045 1274 4119 zagrabiense

652 4160 851 4210 concernentes.

214 4317 270 4376 Nos
291 4317 463 4392 capitulum
486 4317 674 4375 chasmensis
690 4315 824 4373 ecclesie.
845 4316 993 4373 Memorie
1016 4313 1267 4373 commendantes
1290 4316 1382 4388 signi-

144 4417 251 4480 ficamus
272 4424 383 4497 quibus
407 4422 532 4496 expedit
554 4422 706 4480 universis
730 4422 924 4496 presencium
950 4438 1005 4495 per
1028 4427 1176 4493 tenorem,
1200 4421 1282 4494 quod
1304 4437 1383 4479 anno

144 4521 241 4586 domini
261 4529 367 4588 MCCC
397 4530 557 4602 vicesymo
587 4530 690 4602 primo
717 4528 850 4585 infesto
881 4528 964 4584 beati
994 4527 1094 4600 Egidii
1123 4527 1314 4598 confessoris,
1338 4528 1383 4585 di·

144 4633 217 4689 screti
236 4636 297 4708 viri,
320 4637 474 4709 magistri,
496 4635 640 4693 videlicet
670 4635 824 4717 Johannes
849 4640 878 4690 et
902 4633 1054 4705 Georgius
1078 4631 1219 4704 decanus,
1246 4634 1382 4692 canonici

145 4737 250 4798 ecclesie
276 4741 481 4816 zagrabiensis
514 4740 553 4798 ad
585 4745 722 4797 nostram
753 4739 930 4797 accedentes
961 4741 1166 4812 personaliter
1192 4741 1382 4811 presenciam

145 4843 322 4906 exhibuerunt
346 4849 437 4907 nobis
461 4848 579 4904 litteras
600 4846 811 4919 privilegiales
826 4844 984 4916 magnifici
1000 4845 1059 4902 viri
1076 4844 1192 4901 domini
1210 4839 1382 4927 J(ohannis)

146 4944 203 5004 bani
222 4955 308 5011 tocius
331 4953 503 5022 Sclauonie,
535 4959 671 5025 petentes
695 4969 765 5009 cum
790 4953 946 5020 instancia,
971 4959 1003 5007 ut
1027 4955 1166 5008 tenorem
1191 4957 1220 5007 et
1244 4951 1378 5009 formam

147 5058 297 5118 earumdem
319 5059 357 5117 de
381 5059 478 5116 verbo
502 5057 541 5115 ad
563 5059 696 5115 verbum
712 5057 823 5114 nostris
840 5059 870 5114 in
886 5057 997 5114 litteris
1021 5056 1270 5129 privilegialibus
1289 5058 1381 5114 inseri

1264 5171 1278 5204 ΙΙ

741 5383 971 5514 435469
