<?xml version="1.0" encoding="UTF-8"?>
<!DOCTYPE html PUBLIC "-//W3C//DTD XHTML 1.0 Transitional//EN"
    "http://www.w3.org/TR/xhtml1/DTD/xhtml1-transitional.dtd">
<html xmlns="http://www.w3.org/1999/xhtml" xml:lang="en" lang="en">
 <head>
  <title>
</title>
<meta http-equiv="Content-Type" content="text/html;charset=utf-8" />
  <meta name='ocr-system' content='tesseract 3.04.00' />
  <meta name='ocr-capabilities' content='ocr_page ocr_carea ocr_par ocr_line ocrx_word'/>
</head>
<body>
  <div class='ocr_page' id='page_1' title='image "./monumentahistor18laszgoog_0436.png"; bbox 0 0 3600 5804; ppageno 0'>
   <div class='ocr_carea' id='block_1_1' title="bbox 405 525 1249 604">
    <p class='ocr_par' dir='ltr' id='par_1_1' title="bbox 405 525 1249 604">
     <span class='ocr_line' id='line_1_1' title="bbox 405 525 1249 604; baseline -0.002 -18"><span class='ocrx_word' id='word_1_1' title='bbox 405 544 467 587; x_wconf 85' lang='lat'>200</span> <span class='ocrx_word' id='word_1_2' title='bbox 523 561 525 566; x_wconf 60' lang='lat'>=</span> <span class='ocrx_word' id='word_1_3' title='bbox 829 527 903 584; x_wconf 85' lang='lat' dir='ltr'>Doc.</span> <span class='ocrx_word' id='word_1_4' title='bbox 925 541 994 604; x_wconf 74' lang='lat'><em>223.</em></span> <span class='ocrx_word' id='word_1_5' title='bbox 1020 559 1057 570; x_wconf 86' lang='lat'><em>-</em></span> <span class='ocrx_word' id='word_1_6' title='bbox 1083 525 1142 584; x_wconf 71' lang='lat' dir='ltr'>Aa</span> <span class='ocrx_word' id='word_1_7' title='bbox 1164 539 1249 604; x_wconf 78' lang='lat'><em>1351.</em></span> 
     </span>
    </p>
   </div>
   <div class='ocr_carea' id='block_1_2' title="bbox 397 718 1654 3793">
    <p class='ocr_par' dir='ltr' id='par_1_2' title="bbox 397 718 1654 3793">
     <span class='ocr_line' id='line_1_2' title="bbox 402 718 1651 786; baseline 0 -18"><span class='ocrx_word' id='word_1_8' title='bbox 402 719 445 769; x_wconf 94' lang='lat' dir='ltr'>hic</span> <span class='ocrx_word' id='word_1_9' title='bbox 465 719 561 778; x_wconf 88' lang='lat' dir='ltr'>refero,</span> <span class='ocrx_word' id='word_1_10' title='bbox 580 719 630 769; x_wconf 91' lang='lat' dir='ltr'>ita:</span> <span class='ocrx_word' id='word_1_11' title='bbox 651 719 718 784; x_wconf 89' lang='lat' dir='ltr'>(vid.</span> <span class='ocrx_word' id='word_1_12' title='bbox 738 719 799 768; x_wconf 87' lang='lat' dir='ltr'>libr.</span> <span class='ocrx_word' id='word_1_13' title='bbox 820 719 946 770; x_wconf 87' lang='lat' dir='ltr'>Statutor.</span> <span class='ocrx_word' id='word_1_14' title='bbox 961 724 1028 785; x_wconf 91' lang='lat' dir='ltr'>part.</span> <span class='ocrx_word' id='word_1_15' title='bbox 1042 719 1075 770; x_wconf 91' lang='lat'>11.</span> <span class='ocrx_word' id='word_1_16' title='bbox 1095 726 1175 786; x_wconf 90' lang='lat' dir='ltr'>caput</span> <span class='ocrx_word' id='word_1_17' title='bbox 1193 720 1226 770; x_wconf 93' lang='lat'>11.</span> <span class='ocrx_word' id='word_1_18' title='bbox 1239 721 1312 786; x_wconf 91' lang='lat' dir='ltr'>Joan.</span> <span class='ocrx_word' id='word_1_19' title='bbox 1332 719 1441 770; x_wconf 79' lang='lat' dir='ltr'>Tkaldic&#39;</span> <span class='ocrx_word' id='word_1_20' title='bbox 1454 721 1470 769; x_wconf 94' lang='lat' dir='ltr'>l.</span> <span class='ocrx_word' id='word_1_21' title='bbox 1488 735 1509 769; x_wconf 90' lang='lat' dir='ltr'>c.</span> <span class='ocrx_word' id='word_1_22' title='bbox 1522 718 1555 769; x_wconf 90' lang='lat'>11.</span> <span class='ocrx_word' id='word_1_23' title='bbox 1567 735 1590 784; x_wconf 83' lang='lat' dir='ltr'>p</span> <span class='ocrx_word' id='word_1_24' title='bbox 1602 719 1651 784; x_wconf 76' lang='lat'>05.)</span> 
     </span>
     <span class='ocr_line' id='line_1_3' title="bbox 402 806 1652 872; baseline -0.001 -15"><span class='ocrx_word' id='word_1_25' title='bbox 402 809 490 870; x_wconf 84' lang='lat' dir='ltr'>„quod</span> <span class='ocrx_word' id='word_1_26' title='bbox 512 807 611 872; x_wconf 85' lang='lat' dir='ltr'><strong>singuli</strong></span> <span class='ocrx_word' id='word_1_27' title='bbox 633 823 666 856; x_wconf 82' lang='lat' dir='ltr'>ex</span> <span class='ocrx_word' id='word_1_28' title='bbox 687 806 770 865; x_wconf 90' lang='lat' dir='ltr'>nobis,</span> <span class='ocrx_word' id='word_1_29' title='bbox 793 822 844 857; x_wconf 91' lang='lat' dir='ltr'>non</span> <span class='ocrx_word' id='word_1_30' title='bbox 870 806 992 872; x_wconf 91' lang='lat' dir='ltr'>impediti</span> <span class='ocrx_word' id='word_1_31' title='bbox 1011 807 1219 866; x_wconf 76' lang='lat' dir='ltr'>racionabiliter,</span> <span class='ocrx_word' id='word_1_32' title='bbox 1242 809 1355 858; x_wconf 87' lang='lat' dir='ltr'>debcant</span> <span class='ocrx_word' id='word_1_33' title='bbox 1374 809 1445 858; x_wconf 89' lang='lat' dir='ltr'>omni</span> <span class='ocrx_word' id='word_1_34' title='bbox 1463 809 1507 858; x_wconf 92' lang='lat' dir='ltr'>die</span> <span class='ocrx_word' id='word_1_35' title='bbox 1525 809 1557 856; x_wconf 93' lang='lat' dir='ltr'>ad</span> <span class='ocrx_word' id='word_1_36' title='bbox 1575 807 1652 857; x_wconf 90' lang='lat' dir='ltr'>omnia</span> 
     </span>
     <span class='ocr_line' id='line_1_4' title="bbox 402 894 1652 960; baseline -0.002 -15"><span class='ocrx_word' id='word_1_37' title='bbox 402 895 493 945; x_wconf 90' lang='lat' dir='ltr'>divina</span> <span class='ocrx_word' id='word_1_38' title='bbox 506 894 595 945; x_wconf 89' lang='lat' dir='ltr'>officia</span> <span class='ocrx_word' id='word_1_39' title='bbox 607 894 744 945; x_wconf 91' lang='lat' dir='ltr'>ordinaria</span> <span class='ocrx_word' id='word_1_40' title='bbox 758 901 784 946; x_wconf 93' lang='lat' dir='ltr'>et</span> <span class='ocrx_word' id='word_1_41' title='bbox 796 895 875 944; x_wconf 91' lang='lat' dir='ltr'>horas</span> <span class='ocrx_word' id='word_1_42' title='bbox 888 894 1062 960; x_wconf 90' lang='lat' dir='ltr'>perficiendas</span> <span class='ocrx_word' id='word_1_43' title='bbox 1074 895 1101 946; x_wconf 90' lang='lat' dir='ltr'>in</span> <span class='ocrx_word' id='word_1_44' title='bbox 1112 896 1222 946; x_wconf 86' lang='lat' dir='ltr'>ecclesia</span> <span class='ocrx_word' id='word_1_45' title='bbox 1235 897 1330 946; x_wconf 89' lang='lat' dir='ltr'>maiori</span> <span class='ocrx_word' id='word_1_46' title='bbox 1344 913 1403 946; x_wconf 92' lang='lat' dir='ltr'>cum</span> <span class='ocrx_word' id='word_1_47' title='bbox 1417 895 1510 946; x_wconf 83' lang='lat' dir='ltr'>effectu</span> <span class='ocrx_word' id='word_1_48' title='bbox 1523 894 1652 945; x_wconf 90' lang='lat' dir='ltr'>convenire</span> 
     </span>
     <span class='ocr_line' id='line_1_5' title="bbox 400 981 1652 1050; baseline -0.002 -18"><span class='ocrx_word' id='word_1_49' title='bbox 400 998 448 1048; x_wconf 90' lang='lat' dir='ltr'>per</span> <span class='ocrx_word' id='word_1_50' title='bbox 464 999 491 1032; x_wconf 91' lang='lat' dir='ltr'>se</span> <span class='ocrx_word' id='word_1_51' title='bbox 510 984 554 1032; x_wconf 93' lang='lat' dir='ltr'>vel</span> <span class='ocrx_word' id='word_1_52' title='bbox 572 997 620 1048; x_wconf 88' lang='lat' dir='ltr'>per</span> <span class='ocrx_word' id='word_1_53' title='bbox 645 982 720 1040; x_wconf 90' lang='lat' dir='ltr'>alios,</span> <span class='ocrx_word' id='word_1_54' title='bbox 740 983 853 1046; x_wconf 88' lang='lat' dir='ltr'>adque,</span> <span class='ocrx_word' id='word_1_55' title='bbox 879 987 991 1048; x_wconf 92' lang='lat' dir='ltr'>propter</span> <span class='ocrx_word' id='word_1_56' title='bbox 1016 982 1143 1032; x_wconf 87' lang='lat' dir='ltr'>beneficia</span> <span class='ocrx_word' id='word_1_57' title='bbox 1169 999 1220 1048; x_wconf 91' lang='lat' dir='ltr'>que</span> <span class='ocrx_word' id='word_1_58' title='bbox 1243 983 1418 1050; x_wconf 86' lang='lat' dir='ltr'>percepimus,</span> <span class='ocrx_word' id='word_1_59' title='bbox 1442 981 1652 1048; x_wconf 81' lang='lat' dir='ltr'>contemplacione</span> 
     </span>
     <span class='ocr_line' id='line_1_6' title="bbox 400 1069 1651 1137; baseline -0.002 -17"><span class='ocrx_word' id='word_1_60' title='bbox 400 1069 483 1136; x_wconf 91' lang='lat' dir='ltr'>ipsius</span> <span class='ocrx_word' id='word_1_61' title='bbox 502 1071 611 1120; x_wconf 86' lang='lat' dir='ltr'>ecclesie</span> <span class='ocrx_word' id='word_1_62' title='bbox 641 1069 801 1136; x_wconf 87' lang='lat' dir='ltr'>obligamur,</span> <span class='ocrx_word' id='word_1_63' title='bbox 827 1070 995 1129; x_wconf 89' lang='lat' dir='ltr'>constituens,</span> <span class='ocrx_word' id='word_1_64' title='bbox 1023 1072 1095 1136; x_wconf 92' lang='lat' dir='ltr'>quod</span> <span class='ocrx_word' id='word_1_65' title='bbox 1120 1072 1255 1122; x_wconf 79' lang='lat' dir='ltr'>annuatim</span> <span class='ocrx_word' id='word_1_66' title='bbox 1279 1071 1444 1137; x_wconf 80' lang='lat' dir='ltr'>infrascripti</span> <span class='ocrx_word' id='word_1_67' title='bbox 1473 1069 1651 1124; x_wconf 85' lang='lat' dir='ltr'>ebdomadarii.</span> 
     </span>
     <span class='ocr_line' id='line_1_7' title="bbox 399 1157 1652 1226; baseline -0.001 -18"><span class='ocrx_word' id='word_1_68' title='bbox 399 1158 446 1223; x_wconf 88' lang='lat' dir='ltr'>qui</span> <span class='ocrx_word' id='word_1_69' title='bbox 470 1159 568 1210; x_wconf 91' lang='lat' dir='ltr'>debent</span> <span class='ocrx_word' id='word_1_70' title='bbox 584 1175 639 1209; x_wconf 90' lang='lat' dir='ltr'>esse</span> <span class='ocrx_word' id='word_1_71' title='bbox 658 1158 685 1210; x_wconf 90' lang='lat' dir='ltr'>in</span> <span class='ocrx_word' id='word_1_72' title='bbox 709 1158 869 1210; x_wconf 88' lang='lat' dir='ltr'>sacerdotali</span> <span class='ocrx_word' id='word_1_73' title='bbox 895 1157 988 1209; x_wconf 86' lang='lat' dir='ltr'>ordine</span> <span class='ocrx_word' id='word_1_74' title='bbox 1007 1175 1040 1209; x_wconf 90' lang='lat' dir='ltr'>ex</span> <span class='ocrx_word' id='word_1_75' title='bbox 1066 1159 1157 1210; x_wconf 89' lang='lat' dir='ltr'>debito</span> <span class='ocrx_word' id='word_1_76' title='bbox 1176 1176 1225 1225; x_wconf 87' lang='lat' dir='ltr'>per</span> <span class='ocrx_word' id='word_1_77' title='bbox 1244 1177 1271 1210; x_wconf 90' lang='lat' dir='ltr'>sc</span> <span class='ocrx_word' id='word_1_78' title='bbox 1291 1162 1332 1210; x_wconf 77' lang='lat' dir='ltr'>sel</span> <span class='ocrx_word' id='word_1_79' title='bbox 1353 1175 1401 1226; x_wconf 90' lang='lat' dir='ltr'>per</span> <span class='ocrx_word' id='word_1_80' title='bbox 1420 1175 1481 1210; x_wconf 90' lang='lat' dir='ltr'>suos</span> <span class='ocrx_word' id='word_1_81' title='bbox 1505 1160 1652 1223; x_wconf 86' lang='lat' dir='ltr'>quandoque</span> 
     </span>
     <span class='ocr_line' id='line_1_8' title="bbox 399 1246 1653 1316; baseline -0.003 -18"><span class='ocrx_word' id='word_1_82' title='bbox 399 1249 517 1316; x_wconf 79' lang='lat' dir='ltr'>ydoneos</span> <span class='ocrx_word' id='word_1_83' title='bbox 536 1248 694 1299; x_wconf 89' lang='lat' dir='ltr'>substitutos</span> <span class='ocrx_word' id='word_1_84' title='bbox 712 1248 804 1299; x_wconf 89' lang='lat' dir='ltr'>missas</span> <span class='ocrx_word' id='word_1_85' title='bbox 823 1247 906 1308; x_wconf 89' lang='lat' dir='ltr'>chori,</span> <span class='ocrx_word' id='word_1_86' title='bbox 926 1263 977 1312; x_wconf 90' lang='lat' dir='ltr'>que</span> <span class='ocrx_word' id='word_1_87' title='bbox 996 1264 1089 1314; x_wconf 88' lang='lat' dir='ltr'>magne</span> <span class='ocrx_word' id='word_1_88' title='bbox 1104 1248 1181 1298; x_wconf 87' lang='lat' dir='ltr'>misse</span> <span class='ocrx_word' id='word_1_89' title='bbox 1200 1249 1332 1306; x_wconf 91' lang='lat' dir='ltr'>dicuntur,</span> <span class='ocrx_word' id='word_1_90' title='bbox 1352 1248 1498 1298; x_wconf 89' lang='lat' dir='ltr'>comuniter</span> <span class='ocrx_word' id='word_1_91' title='bbox 1512 1248 1539 1298; x_wconf 92' lang='lat' dir='ltr'>in</span> <span class='ocrx_word' id='word_1_92' title='bbox 1552 1246 1653 1296; x_wconf 88' lang='lat' dir='ltr'>ecclesia</span> 
     </span>
     <span class='ocr_line' id='line_1_9' title="bbox 400 1335 1652 1401; baseline -0.002 -15"><span class='ocrx_word' id='word_1_93' title='bbox 400 1336 494 1387; x_wconf 91' lang='lat' dir='ltr'>maiori</span> <span class='ocrx_word' id='word_1_94' title='bbox 515 1342 619 1387; x_wconf 90' lang='lat' dir='ltr'>cantare</span> <span class='ocrx_word' id='word_1_95' title='bbox 639 1343 776 1388; x_wconf 88' lang='lat' dir='ltr'>teneantur</span> <span class='ocrx_word' id='word_1_96' title='bbox 795 1337 865 1388; x_wconf 93' lang='lat' dir='ltr'>omni</span> <span class='ocrx_word' id='word_1_97' title='bbox 885 1336 936 1396; x_wconf 90' lang='lat' dir='ltr'>die,</span> <span class='ocrx_word' id='word_1_98' title='bbox 956 1337 1081 1401; x_wconf 89' lang='lat' dir='ltr'>quociens</span> <span class='ocrx_word' id='word_1_99' title='bbox 1101 1337 1219 1388; x_wconf 90' lang='lat' dir='ltr'>occurrit</span> <span class='ocrx_word' id='word_1_100' title='bbox 1238 1337 1265 1388; x_wconf 92' lang='lat' dir='ltr'>in</span> <span class='ocrx_word' id='word_1_101' title='bbox 1284 1337 1377 1388; x_wconf 85' lang='lat' dir='ltr'>ordine</span> <span class='ocrx_word' id='word_1_102' title='bbox 1397 1338 1524 1388; x_wconf 90' lang='lat' dir='ltr'>iterando.</span> <span class='ocrx_word' id='word_1_103' title='bbox 1545 1336 1583 1386; x_wconf 84' lang='lat' dir='ltr'>Ex</span> <span class='ocrx_word' id='word_1_104' title='bbox 1600 1335 1652 1400; x_wconf 90' lang='lat' dir='ltr'>qui-</span> 
     </span>
     <span class='ocr_line' id='line_1_10' title="bbox 398 1424 1653 1493; baseline -0.002 -19"><span class='ocrx_word' id='word_1_105' title='bbox 398 1425 448 1475; x_wconf 92' lang='lat' dir='ltr'>bus</span> <span class='ocrx_word' id='word_1_106' title='bbox 467 1425 580 1490; x_wconf 87' lang='lat' dir='ltr'>primam</span> <span class='ocrx_word' id='word_1_107' title='bbox 599 1426 772 1475; x_wconf 87' lang='lat' dir='ltr'>ebdomadam</span> <span class='ocrx_word' id='word_1_108' title='bbox 792 1425 849 1491; x_wconf 92' lang='lat' dir='ltr'>ipsc</span> <span class='ocrx_word' id='word_1_109' title='bbox 868 1425 990 1476; x_wconf 89' lang='lat' dir='ltr'>dominus</span> <span class='ocrx_word' id='word_1_110' title='bbox 1008 1425 1148 1490; x_wconf 84' lang='lat' dir='ltr'>episcopus</span> <span class='ocrx_word' id='word_1_111' title='bbox 1168 1441 1282 1484; x_wconf 87' lang='lat' dir='ltr'>servare,</span> <span class='ocrx_word' id='word_1_112' title='bbox 1296 1433 1325 1476; x_wconf 91' lang='lat' dir='ltr'>ut</span> <span class='ocrx_word' id='word_1_113' title='bbox 1345 1425 1500 1493; x_wconf 84' lang='lat' dir='ltr'>predicitur,</span> <span class='ocrx_word' id='word_1_114' title='bbox 1520 1424 1653 1490; x_wconf 88' lang='lat' dir='ltr'>obligetur,</span> 
     </span>
     <span class='ocr_line' id='line_1_11' title="bbox 399 1513 1653 1579; baseline -0.002 -17"><span class='ocrx_word' id='word_1_115' title='bbox 399 1514 540 1564; x_wconf 87' lang='lat' dir='ltr'>secundam</span> <span class='ocrx_word' id='word_1_116' title='bbox 562 1513 740 1579; x_wconf 86' lang='lat' dir='ltr'>zagrabiensis</span> <span class='ocrx_word' id='word_1_117' title='bbox 763 1513 921 1579; x_wconf 88' lang='lat' dir='ltr'>prepositus,</span> <span class='ocrx_word' id='word_1_118' title='bbox 945 1513 1053 1564; x_wconf 84' lang='lat' dir='ltr'>terciam</span> <span class='ocrx_word' id='word_1_119' title='bbox 1074 1515 1166 1573; x_wconf 91' lang='lat' dir='ltr'>lector,</span> <span class='ocrx_word' id='word_1_120' title='bbox 1194 1521 1315 1578; x_wconf 87' lang='lat' dir='ltr'>quartam</span> <span class='ocrx_word' id='word_1_121' title='bbox 1341 1521 1441 1574; x_wconf 89' lang='lat' dir='ltr'>cantor,</span> <span class='ocrx_word' id='word_1_122' title='bbox 1463 1515 1579 1578; x_wconf 84' lang='lat' dir='ltr'>quintam</span> <span class='ocrx_word' id='word_1_123' title='bbox 1600 1527 1653 1577; x_wconf 89' lang='lat' dir='ltr'>pre·</span> 
     </span>
     <span class='ocr_line' id='line_1_12' title="bbox 399 1601 1652 1668; baseline -0.002 -16"><span class='ocrx_word' id='word_1_124' title='bbox 399 1601 501 1667; x_wconf 89' lang='lat' dir='ltr'>positus</span> <span class='ocrx_word' id='word_1_125' title='bbox 520 1601 685 1662; x_wconf 88' lang='lat' dir='ltr'>chasmensis,</span> <span class='ocrx_word' id='word_1_126' title='bbox 704 1609 805 1652; x_wconf 86' lang='lat' dir='ltr'>sextam</span> <span class='ocrx_word' id='word_1_127' title='bbox 829 1601 1031 1652; x_wconf 88' lang='lat' dir='ltr'>archidiaconus</span> <span class='ocrx_word' id='word_1_128' title='bbox 1050 1602 1221 1662; x_wconf 85' lang='lat' dir='ltr'>kathedralis,</span> <span class='ocrx_word' id='word_1_129' title='bbox 1238 1603 1377 1668; x_wconf 85' lang='lat' dir='ltr'>septimam</span> <span class='ocrx_word' id='word_1_130' title='bbox 1396 1602 1594 1653; x_wconf 87' lang='lat' dir='ltr'>archidiaconus</span> <span class='ocrx_word' id='word_1_131' title='bbox 1611 1602 1652 1649; x_wconf 92' lang='lat' dir='ltr'>du·</span> 
     </span>
     <span class='ocr_line' id='line_1_13' title="bbox 399 1689 1653 1757; baseline -0.001 -18"><span class='ocrx_word' id='word_1_132' title='bbox 399 1689 513 1740; x_wconf 87' lang='lat' dir='ltr'>bicensis</span> <span class='ocrx_word' id='word_1_133' title='bbox 539 1695 565 1741; x_wconf 92' lang='lat' dir='ltr'>et</span> <span class='ocrx_word' id='word_1_134' title='bbox 593 1697 713 1741; x_wconf 89' lang='lat' dir='ltr'>octavam</span> <span class='ocrx_word' id='word_1_135' title='bbox 734 1689 937 1741; x_wconf 90' lang='lat' dir='ltr'>archidiaconus</span> <span class='ocrx_word' id='word_1_136' title='bbox 959 1691 992 1739; x_wconf 90' lang='lat' dir='ltr'>de</span> <span class='ocrx_word' id='word_1_137' title='bbox 1014 1690 1169 1741; x_wconf 88' lang='lat' dir='ltr'>Karnarcha.</span> <span class='ocrx_word' id='word_1_138' title='bbox 1191 1692 1297 1741; x_wconf 88' lang='lat' dir='ltr'>Horum</span> <span class='ocrx_word' id='word_1_139' title='bbox 1319 1698 1406 1742; x_wconf 89' lang='lat' dir='ltr'>autem</span> <span class='ocrx_word' id='word_1_140' title='bbox 1428 1691 1590 1757; x_wconf 87' lang='lat' dir='ltr'>singulorum</span> <span class='ocrx_word' id='word_1_141' title='bbox 1611 1703 1653 1754; x_wconf 86' lang='lat' dir='ltr'>per</span> 
     </span>
     <span class='ocr_line' id='line_1_14' title="bbox 399 1779 1653 1846; baseline -0.003 -16"><span class='ocrx_word' id='word_1_142' title='bbox 399 1781 503 1830; x_wconf 87' lang='lat' dir='ltr'>easdem</span> <span class='ocrx_word' id='word_1_143' title='bbox 517 1781 677 1830; x_wconf 88' lang='lat' dir='ltr'>ebdomadas</span> <span class='ocrx_word' id='word_1_144' title='bbox 696 1779 808 1846; x_wconf 91' lang='lat' dir='ltr'>dyaconi</span> <span class='ocrx_word' id='word_1_145' title='bbox 829 1779 959 1829; x_wconf 84' lang='lat' dir='ltr'>existunt:</span> <span class='ocrx_word' id='word_1_146' title='bbox 979 1779 1067 1844; x_wconf 91' lang='lat' dir='ltr'>primi,</span> <span class='ocrx_word' id='word_1_147' title='bbox 1087 1779 1189 1830; x_wconf 90' lang='lat' dir='ltr'>scilicet</span> <span class='ocrx_word' id='word_1_148' title='bbox 1201 1779 1301 1830; x_wconf 90' lang='lat' dir='ltr'>domini</span> <span class='ocrx_word' id='word_1_149' title='bbox 1318 1780 1445 1846; x_wconf 83' lang='lat' dir='ltr'>episcopi,</span> <span class='ocrx_word' id='word_1_150' title='bbox 1464 1779 1653 1830; x_wconf 85' lang='lat' dir='ltr'>archidiaconus</span> 
     </span>
     <span class='ocr_line' id='line_1_15' title="bbox 398 1867 1651 1933; baseline -0.003 -15"><span class='ocrx_word' id='word_1_151' title='bbox 398 1869 431 1918; x_wconf 90' lang='lat' dir='ltr'>de</span> <span class='ocrx_word' id='word_1_152' title='bbox 451 1868 586 1928; x_wconf 90' lang='lat' dir='ltr'>Guerche;</span> <span class='ocrx_word' id='word_1_153' title='bbox 603 1868 719 1926; x_wconf 90' lang='lat' dir='ltr'>secundi,</span> <span class='ocrx_word' id='word_1_154' title='bbox 738 1868 839 1918; x_wconf 87' lang='lat' dir='ltr'>scilicet</span> <span class='ocrx_word' id='word_1_155' title='bbox 851 1867 982 1933; x_wconf 90' lang='lat' dir='ltr'>prepositi</span> <span class='ocrx_word' id='word_1_156' title='bbox 996 1867 1181 1933; x_wconf 81' lang='lat' dir='ltr'>zagrabiensis,</span> <span class='ocrx_word' id='word_1_157' title='bbox 1195 1869 1397 1919; x_wconf 88' lang='lat' dir='ltr'>archidiaconus</span> <span class='ocrx_word' id='word_1_158' title='bbox 1411 1871 1444 1918; x_wconf 91' lang='lat' dir='ltr'>dc</span> <span class='ocrx_word' id='word_1_159' title='bbox 1462 1868 1587 1924; x_wconf 85' lang='lat' dir='ltr'>Kemluk;</span> <span class='ocrx_word' id='word_1_160' title='bbox 1606 1873 1651 1916; x_wconf 86' lang='lat' dir='ltr'>ter·</span> 
     </span>
     <span class='ocr_line' id='line_1_16' title="bbox 402 1956 1654 2020; baseline -0.003 -14"><span class='ocrx_word' id='word_1_161' title='bbox 402 1957 445 2016; x_wconf 92' lang='lat' dir='ltr'>cii,</span> <span class='ocrx_word' id='word_1_162' title='bbox 464 1957 566 2007; x_wconf 86' lang='lat' dir='ltr'>scilicet</span> <span class='ocrx_word' id='word_1_163' title='bbox 584 1957 698 2016; x_wconf 88' lang='lat' dir='ltr'>lectoris,</span> <span class='ocrx_word' id='word_1_164' title='bbox 717 1956 918 2007; x_wconf 88' lang='lat' dir='ltr'>archidiaconus</span> <span class='ocrx_word' id='word_1_165' title='bbox 930 1957 963 2006; x_wconf 91' lang='lat' dir='ltr'>de</span> <span class='ocrx_word' id='word_1_166' title='bbox 977 1956 1078 2014; x_wconf 88' lang='lat' dir='ltr'>Vaska;</span> <span class='ocrx_word' id='word_1_167' title='bbox 1093 1957 1195 2020; x_wconf 89' lang='lat' dir='ltr'>quarti,</span> <span class='ocrx_word' id='word_1_168' title='bbox 1212 1957 1314 2008; x_wconf 90' lang='lat' dir='ltr'>scilicet</span> <span class='ocrx_word' id='word_1_169' title='bbox 1332 1958 1455 2015; x_wconf 83' lang='lat' dir='ltr'>cantoris,</span> <span class='ocrx_word' id='word_1_170' title='bbox 1464 1956 1654 2007; x_wconf 88' lang='lat' dir='ltr'>archidiaconus</span> 
     </span>
     <span class='ocr_line' id='line_1_17' title="bbox 398 2043 1650 2111; baseline -0.003 -15"><span class='ocrx_word' id='word_1_171' title='bbox 398 2047 569 2104; x_wconf 90' lang='lat' dir='ltr'>chasmensis;</span> <span class='ocrx_word' id='word_1_172' title='bbox 588 2046 683 2111; x_wconf 88' lang='lat' dir='ltr'>quinti,</span> <span class='ocrx_word' id='word_1_173' title='bbox 702 2046 804 2096; x_wconf 88' lang='lat' dir='ltr'>scilicet</span> <span class='ocrx_word' id='word_1_174' title='bbox 823 2045 953 2111; x_wconf 89' lang='lat' dir='ltr'>prepositi</span> <span class='ocrx_word' id='word_1_175' title='bbox 973 2044 1137 2104; x_wconf 90' lang='lat' dir='ltr'>chasmensis,</span> <span class='ocrx_word' id='word_1_176' title='bbox 1158 2046 1359 2096; x_wconf 86' lang='lat' dir='ltr'>archidiaconus</span> <span class='ocrx_word' id='word_1_177' title='bbox 1379 2048 1411 2096; x_wconf 91' lang='lat' dir='ltr'>dc</span> <span class='ocrx_word' id='word_1_178' title='bbox 1435 2046 1564 2104; x_wconf 89' lang='lat' dir='ltr'>Bekchin;</span> <span class='ocrx_word' id='word_1_179' title='bbox 1582 2043 1650 2100; x_wconf 81' lang='lat' dir='ltr'>sexti,</span> 
     </span>
     <span class='ocr_line' id='line_1_18' title="bbox 402 2133 1651 2200; baseline -0.003 -15"><span class='ocrx_word' id='word_1_180' title='bbox 402 2135 504 2186; x_wconf 91' lang='lat' dir='ltr'>scilicet</span> <span class='ocrx_word' id='word_1_181' title='bbox 522 2135 702 2184; x_wconf 89' lang='lat' dir='ltr'>archidiaconi</span> <span class='ocrx_word' id='word_1_182' title='bbox 722 2134 893 2193; x_wconf 86' lang='lat' dir='ltr'>kathedralis,</span> <span class='ocrx_word' id='word_1_183' title='bbox 912 2133 1115 2184; x_wconf 88' lang='lat' dir='ltr'>archidiaconus</span> <span class='ocrx_word' id='word_1_184' title='bbox 1136 2135 1168 2184; x_wconf 90' lang='lat' dir='ltr'>de</span> <span class='ocrx_word' id='word_1_185' title='bbox 1181 2135 1310 2193; x_wconf 91' lang='lat' dir='ltr'>Warosd;</span> <span class='ocrx_word' id='word_1_186' title='bbox 1332 2136 1446 2200; x_wconf 85' lang='lat' dir='ltr'>septimi,</span> <span class='ocrx_word' id='word_1_187' title='bbox 1459 2135 1559 2186; x_wconf 88' lang='lat' dir='ltr'>scilicet</span> <span class='ocrx_word' id='word_1_188' title='bbox 1576 2133 1651 2184; x_wconf 89' lang='lat' dir='ltr'>archi-</span> 
     </span>
     <span class='ocr_line' id='line_1_19' title="bbox 400 2222 1653 2283; baseline -0.003 -9"><span class='ocrx_word' id='word_1_189' title='bbox 400 2222 506 2274; x_wconf 90' lang='lat' dir='ltr'>diaconi</span> <span class='ocrx_word' id='word_1_190' title='bbox 528 2223 686 2283; x_wconf 89' lang='lat' dir='ltr'>dubiccnsis,</span> <span class='ocrx_word' id='word_1_191' title='bbox 705 2223 908 2273; x_wconf 88' lang='lat' dir='ltr'>archidiaconus</span> <span class='ocrx_word' id='word_1_192' title='bbox 929 2225 961 2272; x_wconf 91' lang='lat' dir='ltr'>de</span> <span class='ocrx_word' id='word_1_193' title='bbox 982 2223 1118 2282; x_wconf 90' lang='lat' dir='ltr'>Vrbouch,</span> <span class='ocrx_word' id='word_1_194' title='bbox 1143 2228 1169 2273; x_wconf 88' lang='lat' dir='ltr'>et</span> <span class='ocrx_word' id='word_1_195' title='bbox 1191 2223 1285 2280; x_wconf 90' lang='lat' dir='ltr'>octavi,</span> <span class='ocrx_word' id='word_1_196' title='bbox 1308 2223 1409 2274; x_wconf 90' lang='lat' dir='ltr'>scilicet</span> <span class='ocrx_word' id='word_1_197' title='bbox 1432 2222 1608 2273; x_wconf 89' lang='lat' dir='ltr'>archidiaconi</span> <span class='ocrx_word' id='word_1_198' title='bbox 1625 2222 1653 2270; x_wconf 92' lang='lat' dir='ltr'>de</span> 
     </span>
     <span class='ocr_line' id='line_1_20' title="bbox 401 2309 1652 2378; baseline -0.002 -17"><span class='ocrx_word' id='word_1_199' title='bbox 401 2310 558 2370; x_wconf 89' lang='lat' dir='ltr'>Kamarcha,</span> <span class='ocrx_word' id='word_1_200' title='bbox 588 2316 682 2362; x_wconf 89' lang='lat' dir='ltr'>custos.</span> <span class='ocrx_word' id='word_1_201' title='bbox 715 2313 818 2361; x_wconf 88' lang='lat' dir='ltr'>Horum</span> <span class='ocrx_word' id='word_1_202' title='bbox 845 2311 1012 2376; x_wconf 87' lang='lat' dir='ltr'>singulorum</span> <span class='ocrx_word' id='word_1_203' title='bbox 1037 2311 1199 2378; x_wconf 83' lang='lat' dir='ltr'>subdyaconi</span> <span class='ocrx_word' id='word_1_204' title='bbox 1229 2311 1346 2362; x_wconf 88' lang='lat' dir='ltr'>existunt</span> <span class='ocrx_word' id='word_1_205' title='bbox 1378 2313 1411 2362; x_wconf 91' lang='lat' dir='ltr'>ad</span> <span class='ocrx_word' id='word_1_206' title='bbox 1443 2313 1579 2362; x_wconf 86' lang='lat' dir='ltr'>cantandas</span> <span class='ocrx_word' id='word_1_207' title='bbox 1605 2309 1652 2374; x_wconf 91' lang='lat' dir='ltr'>epi·</span> 
     </span>
     <span class='ocr_line' id='line_1_21' title="bbox 400 2398 1652 2466; baseline -0.002 -18"><span class='ocrx_word' id='word_1_208' title='bbox 400 2401 481 2449; x_wconf 91' lang='lat' dir='ltr'>stolas</span> <span class='ocrx_word' id='word_1_209' title='bbox 500 2415 548 2465; x_wconf 89' lang='lat' dir='ltr'>per</span> <span class='ocrx_word' id='word_1_210' title='bbox 567 2401 670 2449; x_wconf 90' lang='lat' dir='ltr'>easdem</span> <span class='ocrx_word' id='word_1_211' title='bbox 689 2400 849 2449; x_wconf 88' lang='lat' dir='ltr'>ebdomadas</span> <span class='ocrx_word' id='word_1_212' title='bbox 877 2399 995 2449; x_wconf 91' lang='lat' dir='ltr'>canonici</span> <span class='ocrx_word' id='word_1_213' title='bbox 1015 2399 1156 2464; x_wconf 89' lang='lat' dir='ltr'>simplices,</span> <span class='ocrx_word' id='word_1_214' title='bbox 1181 2400 1297 2450; x_wconf 86' lang='lat' dir='ltr'>seniores</span> <span class='ocrx_word' id='word_1_215' title='bbox 1323 2400 1474 2451; x_wconf 89' lang='lat' dir='ltr'>iunioribus</span> <span class='ocrx_word' id='word_1_216' title='bbox 1499 2398 1652 2466; x_wconf 88' lang='lat' dir='ltr'>preponendi</span> 
     </span>
     <span class='ocr_line' id='line_1_22' title="bbox 399 2487 1652 2553; baseline -0.001 -17"><span class='ocrx_word' id='word_1_217' title='bbox 399 2487 425 2537; x_wconf 92' lang='lat' dir='ltr'>in</span> <span class='ocrx_word' id='word_1_218' title='bbox 444 2487 538 2537; x_wconf 88' lang='lat' dir='ltr'>ordine</span> <span class='ocrx_word' id='word_1_219' title='bbox 557 2493 639 2552; x_wconf 91' lang='lat' dir='ltr'>prout</span> <span class='ocrx_word' id='word_1_220' title='bbox 656 2487 683 2538; x_wconf 90' lang='lat' dir='ltr'>in</span> <span class='ocrx_word' id='word_1_221' title='bbox 702 2487 820 2553; x_wconf 89' lang='lat' dir='ltr'>capitulo</span> <span class='ocrx_word' id='word_1_222' title='bbox 839 2503 917 2539; x_wconf 87' lang='lat' dir='ltr'>voces</span> <span class='ocrx_word' id='word_1_223' title='bbox 934 2494 1079 2538; x_wconf 90' lang='lat' dir='ltr'>noscuntur</span> <span class='ocrx_word' id='word_1_224' title='bbox 1097 2488 1195 2538; x_wconf 88' lang='lat' dir='ltr'>habere</span> <span class='ocrx_word' id='word_1_225' title='bbox 1214 2491 1246 2538; x_wconf 90' lang='lat' dir='ltr'>de</span> <span class='ocrx_word' id='word_1_226' title='bbox 1266 2489 1331 2538; x_wconf 91' lang='lat' dir='ltr'>iure.</span> <span class='ocrx_word' id='word_1_227' title='bbox 1352 2490 1385 2539; x_wconf 86' lang='lat' dir='ltr'>Et</span> <span class='ocrx_word' id='word_1_228' title='bbox 1406 2489 1537 2553; x_wconf 89' lang='lat' dir='ltr'>quoniam,</span> <span class='ocrx_word' id='word_1_229' title='bbox 1557 2495 1584 2538; x_wconf 91' lang='lat' dir='ltr'>ut</span> <span class='ocrx_word' id='word_1_230' title='bbox 1601 2488 1652 2551; x_wconf 90' lang='lat' dir='ltr'>pln-</span> 
     </span>
     <span class='ocr_line' id='line_1_23' title="bbox 397 2575 1652 2642; baseline 0 -18"><span class='ocrx_word' id='word_1_231' title='bbox 397 2575 495 2626; x_wconf 89' lang='lat' dir='ltr'>rimum</span> <span class='ocrx_word' id='word_1_232' title='bbox 514 2575 657 2627; x_wconf 86' lang='lat' dir='ltr'>residentes</span> <span class='ocrx_word' id='word_1_233' title='bbox 682 2576 800 2626; x_wconf 90' lang='lat' dir='ltr'>canonici</span> <span class='ocrx_word' id='word_1_234' title='bbox 829 2576 962 2641; x_wconf 89' lang='lat' dir='ltr'>simplices</span> <span class='ocrx_word' id='word_1_235' title='bbox 984 2577 1136 2626; x_wconf 91' lang='lat' dir='ltr'>huiusmodi</span> <span class='ocrx_word' id='word_1_236' title='bbox 1161 2579 1233 2627; x_wconf 89' lang='lat' dir='ltr'>ultra</span> <span class='ocrx_word' id='word_1_237' title='bbox 1260 2593 1398 2627; x_wconf 89' lang='lat' dir='ltr'>numerum</span> <span class='ocrx_word' id='word_1_238' title='bbox 1425 2576 1570 2642; x_wconf 91' lang='lat' dir='ltr'>predictum</span> <span class='ocrx_word' id='word_1_239' title='bbox 1589 2576 1652 2625; x_wconf 87' lang='lat' dir='ltr'>inve·</span> 
     </span>
     <span class='ocr_line' id='line_1_24' title="bbox 397 2663 1651 2731; baseline -0.002 -17"><span class='ocrx_word' id='word_1_240' title='bbox 397 2664 514 2724; x_wconf 89' lang='lat' dir='ltr'>niuntur,</span> <span class='ocrx_word' id='word_1_241' title='bbox 528 2666 561 2715; x_wconf 91' lang='lat' dir='ltr'>de</span> <span class='ocrx_word' id='word_1_242' title='bbox 580 2664 757 2715; x_wconf 91' lang='lat' dir='ltr'>divisionibus</span> <span class='ocrx_word' id='word_1_243' title='bbox 776 2665 870 2715; x_wconf 91' lang='lat' dir='ltr'>talium</span> <span class='ocrx_word' id='word_1_244' title='bbox 881 2665 928 2730; x_wconf 94' lang='lat' dir='ltr'>qui</span> <span class='ocrx_word' id='word_1_245' title='bbox 947 2664 1142 2730; x_wconf 87' lang='lat' dir='ltr'>superfuerunt,</span> <span class='ocrx_word' id='word_1_246' title='bbox 1157 2681 1206 2731; x_wconf 93' lang='lat' dir='ltr'>pro</span> <span class='ocrx_word' id='word_1_247' title='bbox 1220 2665 1340 2730; x_wconf 88' lang='lat' dir='ltr'>qualibet</span> <span class='ocrx_word' id='word_1_248' title='bbox 1359 2682 1451 2716; x_wconf 90' lang='lat' dir='ltr'>corum</span> <span class='ocrx_word' id='word_1_249' title='bbox 1471 2666 1611 2715; x_wconf 86' lang='lat' dir='ltr'>ebdomada</span> <span class='ocrx_word' id='word_1_250' title='bbox 1628 2663 1651 2712; x_wconf 92' lang='lat' dir='ltr'>iu</span> 
     </span>
     <span class='ocr_line' id='line_1_25' title="bbox 397 2751 1649 2820; baseline -0.003 -18"><span class='ocrx_word' id='word_1_251' title='bbox 397 2751 491 2802; x_wconf 88' lang='lat' dir='ltr'>ordine</span> <span class='ocrx_word' id='word_1_252' title='bbox 509 2759 663 2802; x_wconf 90' lang='lat' dir='ltr'>occurrente</span> <span class='ocrx_word' id='word_1_253' title='bbox 689 2752 852 2818; x_wconf 87' lang='lat' dir='ltr'>recipiantur</span> <span class='ocrx_word' id='word_1_254' title='bbox 878 2758 930 2820; x_wconf 84' lang='lat' dir='ltr'>tres</span> <span class='ocrx_word' id='word_1_255' title='bbox 955 2751 1058 2802; x_wconf 90' lang='lat' dir='ltr'>denarii</span> <span class='ocrx_word' id='word_1_256' title='bbox 1084 2769 1142 2802; x_wconf 90' lang='lat' dir='ltr'>cum</span> <span class='ocrx_word' id='word_1_257' title='bbox 1165 2753 1260 2811; x_wconf 91' lang='lat' dir='ltr'>medio,</span> <span class='ocrx_word' id='word_1_258' title='bbox 1287 2769 1346 2803; x_wconf 92' lang='lat' dir='ltr'>cum</span> <span class='ocrx_word' id='word_1_259' title='bbox 1364 2753 1460 2817; x_wconf 91' lang='lat' dir='ltr'>quibus</span> <span class='ocrx_word' id='word_1_260' title='bbox 1488 2754 1649 2818; x_wconf 90' lang='lat' dir='ltr'>suppleantur</span> 
     </span>
     <span class='ocr_line' id='line_1_26' title="bbox 400 2838 1649 2908; baseline 0.002 -21"><span class='ocrx_word' id='word_1_261' title='bbox 400 2838 517 2889; x_wconf 89' lang='lat' dir='ltr'>defectus</span> <span class='ocrx_word' id='word_1_262' title='bbox 536 2839 563 2890; x_wconf 90' lang='lat' dir='ltr'>in</span> <span class='ocrx_word' id='word_1_263' title='bbox 582 2839 717 2890; x_wconf 90' lang='lat' dir='ltr'>cantandis</span> <span class='ocrx_word' id='word_1_264' title='bbox 736 2839 829 2899; x_wconf 90' lang='lat' dir='ltr'>missis,</span> <span class='ocrx_word' id='word_1_265' title='bbox 848 2840 1001 2906; x_wconf 75' lang='lat' dir='ltr'>euangeliis</span> <span class='ocrx_word' id='word_1_266' title='bbox 1020 2847 1045 2890; x_wconf 90' lang='lat' dir='ltr'>et</span> <span class='ocrx_word' id='word_1_267' title='bbox 1065 2841 1193 2906; x_wconf 73' lang='lat' dir='ltr'>epistolis</span> <span class='ocrx_word' id='word_1_268' title='bbox 1207 2857 1258 2905; x_wconf 92' lang='lat' dir='ltr'>que</span> <span class='ocrx_word' id='word_1_269' title='bbox 1281 2843 1440 2906; x_wconf 89' lang='lat' dir='ltr'>quandoque</span> <span class='ocrx_word' id='word_1_270' title='bbox 1459 2849 1568 2908; x_wconf 89' lang='lat' dir='ltr'>propter</span> <span class='ocrx_word' id='word_1_271' title='bbox 1586 2855 1649 2890; x_wconf 81' lang='lat' dir='ltr'>casu</span> 
     </span>
     <span class='ocr_line' id='line_1_27' title="bbox 401 2927 1652 2994; baseline 0.001 -18"><span class='ocrx_word' id='word_1_272' title='bbox 401 2928 455 2976; x_wconf 90' lang='lat' dir='ltr'>ales</span> <span class='ocrx_word' id='word_1_273' title='bbox 474 2927 635 2994; x_wconf 80' lang='lat' dir='ltr'>fragilitates</span> <span class='ocrx_word' id='word_1_274' title='bbox 654 2927 789 2978; x_wconf 92' lang='lat' dir='ltr'>hominum</span> <span class='ocrx_word' id='word_1_275' title='bbox 809 2935 999 2979; x_wconf 80' lang='lat' dir='ltr'>consueverunt</span> <span class='ocrx_word' id='word_1_276' title='bbox 1018 2944 1166 2987; x_wconf 88' lang='lat' dir='ltr'>occurrere,</span> <span class='ocrx_word' id='word_1_277' title='bbox 1193 2936 1218 2979; x_wconf 90' lang='lat' dir='ltr'>et</span> <span class='ocrx_word' id='word_1_278' title='bbox 1244 2945 1290 2980; x_wconf 91' lang='lat' dir='ltr'>nec</span> <span class='ocrx_word' id='word_1_279' title='bbox 1316 2929 1419 2981; x_wconf 89' lang='lat' dir='ltr'>mirum</span> <span class='ocrx_word' id='word_1_280' title='bbox 1446 2931 1569 2981; x_wconf 87' lang='lat' dir='ltr'>Preterca</span> <span class='ocrx_word' id='word_1_281' title='bbox 1591 2929 1652 2979; x_wconf 90' lang='lat' dir='ltr'>idem</span> 
     </span>
     <span class='ocr_line' id='line_1_28' title="bbox 400 3015 1652 3084; baseline 0.001 -19"><span class='ocrx_word' id='word_1_282' title='bbox 400 3021 476 3080; x_wconf 85' lang='lat' dir='ltr'>pater</span> <span class='ocrx_word' id='word_1_283' title='bbox 495 3015 617 3074; x_wconf 88' lang='lat' dir='ltr'>instituit,</span> <span class='ocrx_word' id='word_1_284' title='bbox 631 3017 704 3079; x_wconf 91' lang='lat' dir='ltr'>quod</span> <span class='ocrx_word' id='word_1_285' title='bbox 717 3017 877 3080; x_wconf 88' lang='lat' dir='ltr'>quicumque</span> <span class='ocrx_word' id='word_1_286' title='bbox 891 3017 985 3066; x_wconf 92' lang='lat' dir='ltr'>diebus</span> <span class='ocrx_word' id='word_1_287' title='bbox 998 3016 1138 3066; x_wconf 91' lang='lat' dir='ltr'>dominicis</span> <span class='ocrx_word' id='word_1_288' title='bbox 1151 3024 1178 3067; x_wconf 87' lang='lat' dir='ltr'>ct</span> <span class='ocrx_word' id='word_1_289' title='bbox 1190 3016 1292 3068; x_wconf 78' lang='lat' dir='ltr'>festivis</span> <span class='ocrx_word' id='word_1_290' title='bbox 1314 3019 1505 3084; x_wconf 91' lang='lat' dir='ltr'>sollempnibus</span> <span class='ocrx_word' id='word_1_291' title='bbox 1524 3019 1549 3069; x_wconf 93' lang='lat' dir='ltr'>in</span> <span class='ocrx_word' id='word_1_292' title='bbox 1568 3033 1652 3069; x_wconf 87' lang='lat' dir='ltr'>novem</span> 
     </span>
     <span class='ocr_line' id='line_1_29' title="bbox 398 3103 1652 3172; baseline 0.002 -21"><span class='ocrx_word' id='word_1_293' title='bbox 398 3103 553 3162; x_wconf 87' lang='lat' dir='ltr'>leccionurn,</span> <span class='ocrx_word' id='word_1_294' title='bbox 578 3105 619 3153; x_wconf 89' lang='lat' dir='ltr'>vel</span> <span class='ocrx_word' id='word_1_295' title='bbox 639 3103 691 3153; x_wconf 91' lang='lat' dir='ltr'>hiis</span> <span class='ocrx_word' id='word_1_296' title='bbox 716 3104 951 3170; x_wconf 89' lang='lat' dir='ltr'>equipollentibus,</span> <span class='ocrx_word' id='word_1_297' title='bbox 976 3106 1069 3154; x_wconf 89' lang='lat' dir='ltr'>saltem</span> <span class='ocrx_word' id='word_1_298' title='bbox 1094 3107 1127 3154; x_wconf 90' lang='lat' dir='ltr'>ad</span> <span class='ocrx_word' id='word_1_299' title='bbox 1153 3105 1231 3155; x_wconf 84' lang='lat' dir='ltr'>horas</span> <span class='ocrx_word' id='word_1_300' title='bbox 1256 3107 1376 3156; x_wconf 88' lang='lat' dir='ltr'>matutini</span> <span class='ocrx_word' id='word_1_301' title='bbox 1398 3113 1424 3156; x_wconf 91' lang='lat' dir='ltr'>et</span> <span class='ocrx_word' id='word_1_302' title='bbox 1445 3122 1609 3172; x_wconf 85' lang='lat' dir='ltr'>vesperarum</span> <span class='ocrx_word' id='word_1_303' title='bbox 1627 3120 1652 3153; x_wconf 88' lang='lat' dir='ltr'>ac</span> 
     </span>
     <span class='ocr_line' id='line_1_30' title="bbox 399 3189 1651 3261; baseline 0.002 -21"><span class='ocrx_word' id='word_1_304' title='bbox 399 3190 477 3241; x_wconf 88' lang='lat' dir='ltr'>misse</span> <span class='ocrx_word' id='word_1_305' title='bbox 496 3189 613 3242; x_wconf 87' lang='lat' dir='ltr'>officium</span> <span class='ocrx_word' id='word_1_306' title='bbox 632 3208 683 3242; x_wconf 92' lang='lat' dir='ltr'>non</span> <span class='ocrx_word' id='word_1_307' title='bbox 703 3192 805 3243; x_wconf 89' lang='lat' dir='ltr'>veniret</span> <span class='ocrx_word' id='word_1_308' title='bbox 821 3192 1005 3258; x_wconf 88' lang='lat' dir='ltr'>personaliter,</span> <span class='ocrx_word' id='word_1_309' title='bbox 1025 3192 1047 3242; x_wconf 93' lang='lat' dir='ltr'>si</span> <span class='ocrx_word' id='word_1_310' title='bbox 1063 3209 1115 3243; x_wconf 92' lang='lat' dir='ltr'>non</span> <span class='ocrx_word' id='word_1_311' title='bbox 1131 3192 1220 3252; x_wconf 85' lang='lat' dir='ltr'>fuerit,</span> <span class='ocrx_word' id='word_1_312' title='bbox 1241 3200 1270 3244; x_wconf 91' lang='lat' dir='ltr'>ut</span> <span class='ocrx_word' id='word_1_313' title='bbox 1289 3195 1446 3260; x_wconf 87' lang='lat' dir='ltr'>predicitur,</span> <span class='ocrx_word' id='word_1_314' title='bbox 1461 3196 1599 3261; x_wconf 91' lang='lat' dir='ltr'>impeditus</span> <span class='ocrx_word' id='word_1_315' title='bbox 1616 3209 1651 3243; x_wconf 89' lang='lat' dir='ltr'>ra·</span> 
     </span>
     <span class='ocr_line' id='line_1_31' title="bbox 400 3278 1651 3346; baseline 0.002 -18"><span class='ocrx_word' id='word_1_316' title='bbox 400 3278 577 3338; x_wconf 90' lang='lat' dir='ltr'>cionabiliter,</span> <span class='ocrx_word' id='word_1_317' title='bbox 597 3281 639 3331; x_wconf 92' lang='lat' dir='ltr'>vel</span> <span class='ocrx_word' id='word_1_318' title='bbox 659 3279 803 3346; x_wconf 88' lang='lat' dir='ltr'>impeditus</span> <span class='ocrx_word' id='word_1_319' title='bbox 821 3296 869 3346; x_wconf 91' lang='lat' dir='ltr'>per</span> <span class='ocrx_word' id='word_1_320' title='bbox 893 3297 969 3330; x_wconf 91' lang='lat' dir='ltr'>suum</span> <span class='ocrx_word' id='word_1_321' title='bbox 988 3281 1118 3331; x_wconf 89' lang='lat' dir='ltr'>vicarium</span> <span class='ocrx_word' id='word_1_322' title='bbox 1136 3281 1192 3332; x_wconf 92' lang='lat' dir='ltr'>sive</span> <span class='ocrx_word' id='word_1_323' title='bbox 1216 3283 1341 3332; x_wconf 90' lang='lat' dir='ltr'>clericum</span> <span class='ocrx_word' id='word_1_324' title='bbox 1360 3283 1412 3333; x_wconf 90' lang='lat' dir='ltr'>hiis</span> <span class='ocrx_word' id='word_1_325' title='bbox 1432 3299 1483 3334; x_wconf 92' lang='lat' dir='ltr'>nou</span> <span class='ocrx_word' id='word_1_326' title='bbox 1504 3282 1651 3340; x_wconf 85' lang='lat' dir='ltr'>interfuerit,</span> 
     </span>
     <span class='ocr_line' id='line_1_32' title="bbox 397 3368 1652 3439; baseline 0.002 -22"><span class='ocrx_word' id='word_1_327' title='bbox 397 3373 424 3418; x_wconf 86' lang='lat' dir='ltr'>ct</span> <span class='ocrx_word' id='word_1_328' title='bbox 443 3368 554 3434; x_wconf 89' lang='lat' dir='ltr'>insuper</span> <span class='ocrx_word' id='word_1_329' title='bbox 572 3368 644 3419; x_wconf 92' lang='lat' dir='ltr'>omni</span> <span class='ocrx_word' id='word_1_330' title='bbox 664 3369 707 3418; x_wconf 89' lang='lat' dir='ltr'>die</span> <span class='ocrx_word' id='word_1_331' title='bbox 726 3370 758 3418; x_wconf 91' lang='lat' dir='ltr'>ad</span> <span class='ocrx_word' id='word_1_332' title='bbox 777 3368 855 3418; x_wconf 91' lang='lat' dir='ltr'>misse</span> <span class='ocrx_word' id='word_1_333' title='bbox 874 3369 991 3420; x_wconf 90' lang='lat' dir='ltr'>officium</span> <span class='ocrx_word' id='word_1_334' title='bbox 1011 3376 1036 3420; x_wconf 90' lang='lat' dir='ltr'>et</span> <span class='ocrx_word' id='word_1_335' title='bbox 1055 3370 1119 3420; x_wconf 88' lang='lat' dir='ltr'>hore</span> <span class='ocrx_word' id='word_1_336' title='bbox 1134 3387 1311 3437; x_wconf 88' lang='lat' dir='ltr'>vesperarum,</span> <span class='ocrx_word' id='word_1_337' title='bbox 1330 3372 1455 3424; x_wconf 88' lang='lat' dir='ltr'>videlicet</span> <span class='ocrx_word' id='word_1_338' title='bbox 1469 3389 1518 3439; x_wconf 91' lang='lat' dir='ltr'>per</span> <span class='ocrx_word' id='word_1_339' title='bbox 1539 3373 1652 3424; x_wconf 87' lang='lat' dir='ltr'>clericum</span> 
     </span>
     <span class='ocr_line' id='line_1_33' title="bbox 397 3456 1651 3525; baseline 0 -19"><span class='ocrx_word' id='word_1_340' title='bbox 397 3456 536 3506; x_wconf 90' lang='lat' dir='ltr'>habentem</span> <span class='ocrx_word' id='word_1_341' title='bbox 564 3457 691 3522; x_wconf 89' lang='lat' dir='ltr'>periciam</span> <span class='ocrx_word' id='word_1_342' title='bbox 711 3458 738 3508; x_wconf 90' lang='lat' dir='ltr'>in</span> <span class='ocrx_word' id='word_1_343' title='bbox 757 3458 839 3508; x_wconf 94' lang='lat' dir='ltr'>choro</span> <span class='ocrx_word' id='word_1_344' title='bbox 863 3459 985 3508; x_wconf 88' lang='lat' dir='ltr'>cantandi</span> <span class='ocrx_word' id='word_1_345' title='bbox 1005 3465 1031 3508; x_wconf 90' lang='lat' dir='ltr'>et</span> <span class='ocrx_word' id='word_1_346' title='bbox 1056 3459 1162 3524; x_wconf 82' lang='lat' dir='ltr'>legendi</span> <span class='ocrx_word' id='word_1_347' title='bbox 1181 3476 1231 3525; x_wconf 93' lang='lat' dir='ltr'>pro</span> <span class='ocrx_word' id='word_1_348' title='bbox 1257 3460 1399 3511; x_wconf 89' lang='lat' dir='ltr'>cuiuslibet</span> <span class='ocrx_word' id='word_1_349' title='bbox 1424 3461 1490 3512; x_wconf 92' lang='lat' dir='ltr'>hore</span> <span class='ocrx_word' id='word_1_350' title='bbox 1509 3465 1549 3512; x_wconf 90' lang='lat' dir='ltr'>vel</span> <span class='ocrx_word' id='word_1_351' title='bbox 1579 3459 1651 3511; x_wconf 87' lang='lat' dir='ltr'>officii</span> 
     </span>
     <span class='ocr_line' id='line_1_34' title="bbox 397 3545 1651 3617; baseline 0.002 -23"><span class='ocrx_word' id='word_1_352' title='bbox 397 3560 430 3594; x_wconf 87' lang='lat' dir='ltr'>ex</span> <span class='ocrx_word' id='word_1_353' title='bbox 450 3545 577 3610; x_wconf 89' lang='lat' dir='ltr'>predictis</span> <span class='ocrx_word' id='word_1_354' title='bbox 597 3546 745 3604; x_wconf 88' lang='lat' dir='ltr'>omissione,</span> <span class='ocrx_word' id='word_1_355' title='bbox 764 3547 891 3613; x_wconf 89' lang='lat' dir='ltr'>puniatur</span> <span class='ocrx_word' id='word_1_356' title='bbox 905 3547 931 3597; x_wconf 93' lang='lat' dir='ltr'>in</span> <span class='ocrx_word' id='word_1_357' title='bbox 944 3548 1031 3598; x_wconf 89' lang='lat' dir='ltr'>media</span> <span class='ocrx_word' id='word_1_358' title='bbox 1044 3565 1165 3599; x_wconf 89' lang='lat' dir='ltr'>mensura</span> <span class='ocrx_word' id='word_1_359' title='bbox 1186 3549 1248 3609; x_wconf 88' lang='lat' dir='ltr'>vini,</span> <span class='ocrx_word' id='word_1_360' title='bbox 1261 3566 1312 3614; x_wconf 88' lang='lat' dir='ltr'>que</span> <span class='ocrx_word' id='word_1_361' title='bbox 1326 3557 1364 3601; x_wconf 86' lang='lat' dir='ltr'>est</span> <span class='ocrx_word' id='word_1_362' title='bbox 1386 3567 1450 3617; x_wconf 89' lang='lat' dir='ltr'>pars</span> <span class='ocrx_word' id='word_1_363' title='bbox 1462 3558 1554 3602; x_wconf 84' lang='lat' dir='ltr'>octava</span> <span class='ocrx_word' id='word_1_364' title='bbox 1573 3548 1651 3600; x_wconf 87' lang='lat' dir='ltr'>eubuli</span> 
     </span>
     <span class='ocr_line' id='line_1_35' title="bbox 398 3633 1651 3705; baseline 0.002 -21"><span class='ocrx_word' id='word_1_365' title='bbox 398 3635 441 3684; x_wconf 91' lang='lat' dir='ltr'>vel</span> <span class='ocrx_word' id='word_1_366' title='bbox 461 3633 518 3684; x_wconf 88' lang='lat' dir='ltr'>eius</span> <span class='ocrx_word' id='word_1_367' title='bbox 536 3636 627 3684; x_wconf 90' lang='lat' dir='ltr'>valore</span> <span class='ocrx_word' id='word_1_368' title='bbox 653 3636 685 3684; x_wconf 90' lang='lat' dir='ltr'>de</span> <span class='ocrx_word' id='word_1_369' title='bbox 710 3635 887 3686; x_wconf 89' lang='lat' dir='ltr'>divisionibus</span> <span class='ocrx_word' id='word_1_370' title='bbox 913 3637 1120 3696; x_wconf 89' lang='lat' dir='ltr'>occurrentibus,</span> <span class='ocrx_word' id='word_1_371' title='bbox 1140 3637 1162 3688; x_wconf 92' lang='lat' dir='ltr'>si</span> <span class='ocrx_word' id='word_1_372' title='bbox 1189 3637 1281 3688; x_wconf 90' lang='lat' dir='ltr'>vinum</span> <span class='ocrx_word' id='word_1_373' title='bbox 1306 3641 1339 3689; x_wconf 91' lang='lat' dir='ltr'>ad</span> <span class='ocrx_word' id='word_1_374' title='bbox 1364 3640 1520 3705; x_wconf 90' lang='lat' dir='ltr'>porcionem</span> <span class='ocrx_word' id='word_1_375' title='bbox 1544 3639 1604 3691; x_wconf 89' lang='lat' dir='ltr'>talis</span> <span class='ocrx_word' id='word_1_376' title='bbox 1628 3637 1651 3686; x_wconf 93' lang='lat' dir='ltr'>in</span> 
     </span>
     <span class='ocr_line' id='line_1_36' title="bbox 400 3721 1390 3793; baseline 0.004 -21"><span class='ocrx_word' id='word_1_377' title='bbox 400 3721 505 3773; x_wconf 89' lang='lat' dir='ltr'>comuni</span> <span class='ocrx_word' id='word_1_378' title='bbox 524 3723 634 3773; x_wconf 89' lang='lat' dir='ltr'>cellario</span> <span class='ocrx_word' id='word_1_379' title='bbox 653 3739 704 3774; x_wconf 89' lang='lat' dir='ltr'>non</span> <span class='ocrx_word' id='word_1_380' title='bbox 724 3729 833 3782; x_wconf 87' lang='lat' dir='ltr'>extaret,</span> <span class='ocrx_word' id='word_1_381' title='bbox 853 3739 904 3788; x_wconf 87' lang='lat' dir='ltr'>quc</span> <span class='ocrx_word' id='word_1_382' title='bbox 923 3729 1016 3774; x_wconf 81' lang='lat' dir='ltr'>exacta</span> <span class='ocrx_word' id='word_1_383' title='bbox 1034 3726 1197 3790; x_wconf 87' lang='lat' dir='ltr'>pauperibus</span> <span class='ocrx_word' id='word_1_384' title='bbox 1215 3727 1390 3793; x_wconf 84' lang='lat' dir='ltr'>largiantur.“</span> 
     </span>
    </p>
   </div>
   <div class='ocr_carea' id='block_1_3' title="bbox 989 4009 1075 4075">
    <p class='ocr_par' dir='ltr' id='par_1_3' title="bbox 989 4009 1075 4075">
     <span class='ocr_line' id='line_1_37' title="bbox 989 4009 1075 4075; baseline 0 0"><span class='ocrx_word' id='word_1_385' title='bbox 989 4009 1075 4075; x_wconf 82' lang='lat'>223.</span> 
     </span>
    </p>
   </div>
   <div class='ocr_carea' id='block_1_4' title="bbox 503 4165 1052 4232">
    <p class='ocr_par' dir='ltr' id='par_1_4' title="bbox 503 4165 1052 4232">
     <span class='ocr_line' id='line_1_38' title="bbox 503 4165 1052 4232; baseline 0.007 -18"><span class='ocrx_word' id='word_1_386' title='bbox 503 4165 578 4216; x_wconf 76' lang='lat' dir='ltr'>Anno</span> <span class='ocrx_word' id='word_1_387' title='bbox 601 4173 675 4223; x_wconf 81' lang='lat'>1351,</span> <span class='ocrx_word' id='word_1_388' title='bbox 695 4175 735 4223; x_wconf 84' lang='lat'>23.</span> <span class='ocrx_word' id='word_1_389' title='bbox 756 4166 878 4230; x_wconf 82' lang='lat' dir='ltr'>Augusti.</span> <span class='ocrx_word' id='word_1_390' title='bbox 899 4167 1052 4232; x_wconf 87' lang='lat' dir='ltr'>Zagrabiae.</span> 
     </span>
    </p>
   </div>
   <div class='ocr_carea' id='block_1_5' title="bbox 422 4291 1627 4479">
    <p class='ocr_par' dir='ltr' id='par_1_5' title="bbox 422 4291 1627 4479">
     <span class='ocr_line' id='line_1_39' title="bbox 422 4291 1627 4368; baseline 0.006 -20"><span class='ocrx_word' id='word_1_391' title='bbox 422 4291 530 4349; x_wconf 81' lang='lat' dir='ltr'>Petrus</span> <span class='ocrx_word' id='word_1_392' title='bbox 552 4310 643 4352; x_wconf 78' lang='lat' dir='ltr'>centes</span> <span class='ocrx_word' id='word_1_393' title='bbox 665 4294 781 4366; x_wconf 85' lang='lat' dir='ltr'>zagrab.</span> <span class='ocrx_word' id='word_1_394' title='bbox 813 4294 1054 4368; x_wconf 80' lang='lat' dir='ltr'>confimratt&#39;onem</span> <span class='ocrx_word' id='word_1_395' title='bbox 1077 4299 1230 4355; x_wconf 83' lang='lat' dir='ltr'>sententiae</span> <span class='ocrx_word' id='word_1_396' title='bbox 1252 4298 1413 4357; x_wconf 80' lang='lat' dir='ltr'>Laurentii</span> <span class='ocrx_word' id='word_1_397' title='bbox 1433 4302 1580 4358; x_wconf 79' lang='lat' dir='ltr'>tavamici</span> <span class='ocrx_word' id='word_1_398' title='bbox 1598 4299 1627 4356; x_wconf 86' lang='lat' dir='ltr'>de</span> 
     </span>
     <span class='ocr_line' id='line_1_40' title="bbox 643 4400 1417 4479; baseline 0.008 -23"><span class='ocrx_word' id='word_1_399' title='bbox 643 4400 833 4473; x_wconf 81' lang='lat' dir='ltr'>possessiobus</span> <span class='ocrx_word' id='word_1_400' title='bbox 854 4400 975 4477; x_wconf 83' lang='lat' dir='ltr'>Kobilja</span> <span class='ocrx_word' id='word_1_401' title='bbox 997 4409 1026 4459; x_wconf 79' lang='lat' dir='ltr'>ct</span> <span class='ocrx_word' id='word_1_402' title='bbox 1047 4401 1190 4479; x_wconf 76' lang='lat' dir='ltr'>Sviblsbn,</span> <span class='ocrx_word' id='word_1_403' title='bbox 1213 4407 1417 4462; x_wconf 81' lang='lat' dir='ltr'>transsummit.</span> 
     </span>
    </p>
   </div>
   <div class='ocr_carea' id='block_1_6' title="bbox 398 4542 1655 5056">
    <p class='ocr_par' dir='ltr' id='par_1_6' title="bbox 398 4542 1655 5056">
     <span class='ocr_line' id='line_1_41' title="bbox 485 4542 1654 4620; baseline 0.005 -21"><span class='ocrx_word' id='word_1_404' title='bbox 485 4542 549 4600; x_wconf 93' lang='lat' dir='ltr'>Nos</span> <span class='ocrx_word' id='word_1_405' title='bbox 572 4545 719 4616; x_wconf 86' lang='lat' dir='ltr'>magister</span> <span class='ocrx_word' id='word_1_406' title='bbox 749 4544 865 4616; x_wconf 72' lang='lat' dir='ltr'>Petrus</span> <span class='ocrx_word' id='word_1_407' title='bbox 896 4563 1000 4606; x_wconf 87' lang='lat' dir='ltr'>comes</span> <span class='ocrx_word' id='word_1_408' title='bbox 1032 4548 1239 4620; x_wconf 84' lang='lat' dir='ltr'>zagrabiensis</span> <span class='ocrx_word' id='word_1_409' title='bbox 1269 4553 1299 4604; x_wconf 90' lang='lat' dir='ltr'>et</span> <span class='ocrx_word' id='word_1_410' title='bbox 1329 4549 1517 4607; x_wconf 90' lang='lat' dir='ltr'>castellanus</span> <span class='ocrx_word' id='word_1_411' title='bbox 1548 4551 1585 4606; x_wconf 87' lang='lat' dir='ltr'>de</span> <span class='ocrx_word' id='word_1_412' title='bbox 1606 4548 1654 4606; x_wconf 90' lang='lat' dir='ltr'>Za·</span> 
     </span>
     <span class='ocr_line' id='line_1_42' title="bbox 398 4647 1654 4729; baseline 0.006 -26"><span class='ocrx_word' id='word_1_413' title='bbox 398 4648 517 4705; x_wconf 77' lang='lat' dir='ltr'>mobon</span> <span class='ocrx_word' id='word_1_414' title='bbox 541 4647 759 4721; x_wconf 80' lang='lat' dir='ltr'>significamus</span> <span class='ocrx_word' id='word_1_415' title='bbox 786 4654 982 4724; x_wconf 89' lang='lat' dir='ltr'>presencium</span> <span class='ocrx_word' id='word_1_416' title='bbox 997 4670 1054 4728; x_wconf 90' lang='lat' dir='ltr'>per</span> <span class='ocrx_word' id='word_1_417' title='bbox 1070 4663 1207 4712; x_wconf 88' lang='lat' dir='ltr'>tenorem</span> <span class='ocrx_word' id='word_1_418' title='bbox 1229 4655 1343 4728; x_wconf 89' lang='lat' dir='ltr'>quibus</span> <span class='ocrx_word' id='word_1_419' title='bbox 1359 4655 1486 4729; x_wconf 81' lang='lat' dir='ltr'>expedit</span> <span class='ocrx_word' id='word_1_420' title='bbox 1514 4655 1654 4714; x_wconf 91' lang='lat' dir='ltr'>memorie</span> 
     </span>
     <span class='ocr_line' id='line_1_43' title="bbox 398 4753 1654 4836; baseline 0.006 -27"><span class='ocrx_word' id='word_1_421' title='bbox 398 4753 657 4826; x_wconf 88' lang='lat' dir='ltr'>commendantes,</span> <span class='ocrx_word' id='word_1_422' title='bbox 682 4755 765 4828; x_wconf 90' lang='lat' dir='ltr'>quod</span> <span class='ocrx_word' id='word_1_423' title='bbox 789 4773 868 4815; x_wconf 90' lang='lat' dir='ltr'>anno</span> <span class='ocrx_word' id='word_1_424' title='bbox 892 4758 1011 4818; x_wconf 89' lang='lat' dir='ltr'>domini</span> <span class='ocrx_word' id='word_1_425' title='bbox 1035 4760 1144 4818; x_wconf 88' lang='lat' dir='ltr'>MCCC</span> <span class='ocrx_word' id='word_1_426' title='bbox 1168 4762 1426 4834; x_wconf 86' lang='lat' dir='ltr'>quinquagesimo</span> <span class='ocrx_word' id='word_1_427' title='bbox 1451 4764 1562 4836; x_wconf 85' lang='lat' dir='ltr'>prime,</span> <span class='ocrx_word' id='word_1_428' title='bbox 1587 4761 1654 4819; x_wconf 83' lang='lat' dir='ltr'>feria</span> 
     </span>
     <span class='ocr_line' id='line_1_44' title="bbox 399 4859 1655 4951; baseline 0.008 -37"><span class='ocrx_word' id='word_1_429' title='bbox 399 4859 492 4916; x_wconf 85' lang='lat' dir='ltr'>tercia</span> <span class='ocrx_word' id='word_1_430' title='bbox 515 4861 659 4933; x_wconf 85' lang='lat' dir='ltr'>proxima</span> <span class='ocrx_word' id='word_1_431' title='bbox 682 4868 752 4934; x_wconf 91' lang='lat' dir='ltr'>post</span> <span class='ocrx_word' id='word_1_432' title='bbox 775 4861 889 4920; x_wconf 89' lang='lat' dir='ltr'>festum</span> <span class='ocrx_word' id='word_1_433' title='bbox 912 4865 1083 4924; x_wconf 89' lang='lat' dir='ltr'>beatissimi</span> <span class='ocrx_word' id='word_1_434' title='bbox 1110 4865 1257 4940; x_wconf 90' lang='lat' dir='ltr'>Stephani</span> <span class='ocrx_word' id='word_1_435' title='bbox 1289 4868 1380 4940; x_wconf 78' lang='lat' dir='ltr'>regiS,</span> <span class='ocrx_word' id='word_1_436' title='bbox 1403 4867 1548 4951; x_wconf 87' lang='lat' dir='ltr'>Jacobus,</span> <span class='ocrx_word' id='word_1_437' title='bbox 1571 4867 1655 4926; x_wconf 81' lang='lat' dir='ltr'>iudex</span> 
     </span>
     <span class='ocr_line' id='line_1_45' title="bbox 398 4963 1655 5056; baseline 0.006 -36"><span class='ocrx_word' id='word_1_438' title='bbox 398 4963 532 5023; x_wconf 89' lang='lat' dir='ltr'>civitatis</span> <span class='ocrx_word' id='word_1_439' title='bbox 555 4963 716 5025; x_wconf 90' lang='lat' dir='ltr'>Grecensis</span> <span class='ocrx_word' id='word_1_440' title='bbox 740 4983 776 5025; x_wconf 89' lang='lat' dir='ltr'>ac</span> <span class='ocrx_word' id='word_1_441' title='bbox 798 4968 978 5042; x_wconf 79' lang='lat' dir='ltr'>NicolcttuS,</span> <span class='ocrx_word' id='word_1_442' title='bbox 995 4969 1169 5046; x_wconf 89' lang='lat' dir='ltr'>Stephanus</span> <span class='ocrx_word' id='word_1_443' title='bbox 1192 4980 1222 5030; x_wconf 86' lang='lat' dir='ltr'>et</span> <span class='ocrx_word' id='word_1_444' title='bbox 1244 4973 1330 5056; x_wconf 85' lang='lat' dir='ltr'>Jaxa,</span> <span class='ocrx_word' id='word_1_445' title='bbox 1348 4973 1482 5031; x_wconf 89' lang='lat' dir='ltr'>condam</span> <span class='ocrx_word' id='word_1_446' title='bbox 1504 4973 1615 5032; x_wconf 91' lang='lat' dir='ltr'>iudices</span> <span class='ocrx_word' id='word_1_447' title='bbox 1629 4977 1655 5028; x_wconf 90' lang='lat' dir='ltr'>et</span> 
     </span>
    </p>
   </div>
   <div class='ocr_carea' id='block_1_7' title="bbox 0 0 1804 5798">
    <p class='ocr_par' dir='ltr' id='par_1_7' title="bbox 0 0 1804 5798">
     <span class='ocr_line' id='line_1_46' title="bbox 0 0 1804 5798; baseline 0 0"><span class='ocrx_word' id='word_1_448' title='bbox 0 0 1804 5798; x_wconf 95' lang='lat' dir='ltr'> </span> 
     </span>
    </p>
   </div>
  </div>
 </body>
</html>
