3600 5804
400 570 458 630 188
826 574 898 630 Doc.
923 587 994 649 209.
1019 609 1055 617 —
1082 575 1137 632 An.
1163 587 1251 653 1347.

400 772 562 829 lentissimi
598 773 754 846 principes
789 773 871 830 clare
908 775 1058 832 memorie
1091 790 1180 848 reges
1214 776 1373 848 Hungarie
1407 781 1439 832 et
1472 776 1524 833 alii
1550 775 1654 834 Christi

398 878 505 936 fideles
530 878 599 936 ideo
623 894 678 936 nos
701 883 731 935 et
762 886 900 937 nostram
932 881 1092 938 ecclesiam
1124 881 1256 938 diversis
1287 882 1486 939 libertatibus
1512 889 1541 938 et
1561 881 1654 939 reddi-

398 985 482 1042 tibus
506 989 536 1040 et
559 985 805 1057 possessionibus
828 984 1021 1056 dotaverunt,
1045 993 1079 1042 ut
1095 987 1217 1043 racione
1233 987 1344 1043 horum
1362 987 1527 1060 specialius
1541 1003 1655 1061 semper

398 1097 427 1148 et
455 1105 513 1162 pro
543 1105 651 1146 eorum
681 1091 781 1148 salute
811 1089 979 1148 reddamur
1010 1091 1140 1163 obligati
1172 1098 1202 1147 et
1229 1091 1346 1149 astricti
1381 1091 1496 1148 Christi
1530 1093 1653 1164 graciam

398 1198 562 1271 inplorare.
596 1197 762 1270 Cupientes
792 1199 887 1270 igitur
918 1213 976 1270 pro
1004 1199 1096 1255 tantis
1131 1197 1290 1256 beneficiis
1325 1199 1356 1255 in
1390 1199 1654 1270 reconpensacione

398 1303 548 1376 condigna
571 1317 741 1372 occurrere,
765 1303 1009 1361 deliberavimus
1032 1303 1156 1362 eosdem
1177 1304 1394 1377 multiplicatis
1410 1304 1654 1362 intercessoribus

399 1409 557 1472 adiuvare.
581 1407 721 1466 faciendo
744 1410 911 1483 participes
942 1411 1026 1468 viros
1052 1412 1223 1483 religiosos,
1247 1409 1305 1467 deo
1329 1409 1468 1482 devotos,
1493 1411 1521 1467 in
1545 1425 1655 1483 posses·

398 1516 536 1573 sionibus
568 1521 597 1571 et
630 1515 720 1572 bonis
743 1521 847 1574 nostre
870 1517 998 1574 ecclesie
1022 1523 1052 1574 et
1075 1518 1164 1575 nobis
1188 1517 1318 1586 collatis,
1341 1523 1375 1572 ut
1398 1525 1445 1574 est
1467 1516 1588 1588 dictum,
1606 1519 1655 1589 qui

398 1637 458 1680 una
482 1621 644 1678 nobiscum
668 1637 701 1678 se
724 1621 879 1694 obligatos
909 1623 1045 1680 senciant
1068 1623 1099 1680 in
1122 1623 1185 1680 suis
1209 1623 1406 1681 oracionibus
1430 1629 1461 1679 et
1483 1623 1551 1680 aliis
1573 1623 1656 1680 meri·

398 1729 484 1785 toriis
508 1728 658 1800 operibus
681 1743 740 1801 pro
763 1727 879 1784 eisdem
903 1733 933 1785 et
953 1744 1011 1802 pro
1034 1729 1132 1786 nobis,
1168 1729 1248 1786 Hinc
1271 1734 1324 1800 est,
1351 1729 1435 1802 quod
1458 1745 1514 1787 nos
1536 1744 1655 1802 perpen-

396 1827 503 1890 dentes
535 1833 740 1906 indigenciam
776 1833 908 1891 fratrum
942 1835 1038 1892 sancti
1069 1835 1157 1892 Pauli
1185 1835 1280 1908 primi
1308 1836 1457 1892 heremite
1480 1835 1518 1892 de
1542 1837 1655 1892 heremo

399 1939 516 1997 ordinis
539 1941 636 1998 sancti
660 1941 824 2013 Augustini
847 1942 878 1998 in
902 1941 1032 1998 ecclesia
1059 1943 1147 1999 beate
1172 1943 1309 2014 virginis,
1341 1943 1370 1999 in
1395 1947 1501 1999 nostro
1524 1941 1654 1999 districtu

397 2046 590 2118 zagrabiensi
614 2047 827 2117 militandum,
852 2047 1004 2119 quasdam
1026 2052 1125 2105 terras
1148 2063 1219 2104 cum
1243 2048 1350 2118 vineis,
1374 2048 1562 2117 nemoribus,
1576 2046 1655 2103 silvis

398 2159 428 2209 et
451 2152 521 2209 aliis
544 2153 733 2209 utilitatibus
754 2153 907 2211 universis
930 2153 968 2210 ad
993 2169 1049 2210 nos
1072 2161 1102 2210 et
1124 2161 1263 2211 nostram
1279 2155 1442 2211 ecclesiam
1457 2159 1579 2210 actenus
1594 2167 1655 2224 per-

396 2259 535 2328 tinentes,
568 2258 741 2316 adiacentes
774 2259 1015 2332 circumquaque
1045 2260 1172 2318 ecclesie
1198 2261 1286 2318 beate
1317 2259 1446 2332 virginis
1483 2258 1655 2332 supradicte,

397 2364 486 2421 metis
519 2363 722 2436 infrascriptis
755 2365 896 2434 inclusas,
921 2365 959 2422 ad
992 2381 1082 2423 usum
1109 2367 1223 2440 prioris
1246 2371 1276 2422 et
1299 2365 1433 2423 fratrum
1455 2365 1655 2438 predictorum

395 2471 436 2526 ob
460 2470 674 2527 reverenciam
708 2470 758 2527 dei
781 2477 811 2528 et
833 2471 972 2529 eiusdem
998 2474 1106 2530 matris
1130 2473 1259 2545 virginis
1282 2473 1419 2544 gloriose
1441 2487 1477 2528 ac
1500 2473 1592 2529 tocius
1613 2485 1655 2526 ce·

394 2577 480 2632 lestis
503 2577 588 2633 curie
615 2576 820 2648 concedimus,
844 2577 1033 2635 conferimus
1056 2585 1086 2636 et
1108 2579 1261 2636 donamus
1284 2579 1322 2636 de
1345 2579 1451 2651 gracia
1474 2578 1595 2651 speciali
1618 2583 1654 2632 te·

396 2681 511 2740 nendas
535 2689 565 2739 et
590 2689 743 2756 perpetuo
767 2684 977 2757 possidendas,
1001 2685 1097 2742 salvis
1117 2685 1245 2743 decimis
1260 2685 1350 2743 nobis
1367 2684 1481 2742 debitis
1497 2684 1534 2741 de
1549 2681 1655 2741 eisdem

395 2797 498 2862 preter
528 2789 609 2860 illas,
649 2805 725 2863 quas
757 2789 888 2864 predicti
919 2791 1029 2849 fratres
1060 2794 1236 2850 excolerent
1259 2793 1322 2850 suis
1345 2793 1482 2866 propriis
1506 2791 1655 2848 laboribus

400 2903 430 2953 et
452 2896 603 2970 expensis
620 2897 704 2953 iuxta
720 2898 943 2956 continenciam
959 2899 1081 2956 concilii
1097 2900 1256 2970 generalis.
1279 2899 1346 2956 Hoc
1361 2899 1450 2956 salvo
1466 2907 1495 2955 et
1511 2909 1654 2970 expresso,

395 3002 479 3075 quod
502 3003 597 3060 iidem
629 3001 739 3060 fratres
773 3019 829 3060 nos
857 3006 1016 3078 perpetuis
1039 3006 1233 3078 temporibus
1256 3006 1335 3062 sicut
1359 3013 1484 3061 actenus
1507 3002 1656 3060 habebunt

396 3115 426 3166 et
450 3116 671 3182 recognoscent
694 3125 785 3166 veros
817 3117 963 3184 patronos
995 3127 1067 3168 suos
1090 3117 1120 3168 et
1142 3119 1302 3183 tamquam
1328 3109 1506 3168 fundatores
1528 3107 1654 3166 eiusdem

394 3216 522 3273 ecclesie
546 3223 576 3273 et
598 3217 688 3274 nobis
723 3217 838 3273 nedum
868 3218 899 3274 in
930 3217 1126 3275 oracionibus
1150 3219 1202 3274 vel
1225 3217 1296 3274 aliis
1319 3217 1487 3274 meritoriis
1510 3215 1655 3289 operibus,

395 3321 447 3378 sed
472 3323 570 3380 eciam
594 3323 625 3378 in
649 3323 719 3380 aliis
747 3323 840 3380 licitis
863 3331 892 3380 et
916 3324 1051 3380 honestis
1074 3324 1201 3380 asistent
1216 3328 1281 3380 toto
1297 3338 1355 3396 pro
1372 3337 1470 3396 posse,
1488 3323 1655 3392 litterasque

400 3435 519 3486 nostras
549 3437 706 3486 emanatas
740 3445 834 3503 super
866 3431 964 3487 vineis
994 3429 1074 3487 infra
1104 3439 1202 3487 metas
1225 3428 1437 3502 infrascriptas
1461 3428 1582 3485 inclusis
1603 3440 1656 3498 pro

395 3534 587 3607 quibuslibet
620 3535 852 3606 possessoribus
884 3535 1064 3592 earumdem
1096 3536 1259 3593 vinearum
1286 3535 1394 3592 firmas
1417 3542 1447 3591 et
1469 3543 1549 3590 ratas
1570 3533 1654 3589 habe·

398 3641 483 3709 bunt,
506 3640 602 3697 salvis
627 3641 815 3698 utilitatibus
838 3641 998 3714 condignis
1021 3642 1059 3698 de
1083 3641 1200 3698 eisdem
1224 3641 1330 3710 vineis,
1354 3657 1432 3713 quas
1448 3656 1506 3714 pro
1523 3656 1554 3696 se
1569 3638 1654 3696 iidem

397 3745 507 3803 fratres
541 3747 699 3803 habebunt
735 3748 892 3804 annuatim
923 3747 1091 3821 percipere,
1120 3754 1214 3821 prout
1237 3745 1330 3804 fuerit
1353 3747 1484 3804 racionis
1507 3747 1557 3816 ita,
1579 3743 1654 3817 quod

395 3853 420 3910 si
455 3853 568 3924 aliquis
598 3853 687 3926 prior
716 3851 856 3910 eiusdem
889 3854 1016 3911 ecclesie
1047 3868 1104 3926 pro
1128 3863 1269 3926 tempore
1292 3853 1474 3910 constitutus
1497 3864 1656 3924 aggravare

400 3959 534 4016 indebite
558 3965 588 4015 et
610 3959 721 4016 iniuste
745 3959 883 4032 aliquem
905 3959 943 4016 de
967 3959 1083 4017 eisdem
1103 3959 1333 4032 possessoribus
1362 3959 1521 4016 vinearum
1539 3956 1655 4015 forsitan

400 4065 485 4138 quod
508 4065 596 4136 absit,
621 4066 764 4137 voluerit,
788 4067 847 4122 hoc
871 4067 956 4124 iuxta
979 4073 1120 4124 nostrum
1143 4066 1318 4136 arbitrium,
1342 4066 1408 4122 iure
1431 4063 1586 4122 communi
1600 4059 1656 4118 suf-

400 4171 545 4244 fragante,
578 4187 702 4245 semper
733 4173 889 4230 tenebitur
921 4172 1091 4230 emendare.
1122 4173 1202 4228 Mete
1235 4177 1337 4229 autem
1369 4178 1524 4228 terrarum
1547 4167 1656 4244 predic-

397 4287 499 4336 tarum,
524 4295 579 4351 per
602 4294 657 4336 nos
685 4278 877 4346 donatarum,
912 4295 988 4352 quas
1018 4295 1057 4336 ex
1082 4286 1187 4336 nostra
1218 4277 1438 4334 commissione
1470 4275 1657 4334 honorabiles

398 4391 427 4442 et
450 4385 574 4441 discreti
597 4385 657 4442 viri
682 4385 802 4441 domini
826 4384 972 4442 Nicolaus
996 4385 1034 4442 de
1060 4385 1242 4455 Kamarcha,
1272 4384 1428 4466 Johannes
1451 4383 1490 4440 de
1513 4381 1656 4440 Guerche·

400 4491 571 4547 Anthonius
603 4490 642 4547 de
673 4491 821 4548 Vrbouch
855 4491 1063 4548 archidiaconi
1091 4499 1122 4547 et
1150 4490 1305 4572 Johannes
1336 4495 1440 4546 custos
1467 4505 1503 4546 ac
1527 4486 1658 4560 magistri

398 4597 550 4670 Georgius
573 4605 604 4654 et
627 4596 872 4666 Bartholomeus‚
896 4599 992 4654 nostri
1017 4597 1219 4668 concanonici,
1244 4597 1447 4653 distinxerant
1470 4601 1500 4652 et
1523 4595 1561 4652 de
1584 4605 1658 4650 novo

397 4709 571 4776 posuerant,
602 4711 696 4777 prout
728 4704 821 4761 iidem
853 4703 943 4760 nobis
971 4719 1021 4760 eas
1045 4705 1076 4760 in
1099 4703 1222 4776 scriptis
1245 4711 1452 4777 reportarunt,
1477 4702 1535 4758 hoc
1558 4699 1657 4757 ordine

398 4809 638 4883 protenduntur:
671 4811 771 4882 prima
795 4811 904 4883 incipit
927 4811 956 4866 in
981 4809 1115 4882 quadam
1140 4809 1225 4866 valle
1249 4825 1266 4866 a
1290 4809 1512 4882 septemtrione
1535 4815 1564 4864 et
1594 4819 1658 4878 pro-

397 4916 477 4972 cedit
501 4917 531 4973 in
556 4930 654 4989 parvo
678 4916 782 4988 spacio
806 4922 836 4972 et
865 4917 973 4972 transit
1007 4916 1090 4972 viam
1116 4917 1300 4989 pupplicam
1323 4914 1361 4971 ad
1385 4914 1507 4984 silvam,
1530 4928 1589 4985 gay
1611 4925 1659 4966 vo-

399 5029 507 5094 catam,
531 5022 672 5099 ipsorum
695 5015 935 5097 Heremitaru'm‚
956 5038 1063 5082 versus
1079 5021 1242 5079 meridiem
1260 5027 1289 5078 et
1306 5021 1387 5079 circa
1403 5019 1537 5078 eandem
1553 5019 1658 5076 silvam
