3728 5806
625 559 696 614 Doc.
711 569 786 634 347.
804 555 882 634 548.
911 592 946 602 -
965 558 1020 614 An.
1044 573 1136 636 139¹·

287 663 556 674 --w-m

252 757 420 813 nativitatis
444 757 572 827 virginis
595 757 737 828 gloriose.
770 757 858 814 Anno
882 757 999 814 domini
1023 758 1192 814 millesimo
1220 757 1296 815 CCC
1320 758 1519 829 nonagesimo

253 863 364 936 primo,

340 1000 361 1048 E
381 1005 546 1065 transumpto
566 1000 668 1050 Detrici
687 1001 787 1055 Bubek.
811 1001 886 1068 regni
906 1000 1060 1052 sclavoniae
1078 1001 1147 1058 bani,
1167 1016 1234 1050 anno
1257 1011 1331 1062 1391.

842 1248 932 1315 347.

357 1392 433 1438 Anno
455 1398 530 1452 1391,
550 1389 573 1438 6.
594 1388 758 1453 septembris.
779 1389 903 1454 Polegae.

253 1517 455 1589 Srjmsmmrdus
485 1518 662 1590 magartae
691 1523 738 1573 etc.
770 1535 824 1572 rex
852 1517 971 1573 Detrico
1001 1517 1101 1574 Bulek
1128 1517 1211 1585 bana,
1241 1518 1314 1574 citus
1344 1517 1518 1576 Grechenses

255 1643 313 1679 mm
335 1641 430 1680 coram
453 1623 528 1680 bano
543 1623 594 1680 sed
605 1625 695 1680 solum
711 1623 839 1678 incuria
855 1624 1002 1680 tavamici
1021 1631 1184 1696 conparere
1199 1623 1303 1693 debere,
1326 1631 1422 1681 nomm
1431 1625 1517 1700 facit.

1039 1756 1074 1800 Ad
1089 1757 1194 1800 contenta
1207 1757 1331 1800 litterarum
1344 1757 1460 1811 regalium.

339 1875 556 1948 Sigismundus
579 1875 628 1932 dei
651 1875 755 1946 gracia
776 1891 831 1932 rex
851 1874 1017 1946 ilungarie‚
1034 1873 1203 1945 Dalmacie,
1220 1874 1348 1931 Croacie
1365 1879 1419 1932 etc.
1435 1890 1517 1932 mar·

251 1981 382 2053 chioque
406 1981 723 2052 Brandemburgensis
747 1986 801 2038 etc.
825 1979 925 2037 Fideli
948 1995 1004 2036 suo
1028 1979 1193 2052 magnifico
1217 1980 1285 2037 viro
1310 1979 1438 2037 domino
1456 1981 1518 2038 De·

250 2087 327 2144 trico
358 2087 473 2158 Bubelt,
504 2087 591 2158 regni
621 2087 718 2143 nostri
748 2085 911 2144 Sclauonie
945 2085 1026 2142 bano
1056 2085 1109 2142 vel
1136 2085 1286 2142 vicebano
1309 2085 1448 2143 eiusdem
1472 2102 1517 2143 sa·

251 2193 349 2250 lutem
374 2199 404 2250 et
426 2194 573 2265 graciam.
597 2193 642 2250 Ex
666 2193 832 2265 querulosa
855 2191 1081 2264 significacione
1107 2191 1249 2249 fidelium
1273 2192 1387 2249 civium
1408 2198 1438 2249 et
1464 2193 1519 2250 ho·

252 2299 369 2371 spitum
385 2305 563 2356 nostrorum
579 2299 712 2356 civitatis
734 2306 837 2356 nostre
860 2299 1068 2370 zagrabiensis
1088 2298 1177 2355 nobis
1193 2296 1282 2368 facta,
1299 2298 1517 2370 intelleximus

251 2404 409 2477 quomodo
432 2420 487 2462 vos
512 2410 618 2462 contra
643 2420 750 2462 eorum
780 2405 939 2460 libertates
963 2409 992 2460 et
1016 2403 1250 2461 consuetudines
1273 2419 1367 2478 super
1390 2403 1517 2474 iniuriis,

251 2511 395 2585 dampnis
418 2516 448 2568 et
470 2512 669 2580 nocumentis,
694 2527 754 2584 que
776 2527 833 2582 per
856 2510 958 2566 varios
982 2509 1170 2566 condicionis
1193 2509 1334 2567 homines
1358 2510 1401 2566 eis
1417 2510 1517 2582 inpin-

250 2624 373 2688 guntur,
390 2618 474 2690 ipsos
490 2623 594 2674 vestro
618 2623 717 2674 astare
741 2615 854 2673 iudicio
878 2621 907 2672 et
931 2615 1078 2672 iudicatui
1101 2615 1332 2688 compelleretis
1355 2619 1385 2672 et
1408 2616 1517 2672 astrin-

250 2724 371 2794 geretis,
395 2739 466 2779 curn
490 2728 593 2779 tamen
615 2723 699 2795 ipsos
722 2722 754 2780 in
776 2720 954 2779 huiusmodi
976 2735 1066 2778 causa
1081 2735 1142 2778 non
1158 2736 1223 2790 vos,
1240 2720 1293 2777 sed
1311 2721 1458 2793 magister
1474 2728 1517 2777 ta·

250 2829 448 2886 vamicorum
472 2835 649 2886 nostrorum
672 2829 786 2886 habeat
807 2827 951 2885 iudicare.
976 2826 1078 2898 Quare
1101 2832 1202 2883 vestre
1226 2826 1369 2883 fidelitati
1385 2826 1518 2884 firmiter

251 2934 409 3004 edicimus,
441 2938 591 3007 quatenus
622 2933 736 2991 amodo
765 2940 795 2990 et
817 2933 961 3005 deinceps
985 2931 1122 3005 prelatos
1145 2933 1228 2988 cives
1252 2937 1281 2988 et
1304 2931 1441 3005 hospites
1465 2947 1517 2988 no·

250 3046 329 3097 stros
360 3041 460 3097 causis
484 3040 514 3097 in
538 3040 697 3113 premissis
720 3044 823 3096 vestro
846 3039 959 3096 iudicio
984 3043 1015 3094 et
1038 3037 1184 3095 iudicatui
1212 3043 1312 3094 astare
1328 3037 1519 3110 compellere

251 3162 311 3203 non
335 3147 586 3220 presumpmatis‚
620 3145 674 3203 sed
697 3147 781 3219 ipsos
805 3146 920 3202 tociens
944 3145 1089 3216 quociens
1113 3160 1235 3201 necesse
1259 3143 1351 3200 fuerit
1375 3158 1466 3199 causa
1487 3143 1516 3199 in

250 3253 437 3322 huiusmodi,
462 3251 575 3310 iudicio
599 3259 628 3309 et
650 3251 798 3309 iudicatui
821 3252 917 3325 ipsius
934 3250 1073 3322 magistri
1091 3251 1321 3307 tavamicorum
1338 3254 1516 3305 nostrorum

250 3361 458 3416 transmittere
490 3358 637 3428 debeatis,
669 3362 699 3414 et
730 3357 816 3414 aliud
845 3372 905 3413 non
938 3355 1055 3413 facturi.
1079 3355 1116 3412 Et
1139 3356 1198 3413 hoc
1221 3355 1304 3412 idem
1328 3353 1517 3426 iniungimus

251 3463 363 3523 futuris
394 3465 467 3522 dicti
498 3465 586 3538 regni
615 3465 712 3521 nostri
742 3463 903 3521 Sclauonie
936 3463 1024 3520 banis
1056 3479 1091 3518 ac
1122 3463 1287 3532 vicebanis,
1312 3461 1419 3518 dantes
1443 3461 1518 3534 ipsis

251 3571 406 3628 similibus
429 3572 522 3642 regiis
544 3571 603 3627 sub
625 3571 787 3644 preceptis.
812 3570 928 3626 Datum
952 3570 981 3626 in
1006 3569 1187 3640 Posegauar‚
1212 3567 1289 3624 feria
1313 3571 1422 3640 quarta
1447 3582 1518 3640 pro·

251 3677 335 3733 xima
358 3681 427 3733 ante
451 3677 563 3734 festum
587 3677 755 3734 nativitatis
779 3675 907 3747 virginis
930 3675 1073 3748 gloriose.
1099 3676 1187 3731 Anno
1211 3673 1329 3731 domini
1349 3673 1517 3730 millesimo

251 3782 328 3838 CCC
353 3784 552 3855 nonagesimo
578 3783 690 3856 primu.

340 3917 480 3982 Originale
499 3917 526 3966 in
545 3917 704 3974 membrana,
726 3915 845 3982 sigillum
864 3930 1025 3982 oppressum.
1045 3915 1075 3964 In
1094 3914 1193 3964 archiv.
1213 3913 1260 3963 lib.
1274 3928 1328 3978 reg.
1343 3913 1393 3962 civ.
1407 3913 1513 3978 zagrab.

842 4165 933 4230 348.

357 4309 434 4356 Auno
456 4316 529 4370 1391,
548 4307 571 4354 ὁ.
592 4305 756 4371 septembris.
777 4307 901 4370 Polegae.

252 4433 453 4507 Sagisrmmdus
475 4435 650 4506 Huugariae
665 4441 712 4490 etc.
729 4453 791 4502 rex,
817 4441 850 4490 ut
871 4452 959 4490 carisa
982 4434 1059 4490 mter
1079 4435 1234 4510 capitulum
1257 4435 1373 4506 atterrat.
1396 4443 1425 4492 et
1445 4436 1518 4492 cirus

257 4541 432 4599 Greclrenses
454 4543 488 4599 de
510 4541 633 4615 qraeoilam
657 4541 793 4614 rnalafim,
816 4559 897 4614 quem
920 4541 1087 4609 occiderant,
1110 4541 1140 4597 in
1164 4541 1267 4597 iudicio
1286 4543 1434 4600 tavarru'ci
1447 4561 1517 4615 aga-

772 4654 829 4716 tur,
845 4648 996 4721 praecipit.

1038 4781 1072 4826 nd
1087 4783 1193 4824 contenta
1207 4781 1331 4823 litterarum
1346 4781 1462 4835 regalium.

340 4885 556 4975 Sigismundus
588 4899 637 4957 dei
670 4900 773 4972 gracia
807 4916 861 4956 rex
898 4899 1064 4970 llungarie‚
1098 4898 1267 4968 Dalmacie‚
1303 4899 1429 4954 Croacie
1463 4905 1517 4957 etc.

250 5007 450 5080 marchioque
482 5005 799 5077 Brandemburgensis
828 5011 882 5062 etc.
908 5005 1005 5061 Fideli
1029 5020 1085 5061 suo
1109 5003 1275 5076 magnifico
1299 5004 1366 5059 viro
1391 5003 1517 5061 domino

1376 5131 1408 5169 21
