3824 5806
694 544 767 602 Doc.
791 558 861 622 410.
890 577 926 586 -
952 543 1008 601 An.
1032 539 1125 620 1398.
1479 559 1539 622 395

273 741 467 814 prefuissent,
498 750 529 800 et
557 760 603 799 ex·
619 757 655 800 eo
678 742 716 800 ad
746 759 854 800 manus
881 750 1001 801 nostras
1024 746 1125 816 regias
1148 744 1294 801 deuolute
1317 751 1347 800 et
1370 742 1541 800 redundate

274 848 452 917 extitissent,
484 849 652 906 simulcum
680 849 832 906 universis
861 849 1042 906 eorumdem
1071 850 1257 906 utilitatibus
1288 856 1319 906 et
1347 849 1543 922 pertinenciis

277 952 314 1009 ad
338 953 460 1011 easdem
482 955 540 1012 rite
564 961 593 1011 et
615 955 766 1026 legittime
789 956 1007 1026 spectantibus,
1030 971 1068 1012 ex
1092 962 1175 1012 certa
1194 955 1320 1012 scientia
1335 961 1365 1011 et
1381 955 1542 1028 potestatis

274 1059 466 1132 plenitudiue
490 1066 593 1118 nostre
618 1061 793 1129 maiestatis,
817 1062 903 1118 omni
926 1075 962 1117 eo
985 1062 1059 1130 iure,
1084 1076 1145 1133 quo
1162 1060 1269 1118 eedem
1288 1059 1327 1117 ad
1344 1065 1481 1118 nostram
1497 1060 1542 1118 di-

274 1170 442 1222 noscuntur
473 1167 626 1238 pertinere
658 1166 870 1236 collacionem,
902 1165 1053 1224 dedimus.
1083 1165 1268 1223 donavimus
1291 1172 1321 1222 et
1344 1165 1541 1236 contulimus

273 1285 381 1342 ymmo
405 1270 524 1340 damus,
548 1270 700 1328 donamus
723 1287 759 1328 ac
782 1277 933 1344 perpetuo
954 1272 1019 1328 iure
1035 1269 1222 1328 conferimus
1240 1272 1350 1328 harum
1366 1277 1541 1328 nostrarum

274 1377 450 1434 testimonio
481 1377 663 1448 litterarum,
695 1377 759 1434 sine
791 1385 893 1434 tamen
923 1377 1094 1450 preiudicio
1125 1376 1199 1434 iuris
1223 1376 1333 1445 alieni;
1357 1391 1443 1448 quas,
1466 1376 1541 1432 dum

275 1482 364 1538 nobis
395 1483 424 1539 in
456 1483 558 1555 specie
588 1481 701 1539 fuerint
732 1483 826 1539 allate
855 1483 886 1539 in
914 1481 1047 1538 sormam
1072 1483 1169 1539 nostri
1194 1482 1351 1555 privilegii
1375 1481 1475 1554 redigi
1498 1481 1542 1538 ia·

273 1588 398 1644 ciemus.
423 1587 539 1644 Datum
564 1587 692 1658 Bachye‚
717 1588 747 1646 in
771 1587 849 1645 festo
875 1589 962 1645 beate
978 1588 1144 1645 Scolastice
1164 1588 1300 1660 virginis.
1319 1589 1407 1644 Anno
1423 1586 1541 1644 domini

275 1693 444 1750 millesimo
468 1692 557 1752 CCC¹
569 1695 769 1765 nonagesimo
789 1699 907 1751 octavo.

365 1827 505 1892 Originale
531 1826 557 1878 in
582 1827 740 1877 membrana.
767 1827 893 1894 Sigillum
922 1828 1007 1878 minus
1032 1828 1195 1894 impressum,
1221 1827 1343 1894 deperiit.
1375 1826 1404 1877 ln
1431 1827 1540 1877 archivo

277 1915 498 1981 archiepiscopali
517 1916 677 1980 Zagrabiae:
697 1916 883 1982 Privilegialia
901 1933 940 1966 ur.
960 1926 1001 1975 31.

865 2201 954 2267 410.

382 2361 459 2409 Anno
482 2363 555 2424 1398,
575 2372 615 2410 22.
636 2360 738 2426 aprilis.
758 2361 787 2410 ln
807 2361 914 2427 Wylak.

276 2484 477 2560 Stgismundus
500 2489 677 2562 Hungariae
699 2497 756 2558 etc„
779 2509 833 2546 rex
855 2508 890 2546 ne
905 2491 978 2546 cives
1001 2489 1173 2547 Greclrenscs
1188 2507 1207 2544 a
1223 2489 1385 2546 castellanis
1400 2488 1433 2545 de
1448 2495 1542 2545 castro

381 2593 510 2650 Medved
529 2595 589 2651 ullo
611 2596 692 2652 modo
714 2603 953 2669 aggravarentur
974 2597 1022 2653 vel
1041 2597 1267 2664 molestarentur,
1283 2595 1442 2668 prohibuit.

363 2754 579 2828 Sigismundus
603 2757 652 2816 dei
675 2759 779 2830 gracia
795 2775 849 2816 rex
865 2760 1031 2832 Hungarte,
1052 2761 1221 2828 Dalmacie,
1238 2759 1365 2816 Croacie
1380 2763 1444 2828 etc,
1460 2771 1541 2814 mar·

275 2863 407 2936 chioque
431 2863 748 2937 Brandemburgensis
772 2875 826 2923 etc.
851 2865 949 2924 Fideli
973 2882 1037 2936 suo,
1062 2867 1130 2923 viro
1161 2865 1327 2938 magnifico
1351 2863 1479 2920 Nicolao
1503 2861 1541 2919 de

275 2967 366 3038 Gara,
390 2969 552 3028 Dalmacie
574 2977 604 3027 et
634 2971 762 3029 Croacie
794 2971 1004 3045 predictorum
1036 2988 1072 3029 ac
1101 2971 1273 3041 Sclauonie,
1296 2985 1464 3042 regnorum
1486 2983 1539 3025 no·

274 3080 410 3131 strorum
436 3075 516 3132 bano
540 3075 591 3132 vel
615 3077 766 3134 vicebano
789 3077 927 3135 eiusdem
951 3079 1037 3150 regni
1068 3077 1240 3147 Sclauonie,
1264 3077 1398 3133 salutem
1423 3081 1453 3132 et
1475 3089 1544 3146 gra-

276 3181 364 3237 ciam.
388 3180 471 3238 Dicit
494 3181 585 3238 nobis
608 3181 719 3240 Gallus
743 3183 917 3256 HungaruS,
941 3184 1018 3242 civis
1041 3183 1174 3240 civitatis
1200 3189 1302 3240 nostre
1330 3182 1443 3238 montis
1466 3179 1543 3237 Gre-

275 3287 382 3356 censis
407 3302 463 3343 sua
486 3303 521 3344 ac
544 3287 655 3345 iudicis
678 3295 708 3345 et
732 3289 948 3348 universorum
972 3290 1088 3347 civium
1113 3289 1246 3346 civitatis
1269 3286 1408 3346 eiusdem
1424 3287 1455 3343 in
1472 3301 1541 3360 per·

276 3392 367 3460 sonis,
392 3391 550 3464 quomodo
574 3392 756 3468 Stephanus,
788 3394 872 3453 iilius
902 3396 1049 3479 Johannis
1081 3395 1120 3452 de
1150 3394 1263 3466 Wyzla
1293 3399 1323 3451 et
1353 3393 1474 3450 Blasius
1505 3390 1544 3448 de

275 3495 388 3566 Chaak‚
412 3499 571 3557 castellani
595 3500 690 3557 vestri
720 3499 759 3557 de
789 3500 983 3572 lledwewar,
1006 3503 1047 3558 ab
1071 3516 1107 3558 eo
1131 3506 1271 3574 tempore
1294 3515 1312 3556 a
1336 3514 1398 3571 quo
1427 3498 1543 3555 honore

275 3603 494 3661 castellanatus
518 3605 615 3678 ipsius
638 3607 730 3663 castri
754 3605 963 3679 fungerentur,
987 3608 1063 3681 ipsis
1086 3606 1207 3663 civibus
1231 3605 1343 3662 nostris
1367 3604 1542 3660 innumera·

276 3709 352 3766 bilia
375 3717 405 3766 et
427 3710 650 3768 intollerabilia
670 3711 806 3786 dampna
837 3713 1011 3770 intulissent
1043 3719 1073 3768 et
1104 3711 1217 3769 inferre
1244 3726 1305 3768 non
1329 3717 1482 3767 cessarent
1505 3708 1543 3765 de

276 3817 418 3888 presenti,
442 3823 535 3890 prout
559 3818 671 3876 hocin
695 3819 826 3890 registro
860 3819 1000 3893 ipsorum
1032 3817 1142 3876 iudicis
1165 3823 1195 3874 et
1218 3817 1335 3874 civium
1366 3821 1543 3872 nostrorum

276 3936 333 3995 per
367 3922 471 3994 ipsum
495 3920 625 3980 Gallum
655 3925 745 3981 nobis
777 3925 808 3982 in
840 3925 942 3999 specie
971 3925 1110 3981 exhibito
1142 3923 1256 3980 clarius
1287 3921 1425 3980 vidimus
1448 3921 1542 3979 conti-

276 4027 357 4097 neri;
381 4028 468 4085 cuius
491 4030 715 4088 continenciam
738 4036 868 4104 propter
899 4032 965 4089 eius
995 4031 1209 4105 prolixitatem
1236 4028 1432 4104 presentibus
1450 4028 1544 4086 inseri

276 4139 306 4190 et
329 4134 456 4191 inscribi
479 4149 540 4192 non
563 4135 701 4206 fecimus,
725 4137 780 4194 sed
802 4136 886 4195 idem
921 4139 1043 4210 registri
1074 4143 1167 4211 caput
1198 4136 1294 4209 sigilli
1325 4135 1422 4192 nostri
1444 4135 1544 4192 reclu-

276 4255 354 4308 sum,
379 4255 450 4296 cum
473 4242 668 4314 presentibus
692 4243 783 4300 vobis
806 4244 837 4300 in
860 4244 962 4317 specie
995 4243 1230 4301 transmisimus.
1259 4240 1361 4314 Super
1383 4255 1445 4313 quo
1468 4240 1544 4297 iide-

217 4375 221 4384 .
277 4344 356 4402 litati
379 4351 482 4403 vestre
513 4345 644 4404 firmiter
677 4349 875 4422 precipiendo
906 4349 1099 4414 mandamus.
1131 4355 1281 4422 quatenus
1312 4348 1389 4405 scita
1412 4348 1543 4420 premis-

276 4466 382 4508 sorum
406 4467 492 4509 mera
515 4454 645 4512 veritate
666 4459 696 4511 et
719 4456 821 4513 reviso
843 4457 912 4529 ipso
927 4456 1067 4528 registro,
1084 4456 1109 4512 si
1125 4455 1278 4528 premissa
1293 4454 1336 4511 sic
1352 4453 1433 4510 facta
1449 4451 1542 4510 fuisse

277 4557 500 4630 comperieritis
524 4565 559 4616 ut
581 4567 684 4619 nostre
707 4567 911 4634 conquestum
934 4569 979 4618 est
1002 4563 1163 4628 maiestati,
1187 4565 1298 4617 extunc
1320 4559 1397 4632 ipsis
1423 4559 1544 4616 civibus

276 4663 389 4722 nostris
412 4663 443 4720 in
466 4666 624 4738 premissis
648 4683 685 4723 ex
709 4673 797 4739 parte
820 4665 974 4725 dictorum
998 4667 1238 4725 castellanorum
1261 4671 1437 4723 vestrorum
1465 4667 1543 4722 meri

276 4769 352 4826 iuris
375 4777 405 4826 et
428 4769 547 4827 iusticie
571 4786 607 4828 ac
629 4771 850 4831 satisfaccionis
873 4774 1044 4832 exhibeatis
1068 4773 1349 4847 complementum;
1379 4771 1418 4829 de
1442 4778 1543 4830 cetero

277 4875 361 4948 ipsos
385 4875 468 4933 cives
492 4882 613 4934 nostros
636 4879 788 4936 annotatis
804 4880 980 4937 castellanis
999 4880 1110 4937 vestris
1128 4879 1229 4936 minus
1252 4879 1331 4936 iuste
1354 4884 1384 4936 et
1406 4877 1544 4936 indebite

278 4979 444 5038 molestare
467 4997 528 5039 non
552 4983 769 5056 permittendo,
793 5000 880 5044 secus
905 5001 1016 5061 puram
1039 4986 1176 5058 graciam
1199 5000 1260 5042 non
1284 4983 1403 5042 facturi.
1427 4982 1543 5041 Datum
