3600 5804
509 512 511 524 “
543 518 617 575 Dec.
642 512 712 572 166.
741 549 776 556 -
802 515 865 572 An.
881 529 969 592 1334.
1332 531 1388 591 ¹4⁵

147 724 172 773 et
192 716 268 789 quod
292 717 352 773 iarn
376 715 458 772 idem
481 715 626 773 dominns
655 731 710 773 rex
734 721 763 772 et
787 716 833 771 sui
857 715 988 771 barones
1011 713 1130 788 pluries
1154 712 1393 786 conspexissent,

147 823 197 879 sub
217 827 317 879 nostro
340 821 445 893 sigillo
477 820 560 878 idem
592 821 794 894 privilegium
821 820 949 878 rescribi
973 818 1145 877 faceremus
1169 818 1207 875 ad
1231 819 1394 876 cautelam.

147 929 230 984 Cuius
253 934 336 985 tenor
359 928 385 984 is
408 935 468 987 est:
501 920 575 1005 (vid.
605 944 649 984 nr.
685 925 753 983 126.
785 941 864 983 anno
900 939 990 998 1323,
1021 941 1068 1000 29.
1092 915 1301 1000 novembris).
1333 922 1396 980 Nos

146 1021 228 1104 igitur
257 1033 460 1106 peticionibus
490 1032 565 1090 dicti
594 1032 743 1114 Johannis
773 1030 981 1088 archidiaconi
1013 1029 1228 1088 favorabiliter
1260 1030 1397 1087 inclinati

147 1139 263 1214 predicti
293 1139 449 1213 privilegii
478 1147 617 1196 tenorem
649 1137 687 1195 de
716 1139 815 1195 verbo
845 1137 884 1194 ad
909 1137 1042 1194 verbum
1065 1137 1194 1194 rescribi
1218 1135 1346 1194 fecimus
1368 1143 1398 1192 et

147 1260 230 1301 unum
251 1260 306 1317 par
329 1245 388 1301 sub
411 1250 517 1302 nostro
540 1244 645 1316 sigillo
661 1243 764 1300 eidem
779 1243 846 1300 dari
867 1247 897 1300 et
919 1241 1005 1300 aliud
1021 1243 1173 1300 innostra
1189 1242 1326 1300 sacristia
1350 1257 1396 1298 re-

146 1353 250 1407 servari
273 1349 409 1420 fecimus
434 1351 553 1407 iusticia
577 1348 740 1407 mediante.
766 1350 884 1406 Datum
907 1365 963 1422 per
986 1363 1095 1404 manus
1119 1347 1237 1406 domini
1261 1347 1398 1405 Ladislai

147 1457 257 1513 lectoris
280 1456 406 1513 ecclesie
430 1462 543 1513 nostre.
567 1457 656 1512 Anno
680 1454 798 1512 domini
822 1453 1028 1512 MCCCXXX.
1053 1461 1171 1526 quarto.

225 1573 245 1622 E
263 1579 427 1638 transumpto
447 1573 558 1638 capituli
577 1573 761 1638 strigoniensis
780 1587 847 1622 anuo
872 1573 945 1632 1346.
965 1570 996 1620 In
1015 1569 1113 1620 archiv.
1137 1587 1195 1624 ven.
1221 1586 1277 1637 cap.
1291 1571 1398 1636 zagrab.

148 1661 375 1722 Qmmm

723 1857 807 1923 166.

241 2001 314 2050 Anno
336 2009 409 2061 1334,
431 2009 471 2048 21.
491 1998 613 2062 Augusti.
633 1998 787 2064 Zagrabiae.

148 2127 237 2184 Mikic‘
251 2129 334 2184 totius
357 2126 516 2184 Slaoom'ae
538 2127 639 2196 banus,
661 2133 870 2183 transummens
894 2125 1020 2182 modum*
1029 2126 1216 2199 persolvendi
1234 2126 1357 2185 decimas
1379 2146 1399 2184 a

150 2251 176 2289 sc
188 2235 400 2306 praescriptum,
423 2233 578 2300 conatibus,
598 2234 762 2290 castellanis
784 2241 812 2290 et
832 2235 900 2290 aliis
921 2233 1095 2308 officialibus
1122 2233 1250 2302 matrdat,
1275 2242 1308 2291 ut
1328 2235 1400 2292 deci-

342 2339 499 2396 maioribus
521 2340 551 2395 in
574 2338 721 2397 auxilium
744 2339 803 2395 sur's
825 2357 887 2396 cum
910 2338 1070 2396 horninibus
1092 2338 1194 2396 adsint.

228 2481 336 2554 Mylrch
353 2483 452 2540 banus
468 2484 566 2541 tocius
582 2482 752 2541 Sclauonie.
769 2483 929 2542 Universis
949 2484 1108 2541 nobilibus
1129 2488 1159 2540 et
1182 2485 1402 2557 cuiuscumque

150 2591 235 2644 status
264 2589 314 2644 vel
346 2587 535 2646 condicionis
566 2589 752 2659 hominibus,
782 2590 990 2661 zagrabiensis
1021 2589 1177 2658 dioecesis
1208 2590 1341 2647 salutem
1372 2595 1403 2647 et

151 2704 231 2750 omne
252 2695 375 2752 bonnm.
399 2693 449 2752 Ad
466 2701 602 2752 vestram
618 2696 764 2753 noticiam
781 2696 989 2769 perducimus
1006 2695 1090 2768 quod
1110 2697 1309 2753 honorabiles
1333 2697 1401 2767 viri,

151 2797 256 2856 domini
282 2801 436 2882 Johannes
464 2801 502 2858 de
529 2801 670 2859 Guerche
697 2807 727 2858 et
754 2801 931 2874 Gregorius,
960 2803 1157 2869 ehamensis,
1185 2801 1401 2872 archidiaconi,

151 2905 230 2962 nobis
253 2907 461 2980 privilegiales
485 2912 605 2964 nostras
635 2908 753 2966 litteras
780 2924 874 2982 super
900 2907 1097 2965 ordinacione
1125 2907 1317 2965 decimarum
1345 2924 1402 2982 per

151 3024 201 3066 vos
222 3011 448 3082 solvendarum,
472 3013 555 3069 omni
581 3014 754 3086 suspicione
777 3019 922 3082 carentes
947 3018 1170 3087 presentarunt,
1194 3019 1332 3088 petentes
1349 3029 1402 3072 no-

152 3118 226 3174 mine
247 3119 362 3176 domini
386 3119 525 3193 episcopi
548 3120 755 3192 zagrabiensis
779 3121 896 3177 eteius
920 3120 1057 3190 ecclesie,
1080 3125 1113 3176 ut
1136 3121 1202 3189 hos,
1226 3122 1280 3194 qui
1303 3121 1334 3178 in
1356 3137 1404 3179 so-

154 3221 261 3280 lucione
284 3225 475 3282 decimarum
499 3227 689 3300 negligentes
713 3227 763 3282 vel
787 3205 922 3283 rebelles
945 3227 1088 3293 existunt,
1112 3225 1218 3283 adeas
1240 3227 1404 3285 solvendas

152 3331 373 3403 compellamus.
405 3331 673 3404 Quarumquidem
704 3333 877 3389 litterarum
909 3338 1083 3389 nostrarum
1116 3340 1203 3390 tenor
1234 3331 1273 3389 de
1305 3333 1403 3390 verbo

153 3433 334 3494 adverbum
361 3438 433 3494 talis
456 3443 516 3494 est:
547 3431 621 3516 (vid.
656 3453 723 3513 147·
746 3454 826 3496 anno
861 3438 952 3511 1328,
987 3451 1034 3506 25.
1058 3429 1216 3514 octobris).
1245 3437 1324 3495 Cum
1349 3439 1404 3510 igi·

153 3545 197 3595 tur
232 3542 313 3600 iuxta
351 3543 466 3600 dictam
507 3542 736 3600 ordinacionem
769 3544 886 3602 solucio
925 3544 1065 3617 ipsarum
1096 3529 1288 3600 decimarum
1325 3543 1404 3600 sicut
1440 3599 1441 3602 ,

154 3643 255 3704 dicitur
276 3665 331 3722 per
350 3647 502 3721 quosdam
527 3649 711 3722 negligatur.
735 3649 826 3706 vobis
849 3650 999 3707 universis
1015 3654 1045 3706 et
1061 3649 1191 3721 singulis
1214 3649 1405 3706 consulimus

155 3757 181 3807 et
201 3751 304 3811 damus
328 3754 461 3811 firmiter
485 3755 513 3812 in
538 3757 700 3828 preceptis,
729 3759 878 3827 quatenus
909 3755 992 3828 ipsas
1023 3754 1158 3812 decimas
1190 3753 1317 3810 domino
1341 3755 1406 3828 epi·

155 3871 239 3930 scopo
259 3861 449 3933 zagrabiensi
473 3865 502 3917 et
525 3861 590 3917 eius
613 3861 740 3918 ecclesie
764 3861 849 3918 iuxta
872 3867 1010 3917 tenorem
1041 3855 1245 3937 (prefatamm
1272 3851 1404 3936 nost)ra-

155 3978 218 4020 mm
240 3966 482 4038 privilegialinm
514 3966 688 4024 litterarum
720 3967 842 4023 solvere
873 3964 1019 4036 debeatis,
1051 3967 1076 4022 si
1101 3972 1202 4023 vestra
1224 3967 1406 4039 gravamina

156 4070 255 4140 cupitis
275 4073 400 4129 evitare.
425 4071 523 4129 Vobis
546 4077 648 4128 autem
673 4073 786 4129 nostris
808 4071 982 4128 comitibus
1001 4071 1174 4128 castellanis
1190 4079 1220 4130 et
1243 4072 1313 4130 aliis
1337 4071 1406 4130 offi-

156 4173 272 4232 cialibus
295 4177 427 4235 firmiter
451 4171 661 4254 (precipimus,
679 4177 762 4250 quod
779 4176 817 4253 si)
832 4193 890 4250 per
905 4175 1108 4234 decimatores
1125 4177 1243 4236 domini
1265 4179 1406 4253 episcopi

156 4280 200 4335 vel
221 4283 282 4340 eius
303 4284 433 4341 ecclesie
453 4283 573 4341 fueritis
596 4285 736 4356 requisiti
759 4298 817 4358 pro
841 4282 999 4356 exigendis
1020 4283 1095 4356 ipsis
1118 4283 1254 4356 decimis,
1279 4292 1312 4342 ut
1336 4301 1408 4358 pre·

157 4382 264 4458 dicitur,
288 4395 407 4447 vestros
431 4389 511 4446 detis
534 4389 675 4447 homines
698 4390 762 4447 sine
784 4384 948 4467 (dilacione
964 4389 1100 4462 aliquali.
1116 4389 1232 4446 Datum
1249 4389 1407 4462 Zagrabie.

159 4488 184 4546 in
206 4488 344 4572 crast)ino
368 4495 438 4553 festi
461 4495 544 4552 beati
560 4495 641 4568 regis
657 4493 813 4569 Stephani.
830 4497 920 4552 Anno
936 4495 1054 4553 domini
1074 4494 1274 4553 MCCCXXX
1289 4503 1407 4570 quarto¹

235 4611 371 4678 Originale
401 4613 428 4662 in
455 4613 613 4662 membrana.
639 4612 765 4678 Sigillum
784 4612 899 4678 deperiit
925 4619 950 4663 et
976 4627 1047 4663 zona.
1073 4611 1104 4662 In
1128 4613 1227 4662 archiv.
1252 4613 1406 4678 archiepisc.

159 4699 250 4760 zagrab.
270 4701 416 4751 Decimalia
435 4717 473 4750 nr.
495 4711 516 4760 3.

236 4788 269 4838 Ut
287 4791 358 4840 clare
377 4792 480 4839 eluceat
506 4791 538 4839 de
563 4789 721 4854 quibusnam
746 4789 811 4839 locis
837 4795 863 4839 et
887 4791 1021 4853 quomodo
1046 4789 1072 4839 in
1091 4789 1213 4838 districtu
1232 4789 1336 4854 zagrab.
1358 4805 1408 4854 pro

160 4873 262 4936 capitulo
289 4879 406 4928 decimae
434 4877 617 4944 exigebantur,
642 4879 818 4928 necessarium
844 4878 908 4928 duxi
929 4877 1110 4928 commentarii
1136 4877 1219 4927 instar
1247 4877 1290 4926 hic
1308 4877 1409 4927 referre

160 4973 241 5012 coaeva
259 4967 360 5017 Statura
379 4982 435 5017 ven.
455 4981 510 5032 cap.
531 4967 708 5032 zagrabiensis
728 4968 766 5032 (p.
787 4967 806 5016 l.
828 4983 847 5015 c.
869 4966 926 5016 Lll.
949 4966 1021 5016 LIV.
1041 4965 1111 5032 LV.)
1131 4981 1199 5028 quae
1218 4971 1348 5016 statuunt:

1272 5081 1305 5121 10
