3728 5806
661 523 735 581 Doc.
753 534 828 599 352.
856 557 892 565 -
918 523 974 581 Are
997 536 1085 600 1391.
1443 541 1503 598 3²7

240 721 349 777 litteris
374 722 677 779 commissionalibus
693 722 805 794 sigillis
821 723 981 780 autenticis
997 723 1137 796 parcium
1155 722 1336 779 earumdem
1352 723 1504 795 sigillatis,

237 826 352 883 habitis
375 833 404 883 et
427 827 611 900 specificatis
635 827 693 884 sub
717 843 797 900 pena
820 827 953 887 duorum
978 829 1113 885 millium
1131 827 1318 886 florenorum
1335 829 1505 886 clarissime

238 939 267 990 et
290 932 328 989 ad
352 933 480 1006 plenum
512 935 567 991 hec
599 934 703 991 omnia
727 935 918 1008 preallegata
942 935 1135 993 continentur
1158 939 1187 991 et
1211 935 1318 1006 vigore
1342 951 1377 992 ac
1401 939 1504 992 aucto·

237 1039 326 1095 ritate
343 1039 516 1096 litterarum
534 1039 743 1113 predictarum
759 1041 799 1098 ad
816 1042 997 1098 instanciam
1013 1042 1154 1114 parcium
1173 1039 1383 1114 predictarum
1401 1042 1503 1115 primo

238 1149 268 1201 et
291 1151 360 1202 ante
382 1147 487 1202 omnia
510 1147 539 1204 in
564 1154 647 1204 certo
680 1149 811 1204 termino
843 1147 985 1220 proxime
1009 1148 1071 1204 iam
1095 1148 1243 1220 preterito
1269 1147 1410 1220 partibus
1434 1165 1503 1222 pre-

237 1250 326 1307 dictis
350 1251 388 1308 ad
413 1253 657 1326 comparendum
681 1269 775 1326 super
798 1254 957 1327 premissis
981 1255 1032 1310 vel
1053 1253 1159 1326 aliquo
1176 1253 1400 1325 premissorum
1419 1254 1503 1311 iusti·

237 1358 316 1414 ciam
349 1359 503 1432 recepturi
532 1360 686 1431 assignato
719 1365 749 1416 et
781 1361 856 1434 ipsis
886 1359 1029 1432 partibus
1060 1359 1255 1432 presentibus
1287 1359 1325 1416 de
1358 1363 1388 1416 et
1411 1375 1504 1433 super

237 1465 312 1537 ipsis
336 1465 471 1521 censuris
495 1470 525 1522 et
548 1467 771 1523 sentenciamm
796 1466 1052 1538 agravacionibus
1076 1471 1105 1522 et
1129 1464 1264 1522 infamiis
1288 1465 1444 1538 predictis,
1468 1482 1503 1523 ac

236 1573 334 1630 eciam
360 1571 398 1628 de
422 1577 451 1628 et
474 1587 569 1644 super
601 1571 720 1630 iniuriis
753 1577 893 1645 pretextu
925 1572 1146 1645 premissarum
1170 1573 1383 1629 obieccionum
1407 1579 1436 1629 et
1460 1573 1504 1630 in·

237 1678 347 1748 lamiis,
379 1694 456 1751 quas
488 1679 554 1752 ipse
585 1677 729 1736 dominus
760 1680 925 1753 episcopus
956 1679 986 1735 in
1018 1679 1156 1735 animum
1191 1684 1417 1751 provocaverat
1451 1685 1504 1736 aut

237 1789 436 1858 provocasset
460 1785 752 1858 quomodocumque
776 1803 831 1859 per
856 1787 939 1858 ipsos
966 1785 1025 1842 sibi
1049 1791 1079 1841 et
1102 1800 1158 1842 suo
1182 1785 1292 1842 honori
1315 1784 1380 1842 lore
1406 1785 1502 1856 lactis,

236 1893 362 1948 volente
394 1891 520 1948 domino
552 1897 582 1948 et
611 1908 667 1948 suo
698 1893 815 1949 auxilio
847 1893 999 1949 altissimo
1030 1891 1126 1948 adiuti
1153 1891 1246 1948 finem
1271 1891 1400 1948 lecimus
1425 1893 1503 1949 inter

236 2000 319 2072 ipsas
341 2003 445 2070 partes
475 1997 654 2069 decisivum,
687 2007 779 2071 prout
810 1999 840 2056 in
864 1999 933 2056 aliis
955 1998 1066 2054 litteris
1089 1997 1201 2054 nostris
1224 1996 1335 2053 exinde
1358 1996 1503 2054 conlectis

236 2103 401 2161 hincinde
436 2104 515 2161 inter
545 2104 628 2176 ipsas
658 2110 763 2178 partes
789 2111 819 2162 et
843 2105 918 2178 ipsis
941 2103 1020 2160 datis
1044 2103 1147 2175 quoad
1170 2103 1297 2176 plenum
1322 2103 1502 2160 continetur.

235 2209 295 2267 Sed
320 2211 394 2283 quia
418 2209 455 2267 de
479 2216 508 2267 et
532 2227 626 2284 super
657 2211 732 2284 ipsis
765 2211 892 2268 decimis
921 2210 959 2268 de
982 2209 1158 2266 Dauidolch
1182 2225 1217 2266 ac
1239 2214 1324 2266 recta
1347 2215 1376 2266 et
1399 2209 1502 2283 equali

237 2317 402 2374 medietate
433 2317 623 2374 decimarum
647 2317 685 2374 de
709 2317 807 2374 vineis
835 2317 981 2374 territorii
1003 2317 1064 2373 vici
1089 2317 1268 2373 Latinorum
1293 2333 1328 2372 ac
1353 2315 1390 2373 de
1413 2316 1503 2374 dictis

235 2424 354 2496 campis
378 2431 407 2480 et
430 2423 521 2480 terris
546 2422 785 2494 Bakanyapolya
808 2429 837 2480 et
861 2421 975 2494 Ztruga
998 2423 1173 2496 appellatis,
1198 2439 1283 2494 quas,
1301 2438 1378 2495 quos
1395 2428 1425 2480 et
1441 2439 1501 2495 que

235 2528 349 2603 prefati
373 2527 499 2592 domini,
524 2535 556 2586 ut
581 2527 758 2601 predicitur,
783 2529 842 2586 sibi
866 2535 894 2586 et
920 2530 1058 2601 ipsorum
1076 2544 1179 2585 mense
1195 2529 1235 2585 ab
1251 2529 1378 2600 antiquo
1395 2523 1500 2606 (perti-

234 2627 350 2711 nuisse)
382 2641 412 2692 et
445 2636 598 2708 pertinere
631 2651 668 2691 ex
701 2650 737 2691 eo
767 2634 880 2692 debere
911 2635 1075 2708 allegando
1107 2636 1284 2692 asserebant
1311 2641 1340 2692 et
1361 2637 1502 2708 ipsorum

234 2741 411 2800 huiusmodi
445 2743 648 2799 assercionem
673 2747 814 2815 porrecta
840 2743 1051 2812 instrumenta,
1075 2747 1108 2798 ut
1132 2741 1294 2816 prefertur,
1318 2743 1502 2815 comproba-

236 2849 328 2917 bant;
357 2848 411 2905 sed
435 2849 507 2921 quia
530 2856 712 2921 negatamen
736 2839 803 2925 (sic)
828 2865 883 2921 per
910 2848 1038 2906 modum
1063 2849 1255 2921 exccpcionis
1279 2853 1309 2905 et
1332 2849 1502 2906 contradic·

235 2955 330 3012 cionis
366 2969 422 3028 per
453 2956 555 3028 ipsum
589 2953 752 3012 dominum
783 2955 945 3028 episopum
977 2961 1006 3012 et
1034 2955 1130 3028 ipsius
1153 2955 1353 3026 allegativam
1378 2955 1407 3010 in
1432 2969 1502 3011 con-

235 3061 365 3119 trarium
396 3061 427 3118 in
458 3062 515 3118 hac
546 3069 633 3135 parte
665 3063 841 3118 extantibus
865 3063 924 3136 ipsi
952 3061 1070 3118 domini
1094 3061 1302 3135 paciebantur,
1326 3061 1367 3118 ob
1391 3061 1449 3117 hoc
1472 3067 1503 3119 et

235 3173 400 3241 propterea
424 3169 616 3241 preallegato
639 3167 766 3225 domino
785 3168 917 3249 Johanni
935 3169 1089 3241 episcop0‚
1111 3161 1368 3244 (pontificalibus)
1385 3168 1501 3239 induto,

235 3275 295 3332 sibi
318 3274 385 3344 soli,
410 3275 440 3330 in
473 3275 590 3332 octavis
618 3275 701 3332 beati
730 3273 852 3331 Andree
875 3275 1010 3348 apostoli
1040 3289 1120 3331 nunc
1151 3273 1288 3330 venturis
1318 3274 1349 3330 in
1372 3273 1501 3330 ecclesia

235 3381 331 3437 sancti
362 3379 510 3455 Stephani
541 3383 629 3453 regis,
664 3382 740 3438 hora
772 3382 936 3438 terciarum
971 3395 1082 3452 magne
1112 3381 1213 3448 misse,
1238 3379 1396 3451 Zagrabie,
1420 3379 1501 3436 iura·

236 3491 376 3543 mentum
400 3486 438 3544 de
462 3488 633 3560 proborum
657 3487 819 3545 hominum
844 3503 879 3544 ac
903 3487 1000 3544 eciam
1025 3501 1214 3544 assessorum
1237 3491 1413 3543 nostrorum
1431 3500 1501 3542 eon·

234 3593 304 3650 silio
328 3591 594 3663 adiudicabamur,
618 3599 652 3650 ut
675 3592 705 3650 id
731 3592 813 3666 quod
838 3593 980 3666 negative
1004 3591 1242 3649 contradicendo
1265 3593 1456 3664 allegaverat
1471 3599 1502 3650 et

234 3699 391 3772 allegabat
407 3700 466 3756 hoc
482 3699 618 3772 idipsum
640 3715 695 3773 per
711 3715 801 3756 suum
817 3699 1021 3756 iuramentale
1037 3703 1261 3756 sacramentum
1274 3699 1500 3772 comprobaret,

234 3803 396 3862 videlicet:
421 3805 505 3878 quod
539 3805 645 3862 eedem
677 3805 795 3863 decime
826 3805 1002 3880 supradicte
1025 3810 1055 3862 et
1078 3805 1181 3878 campi
1204 3811 1233 3861 et
1257 3809 1336 3862 terre
1360 3806 1500 3879 parcium

234 3919 263 3969 et
286 3911 426 3969 locorum
451 3911 671 3984 predictorum,
704 3928 765 3970 non
788 3912 831 3970 ad·
852 3913 936 3986 ipsos
960 3911 1103 3970 dominos
1126 3911 1165 3968 de
1188 3911 1270 3969 dicto
1293 3912 1430 3986 capitulo
1453 3927 1500 3969 za-

233 4017 397 4090 grabiensi,
428 4017 483 4075 sed
514 4033 569 4075 nec
602 4017 641 4075 ad
665 4033 804 4076 mensam
829 4019 968 4092 ipsorum
993 4018 1182 4092 pertinerent
1205 4023 1258 4076 aut
1281 4019 1500 4092 pertinuissent

233 4129 286 4180 aut
308 4123 463 4196 pertinere
487 4122 642 4194 deberent,
666 4123 721 4181 sed
744 4124 847 4182 solum
872 4124 1033 4181 dumtaxat
1057 4124 1096 4180 ad
1120 4124 1223 4198 ipsum
1251 4123 1411 4183 dominum
1436 4125 1500 4198 epi-

234 4244 365 4303 scopum
398 4233 428 4285 et
458 4227 496 4286 ad
528 4245 616 4287 suam
639 4245 778 4288 mensam
803 4231 1011 4305 episcopalem
1036 4235 1065 4287 et
1088 4245 1216 4288 suorum
1246 4231 1500 4304 predecessorum

233 4335 416 4409 pertinuisse
440 4342 470 4393 et
493 4351 705 4393 successorum
730 4353 857 4394 suorum
882 4338 1035 4410 pertinere
1051 4336 1164 4394 debere
1180 4337 1266 4394 omni
1284 4338 1357 4394 iure.
1373 4337 1410 4394 Et
1427 4337 1500 4409 quia

233 4442 338 4515 ipsum
360 4442 539 4500 huiusmodi
562 4443 770 4500 iuramentum
793 4443 896 4518 sepius
920 4459 977 4518 per
999 4459 1055 4500 nos
1078 4443 1244 4516 requisitus
1268 4443 1334 4516 ipse
1357 4443 1500 4501 dominus

233 4548 398 4621 episcopus
429 4547 584 4622 deponere
616 4556 646 4606 et
677 4547 777 4606 lacere
809 4549 904 4606 modo
934 4550 1127 4624 preallegato
1159 4550 1320 4620 recusavit,
1351 4549 1420 4606 ideo
1444 4565 1499 4606 nos

233 4654 433 4727 preallegatis
456 4653 590 4712 dominis
612 4654 651 4712 de
675 4656 812 4730 capitulo
835 4657 1028 4728 zagrabiensi
1051 4655 1089 4714 de
1113 4655 1242 4714 consilio
1264 4661 1293 4712 et
1310 4659 1431 4712 matura
1447 4654 1499 4712 de·

233 4761 419 4818 liberacione
450 4760 654 4819 discretorum
686 4768 716 4819 et
746 4763 920 4836 proborum
952 4764 1114 4821 hominum
1143 4779 1179 4820 ac
1201 4763 1299 4820 eciam
1322 4766 1500 4820 nostrorum

232 4881 422 4925 assessorum
453 4868 484 4925 in
508 4868 565 4925 hac
597 4872 686 4942 parte
718 4868 847 4926 consilio
879 4869 1042 4927 nobiscum
1065 4870 1096 4926 in
1120 4869 1233 4926 iudicio
1264 4868 1500 4926 consedentium

232 4974 271 5031 de
296 4979 325 5031 et
349 4987 443 5047 super
466 4974 542 5048 ipsis
575 4973 702 5033 decimis
726 4975 764 5032 de
786 4975 962 5034 Dauidolch
992 4991 1027 5033 ae
1050 4981 1133 5034 recta
1156 4981 1186 5032 et
1209 4975 1313 5048 equali
1336 4973 1499 5031 medietate
