3600 5804
378 582 416 640 88
799 581 871 637 Dor.
897 594 964 657 105.
992 614 1029 621 -
1055 581 1110 638 An.
1136 593 1220 658 1315.

376 777 498 850 aliquos
522 778 603 835 ultra
620 794 713 836 unam
729 778 844 836 dietam
860 796 878 836 a
895 779 956 836 fine
972 779 1101 837 diocesis
1120 781 1288 838 eorundem
1307 781 1428 838 trahere
1444 785 1645 853 presumant;

377 899 430 939 seu
454 883 535 956 quod
561 883 599 940 de
626 885 703 954 aliis,
728 901 821 957 quam
839 885 878 942 de
893 884 1063 943 manifestis
1079 885 1198 943 iniuriis
1212 893 1241 943 et
1257 886 1420 956 violentiis
1445 890 1475 942 et
1492 883 1573 950 aliis,
1589 899 1646 956 que

376 988 552 1046 iudicialem
570 989 745 1062 indaginem
762 992 896 1063 exigunt,
913 993 1000 1065 penis
1017 992 1047 1049 in
1063 1007 1123 1062 eos,
1139 992 1167 1048 si
1183 1007 1269 1050 secus
1285 993 1410 1064 egerint,
1427 997 1457 1048 et
1474 993 1506 1049 in
1529 990 1560 1047 id
1579 1003 1646 1063 pro-

376 1103 517 1151 curantes
529 1094 663 1167 adiectiS,
677 1103 907 1154 conservatores
920 1113 952 1154 se
967 1097 1144 1155 nullatenus
1161 1097 1372 1167 intromittant,
1389 1103 1418 1154 et
1436 1103 1500 1154 tam
1519 1095 1558 1153 de
1575 1095 1646 1152 dua-

376 1201 435 1256 bus
452 1199 541 1258 dietis
562 1202 592 1260 in
609 1203 739 1259 concilio
756 1204 901 1275 generali,
918 1203 1090 1260 dummodo
1106 1204 1188 1261 ultra
1204 1205 1328 1261 tertiam
1344 1204 1394 1261 vel
1424 1208 1570 1276 quartam
1587 1201 1646 1258 die·

377 1315 440 1364 tam
457 1307 571 1379 aliquis
587 1314 673 1365 extra
688 1323 777 1365 suam
794 1309 951 1366 civitatem
969 1315 996 1366 et
1014 1308 1161 1368 diocesim
1181 1310 1362 1368 auctoritate
1379 1311 1573 1382 presentium
1588 1323 1644 1364 non

378 1415 526 1474 trahatur.
551 1429 646 1486 quam
670 1414 739 1471 aliis
762 1415 1010 1488 quibuscumque
1036 1415 1304 1474 constitutionibus
1335 1431 1352 1472 a
1376 1409 1646 1489 predecessoribus

377 1520 497 1588 nostris,
515 1519 661 1576 Romanis
678 1519 885 1592 pontificibus,
902 1527 966 1578 tam
982 1521 1021 1578 de
1037 1521 1190 1578 iudicibus
1208 1520 1357 1594 delegatis
1373 1537 1468 1594 quam
1483 1534 1645 1577 conserva·

377 1627 498 1683 toribus
521 1631 572 1682 aut
596 1625 665 1682 aliis
689 1625 786 1697 editis,
804 1643 863 1699 que
880 1637 982 1684 vestre
1005 1633 1129 1700 possent
1145 1628 1177 1685 in
1193 1628 1250 1685 hac
1266 1633 1354 1701 parte
1370 1625 1575 1684 iurisdictioni
1596 1630 1646 1680 aut

379 1732 522 1804 potestati
540 1733 666 1804 eiusque
682 1732 783 1790 libero
799 1735 945 1790 exercitio
961 1733 1197 1806 quomodolibet
1213 1733 1356 1802 obviare;
1378 1748 1431 1789 seu
1447 1733 1473 1789 si
1489 1731 1645 1804 aliquibus

377 1838 583 1896 communiter
606 1837 658 1895 vel
674 1837 800 1896 divisim
816 1853 833 1896 a
849 1839 987 1914 predicta
1003 1841 1043 1898 sit
1066 1839 1137 1897 sede
1153 1839 1318 1908 indultum,
1336 1838 1418 1912 quod
1437 1837 1645 1896 excommuni-

378 1945 449 2002 cari.
476 1942 623 2018 suspendi
648 1945 700 2002 vel
720 1944 868 2014 interdici,
893 1962 945 2004 seu
969 1953 1056 2003 extra
1079 1947 1130 2003 vel
1155 1947 1236 2004 ultra
1252 1949 1334 2004 certa
1355 1945 1424 2003 loca
1439 1945 1479 2002 ad
1499 1943 1644 2002 iudicium

380 2050 502 2107 evocari
518 2065 579 2108 nou
594 2052 713 2124 possint
729 2067 786 2124 per
801 2053 919 2108 litteras
942 2053 1127 2125 apostolicas
1143 2067 1204 2110 non
1225 2051 1369 2109 facientes
1393 2051 1518 2125 plenam
1542 2055 1573 2106 et
1596 2064 1645 2105 ex·

379 2171 526 2229 pressam,
551 2171 585 2214 ac
604 2156 643 2215 de
666 2158 763 2215 verbo
787 2157 827 2215 ad
851 2158 982 2215 verbum
999 2157 1038 2215 de
1054 2157 1174 2216 indulto
1191 2156 1377 2228 huiusmodi,
1400 2163 1430 2214 et
1453 2170 1559 2214 eorum
1578 2169 1643 2227 per-

379 2261 470 2326 sonis,
498 2262 582 2332 locis,
600 2261 761 2320 ordinibus
775 2267 804 2320 et
821 2263 997 2320 nominibus
1013 2264 1149 2337 propriis
1173 2263 1370 2332 mentionem,
1387 2269 1415 2319 et
1432 2263 1569 2335 qualibet
1585 2259 1644 2316 alia

380 2365 570 2440 indulgentia
591 2367 670 2426 dicte
686 2369 767 2426 sedis
782 2370 917 2442 generali
934 2370 985 2426 vel
1001 2369 1137 2444 speciali,
1154 2371 1374 2442 cuiuscumque
1390 2369 1504 2426 tenoris
1527 2368 1642 2429 existat

380 2486 437 2543 per
459 2487 553 2543 quam
577 2474 771 2545 presentibus
793 2489 853 2531 non
878 2490 1055 2547 expressam
1080 2475 1131 2531 vel
1155 2479 1220 2531 toto
1238 2481 1342 2532 tenore
1358 2490 1419 2532 non
1435 2475 1578 2531 insertam
1596 2487 1643 2527 ve·

380 2581 442 2632 stre
459 2576 676 2635 iurisdictionis
693 2579 860 2652 explicatio
884 2581 914 2636 in
938 2581 995 2637 hac
1015 2587 1103 2654 parte
1122 2580 1226 2637 valeat
1242 2580 1477 2652 quomodolibet
1493 2576 1642 2652 impediri,

381 2687 410 2738 et
426 2680 464 2738 de
481 2697 542 2754 qua
559 2684 706 2756 cuiusque
730 2689 793 2742 toto
817 2691 922 2743 tenore
946 2685 983 2742 de
1007 2687 1105 2743 verbo
1128 2685 1167 2743 ad
1191 2686 1324 2743 verbum
1348 2685 1378 2742 in
1402 2685 1514 2744 nostris
1537 2683 1642 2742 litteris

381 2787 523 2844 habenda
546 2789 584 2845 sit
601 2791 716 2847 mentio
732 2792 883 2864 specialis.
900 2791 1045 2849 Ceterum
1067 2793 1212 2849 volumus
1228 2797 1258 2849 et
1276 2791 1447 2865 apostolica
1470 2791 1642 2848 auctoritate

382 2893 584 2963 decernimus,
609 2894 691 2968 quod
715 2897 847 2969 quilibet
863 2903 1001 2954 vestrum
1023 2898 1169 2971 prosequi
1185 2878 1288 2954 valeat
1303 2898 1469 2955 articulum
1484 2897 1574 2954 etiam
1592 2909 1643 2968 per

382 3000 478 3056 alium
502 3001 687 3073 inchoatum,
712 3005 855 3075 quamvis
879 3003 961 3061 idem
978 3005 1123 3062 inchoans
1138 3005 1226 3062 nullo
1243 3003 1335 3061 fuerit
1357 3001 1576 3077 impedimento
1596 3015 1642 3056 ca-

382 3105 492 3162 nonico
515 3106 689 3178 impeditus
714 3108 859 3182 quodque
883 3125 900 3166 a
916 3109 986 3167 data
1004 3112 1192 3184 presentium
1209 3111 1247 3168 sit
1263 3110 1353 3168 vobis
1370 3115 1400 3167 et
1419 3109 1580 3181 unicuique
1594 3121 1642 3162 ve·

383 3217 482 3268 strum
505 3211 536 3267 in
559 3214 718 3286 premissis
735 3216 878 3272 omnibus
894 3221 1044 3274 eteorum
1063 3217 1192 3289 singulis
1213 3217 1310 3290 ceptis
1331 3221 1360 3273 et
1383 3230 1444 3273 non
1461 3215 1562 3288 ceptis
1577 3227 1643 3287 pre·

384 3317 521 3374 sentibus
534 3323 563 3374 et
583 3317 693 3376 futuris
710 3327 891 3394 perpetuata
903 3327 1039 3396 potestas
1056 3328 1084 3380 et
1101 3322 1271 3381 iurisdictio
1287 3323 1444 3390 attributa,
1458 3327 1490 3378 ut
1506 3321 1535 3378 in
1550 3335 1584 3377 eo
1602 3317 1643 3374 vi·

384 3439 458 3496 gore
482 3439 578 3496 eaque
602 3425 749 3484 firmitate
772 3429 896 3502 possitis
921 3430 950 3486 in
970 3429 1130 3502 premissis
1150 3429 1295 3487 omnibus
1311 3429 1408 3502 ceptis
1425 3435 1454 3484 et
1470 3442 1529 3484 non
1544 3425 1642 3498 ceptis,

385 3531 580 3604 presentibus
596 3537 625 3588 et
641 3531 753 3590 suturis
776 3539 805 3590 et
821 3550 879 3607 pro
896 3535 1041 3608 predictis
1058 3534 1233 3608 procedere,
1255 3535 1331 3592 acsi
1348 3533 1487 3607 predicta
1503 3532 1601 3589 omnia
1616 3534 1642 3586 et

385 3637 506 3708 singula
530 3653 635 3696 coram
658 3639 749 3698 vobis
782 3647 869 3715 cepta
897 3641 1032 3713 fuissent,
1056 3647 1085 3698 et
1108 3641 1278 3698 iurisdictio
1309 3647 1412 3698 vestra
1436 3645 1466 3697 et
1489 3637 1644 3696 cuiuslibet

384 3749 524 3800 vestrum
557 3746 587 3802 iu
614 3745 760 3819 predictis
791 3749 934 3805 omnibus
958 3753 987 3806 et
1011 3747 1140 3820 singulis
1168 3763 1225 3821 per
1247 3748 1422 3804 citationem
1448 3747 1498 3803 vel
1522 3743 1644 3802 modum

387 3847 484 3904 alium
502 3857 684 3922 perpetuata
699 3852 874 3925 legitimum
891 3854 1062 3912 exstitisset.
1080 3853 1303 3911 Constitutione
1319 3852 1459 3926 predicta
1474 3867 1565 3926 super
1579 3864 1644 3906 con·

386 3956 596 4012 servatoribus
620 3961 649 4013 et
673 3959 734 4015 alia
757 3959 896 4030 qualibet
913 3961 942 4016 in
967 3961 1155 4018 contrarium
1179 3959 1261 4016 edita
1284 3974 1344 4016 non
1367 3959 1516 4016 obstante.
1538 3957 1643 4014 Datum

386 4060 543 4133 Montiliis‚
567 4062 851 4137 Carpentoratensis
874 4065 1011 4137 diocesis,
1032 4066 1095 4124 Xll.
1120 4065 1179 4124 kal.
1202 4066 1342 4124 Ianuarii.
1366 4067 1455 4122 Anno
1478 4063 1571 4121 Nono.

474 4178 496 4227 E
514 4195 569 4244 reg.
590 4179 658 4246 orig.
677 4195 716 4232 an.
736 4181 785 4232 IX.
806 4199 844 4248 ep.
864 4193 905 4244 43.
926 4187 956 4233 Α.
977 4183 1097 4234 Theiner.
1117 4183 1187 4234 Mon.
1207 4184 1295 4250 Hung.
1315 4183 1374 4233 hist.
1395 4182 1415 4232 1.
1435 4198 1460 4248 p.
1481 4195 1539 4244 444

973 4397 1061 4464 103.

496 4534 571 4584 Anno
593 4542 667 4593 1315,
687 4545 730 4589 21.
752 4519 811 4588 mai.
830 4537 982 4604 Zagrabiae.

372 4679 513 4736 'Fratres
536 4675 754 4732 Praedicatorer
776 4670 892 4742 zagrub.
909 4670 1113 4742 possessionem
1136 4669 1243 4726 Blizna
1266 4686 1348 4744 „cum
1363 4663 1505 4725 montibus
1530 4661 1648 4734 Warlreg

634 4781 759 4838 vocatis“
784 4776 896 4834 cunilam
918 4775 1055 4846 liettoldo,
1078 4777 1108 4832 in
1124 4777 1235 4849 pignus
1257 4777 1400 4833 collocant.

478 4928 541 4984 Nos
557 4925 730 5000 capitulum
746 4921 873 4979 ecclesie
889 4919 1109 4992 Zagrabiensis.
1133 4921 1281 4978 Memoria
1297 4917 1548 4976 commendantes
1563 4912 1649 4987 signi·

390 5034 519 5092 ficamus
552 5037 655 5089 tenore
687 5010 881 5104 presencium
913 5026 1026 5101 quibus
1049 5025 1175 5098 expedit
1198 5025 1358 5094 universis,
1383 5023 1466 5096 quod
1490 5021 1649 5094 religiosus
