3782 5812
773 519 845 574 Doc.
869 529 916 592 27.
940 511 991 575 28.
1021 549 1056 557 —
1083 515 1138 572 An.
1163 528 1249 590 1252.

486 768 535 816 An.
552 774 627 823 1252,
640 765 664 815 8.
678 763 744 813 febr.
759 761 870 812 Perusii.
984 709 1043 777 2⁷⁸

380 894 562 950 Innocentius
584 893 609 950 J
613 893 642 949 V.
666 892 763 966 Papa,
787 891 912 948 concedit
932 890 1057 964 copinclo
1079 890 1207 962 angrob„
1231 898 1264 946 nt
1287 890 1330 946 ad
1348 891 1472 965 aliquem
1494 893 1556 948 sine
1578 893 1649 948 rcci-

372 1001 512 1074 piendnm
535 1001 595 1056 sive
610 995 782 1073 praebenda
806 998 854 1054 vel
874 997 1013 1070 beneficiis
1043 997 1234 1052 ecclesiasticis
1257 997 1477 1069 providendum,
1501 1015 1521 1053 α
1545 999 1650 1070 legatis

764 1104 925 1178 apostolicis
947 1103 1077 1177 compelli
1096 1122 1152 1159 non
1168 1105 1269 1177 possit.

469 1251 662 1308 Innocentius
686 1249 850 1322 episcopus
874 1263 983 1305 servus
1007 1262 1171 1305 servorum
1192 1247 1249 1304 dei.
1266 1247 1444 1305 Venerabili
1461 1246 1550 1305 fratri
1566 1242 1650 1324 (Phi-

382 1348 483 1432 lippo)
504 1356 651 1429 episcopo
675 1361 704 1411 et
727 1353 848 1411 dilectis
872 1353 946 1410 filiis
962 1353 1100 1426 capitulo
1115 1353 1314 1425 zagrabiensi,
1332 1353 1464 1410 salutem
1481 1361 1511 1410 et
1526 1365 1651 1426 aposto·

382 1462 474 1519 licam
499 1459 751 1517 benedictionem.
776 1458 923 1517 Volentes
946 1459 1038 1516 vobis
1061 1465 1091 1515 et
1121 1459 1248 1516 ecclesie
1264 1466 1365 1516 vestre
1380 1474 1398 1515 a
1414 1451 1651 1531 gravaminibus

383 1574 413 1626 et
436 1567 596 1636 molestiis,
612 1575 762 1638 quantum
779 1581 850 1622 cum
867 1565 925 1621 deo
941 1580 1115 1638 possumus,
1132 1579 1307 1637 precavere,
1324 1564 1480 1621 devotioni
1497 1570 1652 1622 vestreae

384 1674 484 1732 eidem
507 1673 643 1742 ecclesie,
667 1672 779 1728 vestris
802 1672 940 1728 inclinati
963 1671 1116 1744 precibus,
1140 1669 1354 1743 indulgemus:
1378 1677 1412 1727 ut
1435 1670 1474 1726 ad
1499 1671 1651 1744 receptio

385 1798 456 1840 nem
476 1781 528 1838 vel
552 1779 764 1854 provisionem
788 1779 959 1850 cuiuspiam
985 1779 1015 1834 in
1046 1776 1213 1850 prebendis
1243 1779 1295 1834 vel
1326 1777 1485 1834 beneficiis
1507 1778 1651 1834 eeclesia-

384 1889 467 1946 sticis
490 1904 544 1945 seu
567 1885 767 1960 pensionibus
790 1901 847 1958 per
870 1885 1039 1958 apostolice
1062 1884 1143 1942 sedis
1168 1885 1218 1941 vel
1240 1885 1413 1957 legatorum
1432 1886 1528 1958 ipsius
1545 1885 1652 1942 literas

384 1997 575 2068 impetratas,
599 2008 655 2065 per·
678 2007 755 2064 quas
778 2007 838 2048 non
862 1992 901 2047 sit
931 1992 978 2048 ius
1008 1991 1193 2063 acquisitum
1225 1992 1326 2060 alicui,
1354 1992 1405 2048 vel
1437 1991 1530 2048 etiam
1552 1991 1652 2063 impe-

386 2100 510 2158 trandas
534 2099 743 2170 cuiuscunque
767 2098 880 2154 tenoris
904 2098 1044 2167 existant,
1068 2099 1217 2171 compelli
1241 2096 1279 2155 de
1310 2104 1412 2154 cetero
1433 2113 1494 2154 non
1517 2097 1653 2170 possitis

385 2209 443 2266 nisi
467 2205 574 2264 eedem
598 2205 767 2278 apostolice
791 2205 878 2260 litere
903 2204 1096 2276 impetrande
1120 2205 1247 2277 plenam
1270 2210 1300 2262 et
1323 2220 1502 2278 expressam
1525 2203 1563 2261 de
1580 2219 1654 2260 con·

387 2313 512 2371 tinentia
543 2309 682 2367 eiusdem
709 2309 899 2382 indulgentie
930 2309 1056 2367 fecerint
1089 2311 1284 2368 mentionem.
1318 2310 1405 2367 Nulli
1428 2325 1502 2382 ergo
1526 2311 1654 2366 omnino

385 2419 549 2477 hominum
570 2417 660 2473 liceat
687 2417 766 2473 hanc
797 2417 943 2489 paginam
975 2421 1078 2473 nostre
1108 2418 1312 2474 concessionis
1344 2416 1512 2489 infringere
1540 2417 1591 2472 vel
1624 2417 1654 2472 ei

384 2541 460 2583 ausu
484 2523 651 2581 temerario
674 2523 833 2580 contraire.
858 2520 889 2579 Si
913 2523 982 2595 quis
1007 2527 1110 2578 autem
1133 2523 1191 2579 hoc
1215 2528 1399 2596 attemptare
1419 2521 1655 2595 presumpserit,

384 2630 628 2703 indignationem
658 2629 879 2701 omnipotentis
910 2627 960 2685 dei
992 2633 1022 2685 et
1053 2628 1216 2686 beatorum
1247 2627 1329 2685 Petri
1361 2634 1390 2685 et
1420 2628 1508 2685 Pauli
1531 2632 1657 2701 aposto-

385 2739 489 2796 lorum
516 2736 581 2792 eius
604 2751 635 2792 se
658 2735 780 2792 noverit
804 2735 1007 2792 incursurum.
1032 2735 1148 2791 Datum
1181 2734 1299 2792 Perusii
1323 2735 1380 2792 VII
1404 2733 1473 2792 idus
1496 2733 1656 2791 februan'i.

389 2841 586 2900 Pontificatus
609 2847 712 2898 autem
736 2841 833 2898 nostri
856 2856 935 2897 anno
958 2855 1047 2898 nona.

474 2976 557 3026 Liber
577 2976 644 3042 priv.
665 2982 783 3041 eppatus.
803 2978 906 3043 zagrab.
927 2993 952 3042 p.
973 2978 1014 3028 82.
1034 2977 1118 3044 Typis
1138 2977 1259 3043 vulgavit
1276 2978 1350 3043 Joan.
1372 2976 1489 3026 Tkaldic'.
1509 2977 1579 3026 Mon.
1593 2976 1657 3026 hist.

383 3065 464 3129 episc.
484 3065 590 3129 zagrab.
611 3081 633 3114 v.
653 3063 673 3113 1.
694 3081 718 3129 p.
741 3075 782 3127 93.

494 3315 542 3363 An.
566 3323 639 3372 1252,
660 3323 700 3362 20.
714 3313 780 3362 febr.
794 3313 905 3364 Perusii.
990 3279 1074 3349 28·-

388 3441 571 3496 Innocentius
594 3441 617 3496 l
621 3440 649 3496 V.
675 3440 772 3518 Papa,
795 3443 948 3516 confirmat
968 3442 1095 3516 episcopo
1114 3441 1299 3514 nagrabr'ense'
1308 3441 1509 3514 possessionem
1524 3441 1660 3514 aliquam

456 3553 550 3619 prope
575 3545 753 3618 Zagrabiom
777 3547 872 3622 (hodie
894 3547 1106 3622 Medvedgrad)
1130 3567 1149 3604 a
1172 3566 1238 3620 rege
1260 3548 1334 3604 Belo
1358 3546 1414 3602 IV.
1437 3547 1580 3602 donatam.

478 3691 675 3750 innocencius
699 3693 863 3765 episcopus
886 3709 994 3749 servus
1012 3708 1175 3750 servorum
1198 3692 1255 3749 dei.
1272 3691 1452 3748 Venerabili
1472 3690 1558 3749 fratri
1576 3686 1663 3770 (Phi-

391 3787 491 3872 lippo)
507 3797 653 3870 episeopo
676 3798 867 3870 zagrabiensi
892 3799 1024 3854 salutem
1048 3804 1077 3855 et
1100 3799 1303 3872 apostolicam
1328 3797 1581 3855 benedictionem.
1604 3799 1661 3881 Ju-

391 3903 446 3959 stis
463 3903 632 3975 petentium
656 3901 816 3960 desideriis
840 3903 968 3976 dignum
987 3911 1032 3961 est
1048 3919 1102 3961 nos
1126 3903 1249 3961 facilem
1272 3905 1405 3977 prebere
1422 3919 1604 3961 consensum
1628 3911 1661 3962 et

391 4012 472 4078 vota,
497 4024 556 4080 que
579 4024 597 4064 a
620 4009 747 4065 rationis
770 4011 893 4067 tramite
917 4025 976 4067 non
1001 4009 1186 4080 discordant,
1211 4010 1323 4068 effectu
1347 4015 1553 4082 prosequente
1576 4025 1662 4068 com-

392 4114 487 4188 plere.
518 4113 610 4170 Lecta
634 4113 761 4186 quidem
785 4131 889 4172 coram
913 4117 1003 4174 nobis
1026 4121 1079 4173 tua
1101 4116 1209 4190 petitio
1233 4117 1418 4188 continebat,
1461 4115 1543 4190 quod
1568 4117 1663 4173 earis-

394 4221 491 4278 simus
514 4220 545 4276 in
569 4219 693 4277 Christo
717 4220 801 4278 filius
822 4228 925 4279 noster
947 4214 1053 4301 Blela),
1077 4222 1235 4296 Hungarie
1258 4239 1314 4280 rex
1338 4223 1478 4284 illustris.
1502 4221 1663 4294 quandam

395 4326 629 4400 possessionem,
654 4341 753 4399 prope
776 4326 968 4400 Zagrabiam,
995 4329 1033 4386 ad
1057 4345 1090 4386 se
1113 4329 1325 4403 pertinentem,
1350 4345 1410 4401 que
1429 4345 1509 4386 nunc
1525 4335 1660 4387 castrum

394 4433 533 4507 episcopi
556 4433 742 4506 appellatur,
766 4435 957 4504 zagrabiensi
980 4436 1107 4493 ecclesie
1131 4437 1183 4509 pia
1207 4436 1395 4493 liberalitate
1411 4435 1546 4507 donavit,
1567 4444 1663 4510 prout

394 4541 424 4598 in
448 4539 545 4613 ipsius
569 4539 667 4596 literis
691 4538 836 4596 confectis
860 4541 969 4598 exinde
992 4542 1115 4615 plenius
1138 4541 1249 4599 dicitur
1276 4542 1432 4599 contineri.
1464 4541 1526 4599 Nos
1556 4543 1663 4614 itaque

396 4647 457 4704 tuis
481 4646 761 4720 supplicationibus
785 4647 931 4720 inclinati,
955 4649 1151 4706 donationem
1175 4649 1285 4722 ipsam,
1309 4649 1387 4706 sicut
1411 4648 1461 4721 pie
1477 4663 1513 4705 ac
1530 4646 1663 4720 provide

398 4752 479 4810 tacta
502 4757 556 4823 est,
580 4757 680 4809 ratam
703 4752 851 4811 habentes
875 4759 905 4811 et
928 4761 1057 4826 gratam,
1081 4755 1170 4812 illam
1193 4755 1374 4812 auctoritate
1397 4754 1567 4828 apostolica
1590 4767 1663 4811 con-

398 4859 561 4916 firmamus
578 4867 607 4915 et
623 4860 773 4932 presentis
788 4861 895 4934 scripti
912 4861 1081 4933 patrocinio
1099 4861 1334 4919 communimus.
1351 4860 1438 4918 Nulli
1451 4875 1524 4933 ergo
1536 4861 1665 4918 omnino

397 4965 557 5021 hominurn
589 4964 678 5021 liceat
701 4965 780 5022 hanc
803 4967 949 5040 paginam
972 4973 1075 5024 nostre
1098 4966 1344 5024 confirmacionis
1368 4965 1534 5039 infringere
1557 4965 1607 5023 vel
1632 4968 1663 5025 ei
