3600 5804
589 574 662 631 Doc.
686 588 758 652 204.
785 608 821 618 -
847 575 903 632 An.
928 572 1018 653 1346.
1379 579 1437 652 183

183 771 332 840 tributum,
356 771 434 827 sicut
458 770 517 830 ¹luit
539 773 616 829 alias
639 779 828 831 consuetum.
852 775 938 844 item,
962 773 1000 830 de
1021 775 1161 846 quolibet
1178 791 1269 832 curru
1286 790 1434 846 asserum,

183 891 253 932 unus
275 891 372 944 asser;
397 883 426 932 et
450 876 489 933 de
520 879 662 950 quolibet
694 895 786 936 curru
818 881 1011 952 plancarum,
1036 880 1158 950 obulus,
1181 887 1309 953 pensato
1332 881 1440 940 valore

181 985 281 1040 talium
305 983 476 1042 secundum
505 985 605 1042 maius
636 992 665 1042 et
696 987 806 1058 minus,
838 1002 963 1060 semper
993 987 1102 1059 previa
1133 987 1255 1044 racione
1265 1006 1273 1057 ;
1302 986 1340 1044 de
1370 988 1440 1045 aliis

183 1105 249 1146 xero
273 1089 491 1160 lignaminibus
522 1089 561 1147 ad
596 1091 717 1148 edificia
749 1092 995 1165 competentibus
1019 1092 1070 1148 vel
1102 1092 1281 1149 necessariis
1304 1091 1342 1149 ad
1367 1107 1440 1165 que-

184 1211 305 1266 cumque
329 1195 472 1252 utensilia
495 1197 633 1254 intranea
664 1198 715 1254 vel
745 1206 889 1255 extranea
908 1197 946 1254 de
978 1198 1107 1269 singulis
1138 1197 1289 1267 curribus,
1315 1197 1439 1268 obulus,

185 1302 309 1358 maxime
332 1317 402 1358 curn
427 1303 605 1360 huiusmodi
629 1303 798 1376 lignamina
823 1310 854 1360 ut
879 1304 1051 1377 plurimum
1067 1302 1105 1360 de
1121 1303 1209 1361 silvis
1232 1303 1330 1376 ipsius
1353 1304 1437 1376 eapi-

186 1407 236 1463 tuli
257 1406 414 1464 ducantur.
439 1407 526 1478 Item,
550 1409 683 1480 quilibet
706 1425 795 1467 suam
819 1409 916 1466 vitam
939 1409 1053 1466 ducens
1077 1423 1149 1466 cum
1171 1409 1277 1481 aliqua
1299 1413 1364 1465 arte
1389 1409 1439 1466 vel

186 1513 358 1585 magisterio,
381 1514 447 1571 sive
471 1515 510 1570 sit
535 1515 714 1572 tabernator
745 1522 837 1588 potus
867 1516 1096 1587 cuiuscumque,
1127 1514 1193 1572 sive
1225 1513 1363 1587 pellifex,
1387 1521 1440 1570 aut

186 1619 349 1690 luciligulus
380 1636 453 1678 cum
483 1621 640 1678 similibus
671 1627 791 1679 tenetur
821 1621 943 1678 solvere
973 1637 1031 1694 pro
1062 1621 1180 1678 tributo
1211 1621 1371 1677 annuatim
1400 1619 1438 1676 ad

187 1724 286 1781 iestum
308 1725 477 1783 nativitatis
500 1726 619 1784 domini
643 1727 779 1800 quinque
803 1726 954 1798 denarios,
978 1735 1008 1784 et
1030 1727 1174 1784 similiter
1196 1726 1235 1784 ad
1254 1725 1367 1784 iestum
1392 1742 1439 1783 re·

186 1832 374 1889 surreccionis
397 1832 536 1890 eiusdem
559 1840 589 1890 et
612 1833 721 1890 eodem
746 1833 840 1890 modo
864 1832 904 1890 ad
927 1833 1041 1890 festum
1074 1834 1156 1890 beati
1178 1833 1260 1906 regis
1283 1831 1438 1906 Stephani.

186 1939 261 2008 ltem,
283 1939 362 2012 quod
388 1941 413 1996 si
438 1940 543 2012 alique
566 1957 615 1998 res
638 1941 781 2015 superius
803 1955 864 1997 non
889 1956 1033 2013 expresse
1049 1939 1202 1997 ducantur
1221 1938 1439 2010 undecumque

185 2050 212 2101 et
232 2045 445 2118 cuiuscumque
475 2047 571 2119 precii
603 2048 743 2118 existant,
774 2047 812 2104 de
843 2047 957 2119 quibus
988 2046 1075 2118 quasi
1107 2045 1219 2118 ignotis
1241 2061 1300 2102 non
1325 2045 1441 2102 recole·

186 2153 268 2208 batur
289 2152 440 2209 tributum
465 2168 531 2209 esse
553 2161 723 2226 receptum,
747 2152 933 2225 quandoque
956 2151 994 2208 de
1017 2151 1111 2208 rebus
1135 2149 1312 2209 huiusmodi
1329 2151 1440 2222 ignotis

186 2258 231 2314 vel
252 2273 309 2315 non
332 2259 487 2316 consvetis
509 2259 599 2317 valor
622 2259 805 2330 attendatur,
830 2263 859 2316 et
883 2259 926 2316 sic
946 2258 1053 2335 habita
1069 2257 1266 2315 estimacione
1286 2255 1439 2328 condigna

184 2365 339 2434 communi,
363 2379 436 2438 pars
460 2365 626 2422 centesima
654 2365 821 2438 recipiatur
851 2379 909 2438 pro
943 2363 1060 2421 tributo
1081 2363 1112 2420 in
1135 2361 1278 2432 denariis,
1302 2359 1440 2418 conside·
1511 2431 1514 2440 Ι

184 2470 295 2526 racione
318 2470 424 2527 habita
449 2471 565 2528 valoris
588 2469 795 2543 denariorum,
827 2470 922 2528 modo
954 2485 1016 2542 quo
1047 2484 1151 2542 supra,
1176 2473 1206 2525 et
1229 2461 1279 2546 (si)
1302 2467 1436 2525 solventi

183 2575 324 2648 placuerit
347 2575 385 2633 de
409 2575 525 2634 eisdem
548 2577 642 2634 rebus
665 2583 787 2650 partem
819 2577 1018 2634 centesimam
1042 2573 1212 2632 tributariis
1235 2573 1333 2647 ipsius
1356 2573 1440 2647 capi-

184 2680 235 2738 tuli
256 2682 470 2755 zagrabiensis,
493 2683 642 2740 exsolvat,
673 2681 741 2739 Hoc
771 2684 868 2740 eciam
900 2688 946 2739 est
976 2686 1143 2755 repertum,
1175 2678 1259 2752 quod
1282 2679 1439 2736 tributarii

184 2788 274 2860 ipsius
295 2789 423 2862 capituli
446 2787 583 2846 adinstar
613 2789 851 2846 tributariorum
881 2787 1000 2846 domini
1031 2777 1137 2865 (regis)
1168 2793 1297 2860 possunt
1328 2793 1357 2843 et
1385 2785 1439 2842 de-

186 2895 258 2966 bent„
280 2896 334 2953 ubi
357 2897 401 2952 eis
424 2911 546 2952 necesse
569 2894 671 2966 fuerit,
695 2895 761 2953 sive
784 2897 815 2953 in
838 2900 943 2952 monte
966 2891 1113 2951 Grecensi
1136 2892 1202 2950 sive
1221 2891 1307 2961 alias,
1331 2892 1362 2949 in
1387 2892 1439 2949 via

184 3008 210 3057 et
231 3001 414 3074 ubicumque
437 3001 589 3075 impedire
613 3017 662 3058 res
685 3008 715 3058 et
738 3002 819 3059 bona
842 3005 1058 3070 mercatorum,
1082 2999 1137 3071 qui
1160 2998 1203 3055 eis
1227 2995 1266 3055 ad
1290 2997 1440 3055 solvenda

185 3109 290 3165 tributa
321 3109 510 3180 obligantur.
540 3107 630 3166 Unde
661 3123 716 3165 nos
747 3113 905 3181 presentes
936 3107 1054 3163 litteras
1084 3111 1205 3162 nostras
1236 3108 1373 3178 patentes
1401 3103 1439 3160 ad

186 3216 325 3272 maiorem
356 3215 511 3272 cautelam
542 3215 602 3288 ipsi
633 3215 770 3288 capitulo
805 3212 1006 3286 zagrabyensi
1041 3210 1187 3268 duximus
1221 3209 1439 3268 concedendas.

184 3319 290 3377 Datum
313 3320 389 3378 feria
413 3329 524 3394 quarta
547 3321 691 3394 proxima
714 3326 783 3377 ante
807 3319 994 3385 dominicam
1018 3317 1125 3374 Ramis
1141 3316 1327 3390 palmarum.
1351 3321 1440 3374 Anno

185 3423 292 3483 domini
316 3427 485 3484 millesimo
509 3426 643 3484 CCCXL
665 3433 760 3484 sexto,

263 3561 400 3628 Originale
421 3562 447 3611 in
466 3562 625 3620 membrana,
645 3561 765 3627 sigillum
783 3561 899 3627 deperiit
918 3568 944 3612 et
962 3576 1033 3611 zona.
1052 3559 1084 3610 In
1102 3558 1212 3610 archivo
1233 3574 1288 3609 ven.
1309 3559 1387 3624 capit.
1400 3575 1439 3609 za-

187 3649 253 3713 grab.
273 3649 331 3699 iasc.
355 3659 392 3699 10.
412 3665 450 3698 nr.
468 3651 510 3711 48.

279 3901 353 3948 Anno
378 3900 451 3958 1346-
763 3845 856 3911 204.

189 4025 341 4100 Capitulum
363 4028 480 4102 aagrnb.
505 4027 538 4083 de
566 4027 644 4084 villas
667 4026 786 4100 Kobilja
809 4034 838 4082 et
855 4025 1000 4100 Szu'bljan,
1025 4027 1107 4100 apud
1122 4025 1315 4085 Laurentium
1338 4033 1439 4082 tavar-

184 4131 267 4188 m'cum
289 4141 387 4190 contra
409 4133 635 4188 communitatem
657 4132 782 4188 ciuitatis
816 4131 986 4189 Greclrcusis
1009 4133 1085 4189 litem
1116 4133 1245 4202 tutundit,
1268 4133 1297 4188 in
1320 4149 1379 4206 qua
1402 4132 1439 4187 ci-

386 4240 462 4296 vitas
484 4238 605 4312 suffulta
621 4239 787 4312 privilegiis
809 4239 963 4312 regalibus,
985 4257 1102 4296 causam
1124 4239 1234 4297 obtinet.

261 4382 399 4454 Quarum
432 4383 542 4456 prima,
575 4381 720 4439 videlicet
750 4383 848 4456 ipsius
878 4383 996 4441 domini
1026 4385 1187 4442 'laurencii
1211 4385 1351 4456 magistri
1373 4385 1440 4441 tha·

181 4489 367 4546 uernicorum
398 4490 500 4546 littera
535 4489 750 4562 privilegialis,
779 4505 858 4547 anno
890 4488 1007 4546 domini
1031 4489 1201 4547 millesimo
1225 4491 1439 4547 trecentesimo

182 4595 410 4668 quadragesimo
432 4603 519 4652 sexto
542 4595 689 4666 confecta,
713 4596 880 4669 sigilloque
911 4595 1049 4654 eiusdem
1072 4597 1225 4654 autentico
1249 4596 1440 4670 impendenti

181 4702 289 4760 vallata
311 4704 391 4761 inter
413 4707 516 4760 cetera
539 4703 742 4776 exprimebat,
767 4702 850 4775 quod
875 4719 947 4760 cum
963 4704 1040 4760 olim
1056 4704 1248 4777 prelibatum
1266 4703 1438 4776 capitulum

181 4808 299 4867 ecclesie
330 4809 546 4882 zagrabiensis
577 4808 710 4866 iudicem
741 4825 804 4866 sew
835 4810 979 4866 villicum
1009 4825 1045 4867 ac
1067 4810 1184 4866 iuratos
1207 4809 1292 4866 cives
1315 4814 1346 4865 et
1369 4809 1438 4865 hos·

182 4913 268 4984 spites
291 4915 330 4971 de
351 4914 449 4972 Grecz
470 4915 640 4984 universos,
665 4921 728 4972 tarn
752 4931 810 4988 pro
834 4915 915 4973 facto
938 4916 1188 4989 possessionariO,
1213 4931 1307 4988 quam
1324 4919 1354 4971 et
1370 4915 1439 4971 aliis

182 5021 308 5095 negociis
328 5022 408 5080 inter
431 5037 483 5080 eos
506 5021 658 5080 suscitatis
689 5021 877 5096 litigionan'o
899 5037 1046 5096 processu
1068 5023 1234 5082 observato
1257 5021 1297 5082 ad
1320 5027 1438 5079 certum
