3728 5806
642 540 715 597 Doc.
730 553 804 616 523.
832 572 868 582 -
895 539 950 596 Au.
976 536 1067 617 1584.

1279 557 1487 651 .-.33³

224 735 371 792 cambiali
394 737 625 809 permutacione
649 737 889 810 possessionaria
912 736 1001 808 facta,
1025 737 1187 809 confectas,
1213 739 1326 796 tenoris
1349 743 1378 795 et
1394 737 1489 794 conti·

223 843 402 899 nenciarum
434 859 490 916 per
520 844 623 901 omnia
654 842 930 917 infrascriptarum,
959 849 1096 918 petentes
1119 859 1174 900 nos
1198 834 1421 917 precum'cum
1446 845 1487 900 in·

223 948 346 1018 stancia,
370 953 404 1005 ut
427 949 500 1022 quia
523 949 631 1006 eedem
661 955 823 1023 spectenus
845 949 968 1007 viarum
992 955 1121 1023 propter
1139 949 1317 1007 discrimina
1347 965 1406 1022 pro
1421 966 1490 1006 exe-

224 1053 354 1125 quendis
377 1055 518 1126 ipsorum
541 1055 678 1127 negociis
702 1071 806 1112 secum
829 1054 950 1113 deferre
972 1071 1033 1112 non
1057 1055 1246 1129 expedirent,
1271 1056 1313 1113 ob
1335 1056 1392 1112 hoc
1408 1056 1491 1128 ipsas

226 1159 265 1217 de
289 1161 387 1218 verbo
410 1162 448 1219 ad
472 1163 605 1219 verbum
631 1163 794 1219 transcribi
818 1167 848 1220 et
871 1163 1078 1236 transumpmi
1102 1161 1202 1219 facere
1226 1169 1255 1219 et
1278 1163 1375 1234 sigilli
1395 1162 1491 1219 nostri

225 1267 412 1340 appensione
435 1267 635 1340 dignaremur
658 1268 813 1326 roborare.
838 1267 1107 1340 Quarumquidem
1132 1275 1220 1325 tenor
1243 1269 1314 1325 talis
1338 1274 1398 1325 est:
1416 1263 1489 1346 (vid.

224 1388 268 1429 nr.
299 1371 368 1448 284.
399 1389 479 1430 anno
513 1374 605 1446 1378,
639 1373 686 1431 26.
716 1367 820 1456 Junii.)
850 1374 914 1431 Nos
943 1375 1046 1448 itaque
1081 1374 1167 1432 iustis
1196 1379 1226 1431 et
1256 1375 1315 1432 iuri
1350 1374 1491 1432 consonis

225 1475 417 1550 prefatorum
441 1479 595 1536 Dominici
618 1485 648 1536 et
672 1479 767 1536 Blasii
799 1478 939 1551 fratrum,
963 1479 1141 1537 nominibus
1165 1479 1279 1552 quibus
1302 1495 1405 1552 supra,
1438 1495 1490 1552 pe-

225 1583 389 1641 ticionibus
420 1586 510 1642 nobis
543 1583 631 1642 sactis
658 1585 822 1657 diligenter
853 1591 1020 1642 annuentes
1052 1585 1187 1658 prefatas
1216 1585 1334 1642 litteras
1358 1584 1489 1640 condam

223 1689 355 1762 predicti
379 1689 496 1746 domini
520 1692 601 1762 regis
625 1690 663 1748 de
688 1692 785 1748 verbo
808 1691 847 1748 ad
873 1691 1014 1762 verbum,
1038 1692 1133 1749 nichil
1157 1689 1308 1759 addendo,
1333 1691 1490 1762 nichilque

225 1794 434 1864 diminuendo,
466 1797 661 1869 presentibus
692 1797 802 1854 litteris
832 1797 945 1854 nostris
975 1797 1076 1866 inseri,
1108 1797 1315 1870 transumpmi
1350 1802 1379 1852 et
1411 1801 1491 1852 tran·

224 1901 318 1958 scribi
340 1899 472 1978 ¹fecimus
496 1903 607 1960 maiori
632 1917 688 1976 pro
720 1902 841 1959 cautela
865 1918 923 1976 pro
951 1902 1099 1960 fratribus
1122 1902 1290 1959 Heremitis
1314 1901 1490 1974 prenotatis.

224 2006 341 2062 Datum
366 2007 501 2064 secundo
525 2008 574 2065 die
597 2014 777 2066 octavarum
802 2007 871 2065 festi
894 2009 1062 2066 nativitatis
1086 2009 1168 2065 beati
1182 2007 1331 2089 Johannis
1349 2007 1490 2080 baptiste.

224 2113 314 2169 Anno
339 2111 456 2170 domini
480 2113 590 2170 MCCC
615 2115 825 2186 octuagesimo
852 2120 970 2187 quartu.

315 2229 454 2295 Originale
473 2230 499 2278 in
519 2231 677 2280 membrana.
698 2231 831 2296 Sigillum,
844 2233 917 2294 quod
930 2233 1086 2281 documento
1099 2232 1271 2296 dependebat,
1285 2247 1336 2281 una
1349 2247 1407 2280 cum
1420 2247 1483 2282 zona

223 2317 346 2383 deperiit.
366 2317 396 2368 In
415 2318 524 2368 archivo
543 2318 620 2384 regni
639 2320 713 2373 CSD.
737 2323 793 2369 Act.
815 2319 939 2370 convent.
960 2320 1129 2379 Remetensis,
1148 2319 1208 2369 fasc.
1233 2331 1240 2368 1
1265 2337 1302 2370 nr.
1327 2332 1363 2383 14.

814 2551 901 2618 323.

329 2691 405 2740 Anno
429 2692 501 2753 1384,
520 2692 544 2742 8.
564 2693 689 2756 Augusti.
711 2691 865 2758 Zagrabiae.

229 2817 392 2892 Capitulum
414 2820 530 2892 aagrob.
555 2821 679 2890 nuntiat,
702 2820 894 2878 Laurentium
914 2821 1030 2878 tudt'cem
1046 2822 1076 2877 in
1092 2823 1153 2878 eccl.
1169 2841 1190 2878 s.
1207 2822 1310 2878 Marci
1325 2821 1490 2896 Zagrabiue

222 2924 380 2998 deposuisse
402 2926 593 2983 iuramentum
620 2927 654 2982 dc
681 2927 781 2984 solutis
803 2927 925 2999 triginta
948 2935 977 2984 e!
1001 2945 1058 2984 uuo
1072 2927 1196 3002 floreno,
1219 2947 1288 3002 quus
1318 2927 1490 2986 Grecltensis

472 3033 657 3090 communitas
678 3033 790 3090 albensi
808 3034 942 3090 canonico
965 3033 1089 3090 Nicolao
1111 3034 1254 3092 debuerat.

312 3177 376 3234 Nos
400 3178 572 3251 capitulum
598 3177 725 3234 ecclesie
747 3178 961 3251 zagrabiensis.
990 3179 1136 3236 Memorie
1158 3178 1411 3236 commendamus
1434 3196 1490 3252 per

223 3290 389 3356 presentes,
409 3283 523 3355 quibus
539 3283 664 3356 expedit
680 3283 840 3354 universis
864 3283 947 3356 quod
964 3299 1034 3341 cum
1051 3283 1201 3358 providus
1224 3283 1274 3341 vir
1296 3284 1489 3358 Laurencius,

224 3389 316 3446 iudex
333 3390 466 3447 civitatis
489 3391 603 3446 montis
623 3389 784 3447 Grecensis
808 3391 892 3447 iuxta
910 3390 1131 3448 continenciam
1148 3390 1321 3447 litterarum
1338 3391 1490 3450 iuramen-

224 3495 334 3552 talium
365 3495 522 3568 magnifici
555 3495 615 3552 viri
645 3495 762 3552 domini
793 3495 911 3553 Nicolai
939 3495 1066 3566 Zambo,
1097 3495 1237 3568 magistri
1259 3497 1488 3554 tavarnicorum

225 3602 378 3673 regalium
401 3601 432 3658 in
456 3601 618 3674 quindenis
644 3600 712 3658 festi
736 3602 817 3658 beati
833 3601 942 3682 Jacobi
958 3601 1091 3674 apostoli
1111 3617 1191 3658 nunc
1207 3602 1401 3673 instantibus
1418 3618 1489 3660 cum

225 3707 347 3798 duobus
371 3724 409 3764 ex
432 3708 495 3764 suis
528 3707 634 3764 iuratis
666 3707 897 3764 contravirum
928 3705 1095 3763 discretum
1121 3707 1302 3778 magistrum
1328 3707 1490 3766 Nicolaum

224 3815 405 3871 canonicum
436 3813 564 3871 ecclesie
595 3813 684 3870 beate
715 3813 845 3884 virginis
868 3811 906 3869 de
931 3813 1013 3869 Alba
1037 3813 1142 3884 regali,
1167 3813 1374 3870 iuramentum
1397 3829 1490 3886 super

224 3933 269 3988 eo,
293 3917 446 3989 videlicet,
469 3924 504 3975 ut
527 3919 593 3992 ipse
617 3916 709 3975 iudex
733 3923 763 3975 et
786 3918 869 3975 cives
893 3917 972 3975 dicte
995 3917 1129 3974 civitatis
1152 3918 1278 3991 triginta
1297 3933 1358 3974 uno
1374 3918 1490 3976 lloreno

224 4025 290 4081 auri
322 4025 380 4098 ipsi
412 4025 560 4096 magistro
591 4023 719 4081 Nicolao
750 4023 906 4080 debitores
938 4039 997 4080 nou
1026 4025 1242 4080 remansissent
1266 4040 1320 4080 nec
1349 4025 1487 4094 existant,

224 4129 277 4186 sed
309 4146 364 4187 nec
393 4129 477 4187 idem
507 4131 655 4202 magister
686 4129 831 4186 Nicolaus
863 4145 920 4202 pro
947 4128 1064 4186 eisdem
1088 4127 1250 4186 fideiussor
1273 4131 1430 4200 extitisset,
1452 4146 1489 4186 ex

224 4251 322 4308 eoque
352 4237 410 4310 ipsi
442 4252 536 4310 super
567 4235 651 4292 omni
682 4235 804 4292 accione
832 4241 862 4292 et
885 4235 1090 4307 acquisicione
1113 4233 1251 4291 eiusdem
1275 4236 1415 4308 magistri
1439 4235 1490 4292 Ni·

225 4343 305 4400 colai
328 4343 358 4400 in
383 4342 473 4400 dictis
497 4342 607 4398 litteris
631 4347 771 4398 contenta
795 4341 911 4398 innoxii
935 4342 995 4398 sint
1018 4347 1047 4398 et
1068 4342 1230 4411 immunes
1257 4356 1361 4398 coram
1378 4342 1490 4398 nostris

227 4449 408 4506 testimoniis
432 4464 488 4522 per
510 4462 565 4504 nos
589 4463 647 4521 pro
669 4445 815 4520 predictis
831 4447 969 4519 utrisque
986 4448 1127 4520 partibus
1144 4446 1296 4518 deputatis
1316 4448 1345 4504 in
1363 4448 1490 4506 ecclesia

226 4554 343 4610 scilicet
366 4555 462 4610 sancti
488 4555 582 4610 Marci
606 4555 636 4610 in
660 4553 741 4610 dicta
765 4553 888 4610 civitate
911 4553 1053 4610 existenti
1068 4551 1223 4626 deponere
1239 4551 1402 4610 debuisset.
1419 4554 1489 4628 lpso

226 4659 329 4731 itaque
353 4659 485 4716 termino
515 4658 696 4717 adveniente
723 4658 918 4732 supradictus
949 4659 1134 4716 Laurencius
1157 4658 1249 4715 iudex
1273 4675 1344 4716 cum
1368 4659 1490 4717 duobus

226 4765 289 4822 suis
311 4765 427 4836 iuratis,
453 4765 626 4837 predictum
650 4781 741 4822 suum
765 4766 971 4823 iuramentum
1002 4765 1194 4838 deposuisset
1221 4781 1277 4838 per
1299 4765 1412 4835 omnia,
1445 4765 1489 4822 uti

224 4870 389 4942 debuisset,
414 4877 507 4944 prout
529 4887 564 4928 ea
588 4872 655 4944 ipsa
678 4871 877 4929 honorabiles
900 4877 929 4928 et
952 4872 1075 4929 discreti
1100 4872 1168 4941 viri,
1191 4871 1310 4928 domini
1331 4871 1486 4954 Johannes

225 4977 353 5052 Crispus
383 4975 616 5034 archidiaconus
647 4977 685 5034 de
711 4976 845 5034 Kemlulr
869 4983 898 5034 et
922 4975 1038 5050 Symon
1061 4976 1100 5033 de
1123 4975 1248 5048 Waslra,
1271 4976 1486 5048 archidiaconi,
