3600 5804
834 547 908 604 Doc.
933 561 1002 624 242.
1027 579 1069 589 ·-
1093 548 1148 604 An.
1173 543 1260 624 1361.

416 747 488 799 nato
511 741 729 816 comparendo,
755 743 839 801 omni
863 745 931 815 iuri,
956 745 1013 813 liti,
1036 746 1162 816 accioni,
1193 745 1433 804 contradiccioni
1462 752 1493 803 et
1518 746 1669 804 cuiuslibet

417 849 544 906 materie
574 848 743 920 questionis
774 855 841 906 orte
872 851 924 906 vel
954 850 1079 908 oriende
1110 851 1268 909 occasione
1303 853 1505 926 possessionis
1540 858 1669 909 annotate

415 959 520 1011 contra
553 955 636 1011 cives
670 962 858 1013 memoratos
888 972 1118 1029 recognoscens,
1151 956 1276 1014 eosdem
1308 957 1391 1015 cives
1421 959 1452 1015 in
1491 959 1669 1032 possessione

415 1058 536 1134 prefata
570 1061 724 1133 integrum
755 1063 802 1118 ius
835 1063 959 1134 habere,
990 1080 1045 1122 nec
1073 1063 1113 1121 ad
1143 1064 1221 1121 alios
1250 1071 1354 1137 preter
1384 1065 1469 1137 ipsos
1492 1066 1574 1121 solos
1597 1065 1669 1122 cives

416 1165 509 1240 pleno
533 1165 599 1224 iure
623 1167 776 1241 pertinere
800 1169 1008 1227 renunciasset
1025 1185 1101 1242 pure
1117 1177 1147 1228 et
1163 1170 1356 1243 simpliciter,
1372 1187 1407 1227 ac
1423 1171 1454 1227 in
1471 1175 1537 1227 toto
1553 1171 1669 1228 eandem

417 1273 639 1345 possessionem
673 1270 907 1348 pacifice'ipsis
937 1275 1060 1333 civibus
1090 1275 1294 1348 relinquendo
1329 1275 1504 1350 possidere;
1538 1283 1567 1334 et
1596 1277 1668 1349 quod

416 1379 494 1450 Inus,
530 1393 633 1436 comes
669 1381 876 1452 zagrabiensis
910 1387 1037 1456 accepto
1072 1381 1190 1439 domini
1224 1381 1359 1440 ladislai
1397 1383 1478 1456 regis
1509 1389 1539 1439 et
1564 1381 1670 1440 domini

414 1485 562 1566 Johannis
597 1487 669 1543 bani
704 1487 802 1544 tocius
836 1485 1007 1559 Sclauonie,
1043 1488 1162 1546 domini
1191 1489 1248 1560 sui,
1282 1487 1428 1546 mandato
1459 1495 1490 1546 et
1527 1494 1669 1563 precepto,

415 1593 516 1665 ipsam
545 1599 660 1650 terram
691 1593 819 1651 Kobilia
850 1601 993 1652 vocatam
1025 1611 1096 1652 cum
1123 1595 1311 1653 utilitatibus
1340 1596 1402 1653 suis
1431 1595 1592 1664 universis,
1619 1594 1670 1650 sub

415 1699 505 1756 metis
544 1699 687 1772 antiquis
726 1707 867 1774 presente
913 1699 1017 1773 paulu,
1058 1701 1124 1759 tilio
1166 1699 1258 1774 Boda,
1301 1701 1467 1776 prestaldo,
1508 1709 1578 1758 tunc
1619 1705 1671 1757 ter·

414 1806 504 1864 restn'
549 1807 661 1863 comite
702 1807 858 1877 existente,
896 1809 954 1864 sub
997 1807 1172 1865 testimonio
1212 1808 1347 1865 hominis
1388 1807 1518 1881 capituli
1557 1808 1671 1864 ecclesie

414 1913 621 1985 zagrabiensis
654 1913 720 1970 iure
751 1920 903 1987 perpetuo
935 1915 1057 1972 civibus
1088 1913 1127 1970 de
1154 1920 1259 1972 monte
1282 1913 1451 1972 Grechensi
1475 1913 1540 1971 sine
1562 1918 1670 1970 contra·

414 2017 552 2075 diceione
575 2019 731 2076 statuisset
754 2019 991 2092 possidendam;
1013 2019 1115 2077 adhuc
1138 2019 1220 2077 idem
1245 2019 1390 2077 Nikoleth
1407 2025 1437 2076 et
1451 2019 1529 2102 Jaxe
1545 2017 1669 2076 eiusdem

416 2123 524 2182 Karoli
555 2125 637 2198 regis
668 2125 786 2183 litteras
815 2125 1028 2199 privilegiales
1052 2125 1111 2183 sub
1134 2141 1214 2183 anno
1237 2125 1354 2183 domini
1378 2125 1549 2182 MCCCXX
1571 2130 1670 2197 quarto

414 2235 579 2302 emanatas,
604 2237 742 2288 tenorem
765 2233 813 2289 sui
837 2232 995 2305 privilegii
1030 2233 1157 2305 antiquo
1184 2247 1240 2288 suo
1264 2231 1369 2305 sigillo
1392 2232 1563 2305 consignati
1585 2239 1613 2288 et
1634 2237 1670 2286 te·

415 2352 521 2394 norem
546 2337 718 2394 litterarum
750 2337 996 2410 privilegialium
1027 2337 1144 2396 domini
1179 2338 1249 2396 Bele
1280 2339 1362 2411 regis
1395 2339 1425 2396 in
1456 2353 1539 2395 anno
1565 2337 1671 2394 domini

415 2443 554 2500 MCCLX
577 2451 664 2500 sexto
688 2444 831 2514 emanati,
855 2443 1035 2502 libertatum
1059 2446 1274 2519 prerogativas
1305 2444 1420 2502 eisdem
1446 2444 1615 2517 hospitibus
1635 2442 1671 2498 de

413 2548 515 2607 Grech
539 2564 706 2620 concessas,
733 2565 851 2607 necnon
881 2566 988 2608 cursus
1019 2557 1174 2608 metarum
1205 2551 1352 2608 territorii
1382 2550 1522 2607 eiusdem
1548 2548 1671 2606 civitatis

413 2672 471 2730 per
495 2655 635 2714 ordinem
659 2658 856 2727 continentes,
879 2663 1049 2716 asserentes
1072 2657 1146 2715 dicti
1168 2657 1314 2716 Nikoleth
1338 2667 1368 2714 et
1390 2657 1467 2740 Jaxe
1491 2655 1590 2730 ipsum
1616 2653 1670 2711 ios-

413 2767 513 2820 satum
537 2769 568 2821 et
592 2769 706 2822 terram
730 2762 768 2820 ad
793 2779 888 2836 quam
912 2779 993 2837 aqua
1016 2763 1054 2820 de
1078 2763 1139 2821 fine
1162 2764 1260 2837 ipsius
1284 2762 1389 2820 fossati
1412 2761 1578 2820 cucurisset
1600 2760 1670 2817 inter

415 2877 513 2928 metas
536 2871 567 2928 in
590 2871 783 2944 preallegato
807 2871 973 2944 privilegio
996 2871 1160 2928 existentes
1183 2869 1344 2940 adiacere;
1368 2875 1509 2944 preterea
1532 2865 1669 2940 quasdam

414 2975 491 3034 duas
515 2976 634 3034 litteras
657 2975 785 3034 ecclesie
815 2976 1023 3048 zagrabiensis
1055 2983 1196 3050 patenter
1225 2975 1378 3034 coniectas
1408 2973 1508 3032 eidem
1534 2973 1670 3045 magistro

414 3082 583 3140 Laurencio
606 3079 875 3154 demonstrassent,
899 3083 930 3140 in
961 3099 1094 3156 quarum
1125 3083 1215 3140 unius
1246 3089 1351 3139 tenore
1374 3087 1484 3154 quarta
1509 3077 1583 3136 seria
1606 3092 1667 3150 pro

415 3190 499 3246 xima
522 3192 593 3262 post
616 3193 740 3245 octavas
764 3186 834 3245 testi
858 3189 1072 3247 Penthecostes
1102 3190 1162 3247 sub
1192 3205 1273 3246 anno
1296 3187 1415 3245 domini
1440 3187 1523 3244 MCC
1548 3199 1669 3257 nonage-

414 3295 493 3352 simo
516 3299 603 3351 sexto
627 3300 769 3351 emanato
792 3295 1002 3367 conspexisset
1025 3295 1183 3366 contineri,
1207 3294 1290 3368 quod
1313 3294 1445 3364 Matheo,
1473 3292 1539 3350 filio
1556 3291 1668 3358 Detreh‚

414 3400 454 3458 de
477 3417 588 3472 genere
611 3401 676 3457 Aca
699 3401 740 3458 ab
764 3417 823 3458 una
854 3407 951 3474 parte,
983 3401 1057 3459 item
1088 3400 1211 3459 Gilione
1242 3400 1353 3458 maiori
1384 3399 1470 3469 ville,
1500 3396 1670 3470 Symarlran,

417 3506 507 3565 Petro
530 3505 703 3578 Standalar,
725 3507 884 3580 Mychaele
909 3507 1031 3566 Bisseno
1047 3515 1077 3566 et
1097 3507 1247 3580 magistro
1264 3506 1418 3564 Climente
1441 3505 1563 3564 civibus
1588 3501 1669 3561 castri

416 3612 609 3683 Grechensis,
634 3629 691 3687 pro
715 3629 747 3671 se
770 3619 799 3671 et
825 3628 881 3687 pro
906 3618 969 3671 tota
991 3614 1212 3672 communitate
1236 3612 1376 3671 eiusdem
1395 3612 1456 3670 loci
1472 3617 1560 3686 parte
1582 3626 1617 3667 ex
1630 3609 1668 3666 al·

417 3729 482 3778 tera
505 3719 535 3776 in
558 3719 696 3777 eiusdem
720 3719 850 3794 capituli
881 3719 1040 3794 presencia
1067 3720 1249 3792 constitutis,
1281 3719 1365 3777 idem
1396 3719 1536 3776 Matheus
1564 3714 1669 3774 contes-

416 3843 468 3884 sus
491 3827 664 3897 exstitisset,
688 3825 773 3899 quod
796 3826 868 3883 licet
898 3827 965 3900 ipse
995 3843 1090 3901 super
1120 3831 1203 3884 terra
1231 3841 1286 3883 seu
1318 3825 1512 3899 possessione
1534 3821 1669 3881 Scuiblan

416 3939 524 3990 vocata
547 3933 695 3990 movisset
718 3933 883 4004 accionem,
899 3932 1086 4006 requirendo
1109 3939 1139 3991 et
1161 3931 1330 4006 repetendo
1353 3930 1484 3989 eandem
1504 3929 1592 3989 titulo
1605 3943 1669 4003 pos·

416 4039 559 4097 sessionis
582 4055 636 4097 sue
660 4039 854 4110 hereditarie,
878 4044 981 4096 tamen
1005 4044 1134 4114 propter
1157 4041 1276 4096 bonum
1298 4038 1393 4112 pacis,
1417 4052 1513 4111 quam
1529 4051 1598 4094 cum
1618 4034 1669 4091 eis·

416 4145 489 4202 dem
512 4145 633 4203 civibus
649 4145 760 4203 maluit
784 4145 1007 4203 inviolabiliter
1038 4145 1206 4203 observare
1229 4143 1340 4202 cedens
1364 4149 1394 4201 et
1417 4143 1596 4201 renuncians
1617 4153 1668 4214 pro

416 4257 504 4326 parte
527 4267 583 4308 sua
605 4251 783 4309 huiusmodi
806 4251 854 4308 liti
877 4258 970 4325 atque
993 4251 1054 4310 iuri
1087 4267 1181 4324 super
1211 4251 1279 4324 ipsa
1309 4249 1503 4324 possessione
1528 4243 1668 4305 suscitatis

416 4356 545 4415 eandem
569 4357 795 4431 possessionem
819 4355 967 4415 Scuiblan
982 4357 1158 4431 reliquisset
1173 4364 1204 4414 et
1219 4356 1387 4414 dimisisset
1406 4353 1537 4429 prefatis
1558 4351 1668 4410 civibus

418 4469 509 4538 prout
531 4463 562 4522 in
585 4471 675 4522 antea
698 4465 795 4522 libere
820 4470 850 4521 et
872 4464 1000 4538 pacifice
1023 4463 1251 4539 possidendam.
1275 4462 1309 4519 In
1332 4461 1461 4519 alterius
1485 4475 1558 4518 vero
1573 4465 1668 4516 tenore

416 4572 447 4629 in
470 4572 587 4629 octavis
619 4569 689 4629 festi
719 4571 891 4645 Epiphanie
922 4571 1040 4628 domini
1071 4585 1151 4628 anno
1181 4569 1320 4627 eiusdem
1352 4567 1507 4625 MCCCXI
1533 4563 1668 4630 confecto,

415 4679 588 4752 reperisset.
613 4677 696 4750 quod
720 4678 831 4735 comite
854 4677 1009 4747 Farkasio,
1025 4683 1137 4750 nepote
1153 4675 1274 4733 comitis
1290 4674 1419 4732 Gardun
1443 4689 1482 4731 ex
1504 4687 1562 4730 una
1587 4675 1667 4743 parte

415 4790 445 4840 et
469 4783 642 4841 Pechmano
666 4783 777 4841 maiori
800 4783 878 4841 ville
901 4798 959 4856 pro
982 4799 1014 4840 se
1045 4789 1074 4840 et
1105 4782 1227 4840 civibus
1251 4781 1289 4839 de
1319 4785 1425 4838 monte
1449 4779 1549 4838 Grech
1571 4792 1606 4832 ex
1627 4773 1667 4831 al-

416 4895 481 4947 tera
504 4905 608 4947 coram
632 4888 743 4947 eodem
766 4889 903 4963 capitulo
927 4889 1108 4960 constitutis,
1140 4887 1223 4946 idem
1249 4885 1414 4944 Farkasius
1450 4883 1601 4943 confessus
1621 4896 1667 4938 ex-

417 4996 551 5065 stitisset,
576 4995 660 5069 quod
683 4995 755 5053 licet
778 4995 844 5070 ipse
868 5011 962 5070 super
985 4994 1120 5068 quadam
1144 4993 1335 5068 possessione
1358 4991 1483 5050 Cobilia
1507 4994 1618 5058 vocata,
1639 4985 1666 5044 in
