<?xml version="1.0" encoding="UTF-8"?>
<!DOCTYPE html PUBLIC "-//W3C//DTD XHTML 1.0 Transitional//EN"
    "http://www.w3.org/TR/xhtml1/DTD/xhtml1-transitional.dtd">
<html xmlns="http://www.w3.org/1999/xhtml" xml:lang="en" lang="en">
 <head>
  <title>
</title>
<meta http-equiv="Content-Type" content="text/html;charset=utf-8" />
  <meta name='ocr-system' content='tesseract 3.04.00' />
  <meta name='ocr-capabilities' content='ocr_page ocr_carea ocr_par ocr_line ocrx_word'/>
</head>
<body>
  <div class='ocr_page' id='page_1' title='image "./monumentahistor18laszgoog_0360.png"; bbox 0 0 3600 5804; ppageno 0'>
   <div class='ocr_carea' id='block_1_1' title="bbox 393 544 1240 623">
    <p class='ocr_par' dir='ltr' id='par_1_1' title="bbox 393 544 1240 623">
     <span class='ocr_line' id='line_1_1' title="bbox 393 544 1240 623; baseline 0.005 -24"><span class='ocrx_word' id='word_1_1' title='bbox 393 558 454 617; x_wconf 86' lang='lat'><strong>124</strong></span> <span class='ocrx_word' id='word_1_2' title='bbox 818 544 891 602; x_wconf 84' lang='lat' dir='ltr'><strong>Doc.</strong></span> <span class='ocrx_word' id='word_1_3' title='bbox 915 559 984 623; x_wconf 78' lang='lat'><em>140.</em></span> <span class='ocrx_word' id='word_1_4' title='bbox 1011 579 1047 588; x_wconf 95' lang='lat'>—</span> <span class='ocrx_word' id='word_1_5' title='bbox 1073 545 1240 622; x_wconf 76' lang='lat' dir='ltr'><strong>An.1327.</strong></span> 
     </span>
    </p>
   </div>
   <div class='ocr_carea' id='block_1_2' title="bbox 387 739 1711 5072">
    <p class='ocr_par' dir='ltr' id='par_1_2' title="bbox 387 739 1711 5072">
     <span class='ocr_line' id='line_1_2' title="bbox 388 739 1642 818; baseline 0.006 -22"><span class='ocrx_word' id='word_1_6' title='bbox 388 739 573 797; x_wconf 87' lang='lat' dir='ltr'><strong>defferenter</strong></span> <span class='ocrx_word' id='word_1_7' title='bbox 595 757 703 799; x_wconf 88' lang='lat' dir='ltr'><strong>omnes</strong></span> <span class='ocrx_word' id='word_1_8' title='bbox 727 745 863 813; x_wconf 78' lang='lat' dir='ltr'><strong>comites,</strong></span> <span class='ocrx_word' id='word_1_9' title='bbox 888 744 1018 816; x_wconf 92' lang='lat' dir='ltr'><strong>nobiles,</strong></span> <span class='ocrx_word' id='word_1_10' title='bbox 1041 743 1193 803; x_wconf 84' lang='lat' dir='ltr'><strong>officiales</strong></span> <span class='ocrx_word' id='word_1_11' title='bbox 1217 751 1247 803; x_wconf 89' lang='lat' dir='ltr'><strong>et</strong></span> <span class='ocrx_word' id='word_1_12' title='bbox 1269 745 1494 818; x_wconf 89' lang='lat' dir='ltr'><strong>cuiuscumque</strong></span> <span class='ocrx_word' id='word_1_13' title='bbox 1516 751 1605 803; x_wconf 90' lang='lat' dir='ltr'><strong>status</strong></span> <span class='ocrx_word' id='word_1_14' title='bbox 1618 754 1642 804; x_wconf 87' lang='lat' dir='ltr'><strong>et</strong></span> 
     </span>
     <span class='ocr_line' id='line_1_3' title="bbox 388 846 1644 923; baseline 0.006 -21"><span class='ocrx_word' id='word_1_15' title='bbox 388 846 576 904; x_wconf 91' lang='lat' dir='ltr'><strong>condicionis</strong></span> <span class='ocrx_word' id='word_1_16' title='bbox 599 848 739 906; x_wconf 90' lang='lat' dir='ltr'><strong>homines</strong></span> <span class='ocrx_word' id='word_1_17' title='bbox 763 851 792 907; x_wconf 93' lang='lat' dir='ltr'><strong>in</strong></span> <span class='ocrx_word' id='word_1_18' title='bbox 824 850 1031 922; x_wconf 88' lang='lat' dir='ltr'><strong>zagrabiensis</strong></span> <span class='ocrx_word' id='word_1_19' title='bbox 1062 851 1190 908; x_wconf 86' lang='lat' dir='ltr'>ecclesie</span> <span class='ocrx_word' id='word_1_20' title='bbox 1220 851 1363 923; x_wconf 87' lang='lat' dir='ltr'><strong>dyoecesi</strong></span> <span class='ocrx_word' id='word_1_21' title='bbox 1386 853 1551 922; x_wconf 90' lang='lat' dir='ltr'><strong>constituti,</strong></span> <span class='ocrx_word' id='word_1_22' title='bbox 1573 852 1644 910; x_wconf 86' lang='lat' dir='ltr'><strong>deci·</strong></span> 
     </span>
     <span class='ocr_line' id='line_1_4' title="bbox 389 955 1643 1030; baseline 0.006 -22"><span class='ocrx_word' id='word_1_23' title='bbox 389 967 472 1008; x_wconf 90' lang='lat' dir='ltr'><strong>marn</strong></span> <span class='ocrx_word' id='word_1_24' title='bbox 499 959 618 1026; x_wconf 87' lang='lat' dir='ltr'><strong>partem</strong></span> <span class='ocrx_word' id='word_1_25' title='bbox 643 955 673 1012; x_wconf 94' lang='lat' dir='ltr'><strong>in</strong></span> <span class='ocrx_word' id='word_1_26' title='bbox 697 956 799 1029; x_wconf 91' lang='lat' dir='ltr'><strong>specie</strong></span> <span class='ocrx_word' id='word_1_27' title='bbox 823 957 963 1014; x_wconf 93' lang='lat' dir='ltr'><strong>omnium</strong></span> <span class='ocrx_word' id='word_1_28' title='bbox 986 971 1147 1028; x_wconf 90' lang='lat' dir='ltr'><strong>agnorum,</strong></span> <span class='ocrx_word' id='word_1_29' title='bbox 1173 957 1303 1014; x_wconf 88' lang='lat' dir='ltr'>edorum</span> <span class='ocrx_word' id='word_1_30' title='bbox 1327 963 1358 1014; x_wconf 91' lang='lat' dir='ltr'><strong>et</strong></span> <span class='ocrx_word' id='word_1_31' title='bbox 1380 973 1486 1030; x_wconf 92' lang='lat' dir='ltr'><strong>apum,</strong></span> <span class='ocrx_word' id='word_1_32' title='bbox 1509 959 1579 1014; x_wconf 88' lang='lat' dir='ltr'><strong>item</strong></span> <span class='ocrx_word' id='word_1_33' title='bbox 1606 965 1643 1015; x_wconf 84' lang='lat' dir='ltr'><strong>to</strong></span> 
     </span>
     <span class='ocr_line' id='line_1_5' title="bbox 388 1058 1642 1135; baseline 0.005 -21"><span class='ocrx_word' id='word_1_34' title='bbox 388 1059 453 1115; x_wconf 89' lang='lat' dir='ltr'><strong>cius</strong></span> <span class='ocrx_word' id='word_1_35' title='bbox 478 1058 632 1130; x_wconf 82' lang='lat' dir='ltr'><strong>frumenti,</strong></span> <span class='ocrx_word' id='word_1_36' title='bbox 651 1061 791 1133; x_wconf 87' lang='lat' dir='ltr'><strong>siliginis,</strong></span> <span class='ocrx_word' id='word_1_37' title='bbox 815 1077 920 1132; x_wconf 85' lang='lat' dir='ltr'>avene,</span> <span class='ocrx_word' id='word_1_38' title='bbox 935 1062 1030 1130; x_wconf 91' lang='lat' dir='ltr'><strong>ordei,</strong></span> <span class='ocrx_word' id='word_1_39' title='bbox 1060 1063 1140 1120; x_wconf 91' lang='lat' dir='ltr'><strong>milii</strong></span> <span class='ocrx_word' id='word_1_40' title='bbox 1155 1068 1186 1120; x_wconf 90' lang='lat' dir='ltr'><strong>et</strong></span> <span class='ocrx_word' id='word_1_41' title='bbox 1201 1063 1410 1135; x_wconf 91' lang='lat' dir='ltr'><strong>cuiuscunque</strong></span> <span class='ocrx_word' id='word_1_42' title='bbox 1426 1063 1552 1119; x_wconf 87' lang='lat' dir='ltr'><strong>alterius</strong></span> <span class='ocrx_word' id='word_1_43' title='bbox 1568 1063 1642 1120; x_wconf 88' lang='lat' dir='ltr'><strong>bladi</strong></span> 
     </span>
     <span class='ocr_line' id='line_1_6' title="bbox 388 1165 1643 1242; baseline 0.003 -22"><span class='ocrx_word' id='word_1_44' title='bbox 388 1165 418 1220; x_wconf 93' lang='lat' dir='ltr'><strong>in</strong></span> <span class='ocrx_word' id='word_1_45' title='bbox 448 1165 554 1235; x_wconf 88' lang='lat' dir='ltr'><strong>orreis,</strong></span> <span class='ocrx_word' id='word_1_46' title='bbox 587 1166 650 1222; x_wconf 92' lang='lat' dir='ltr'><strong>vini</strong></span> <span class='ocrx_word' id='word_1_47' title='bbox 682 1173 786 1224; x_wconf 89' lang='lat' dir='ltr'><strong>autem</strong></span> <span class='ocrx_word' id='word_1_48' title='bbox 818 1167 848 1224; x_wconf 94' lang='lat' dir='ltr'><strong>in</strong></span> <span class='ocrx_word' id='word_1_49' title='bbox 879 1168 1023 1239; x_wconf 85' lang='lat' dir='ltr'><strong>cellariis,</strong></span> <span class='ocrx_word' id='word_1_50' title='bbox 1053 1183 1090 1224; x_wconf 90' lang='lat' dir='ltr'><strong>ac</strong></span> <span class='ocrx_word' id='word_1_51' title='bbox 1113 1183 1282 1242; x_wconf 91' lang='lat' dir='ltr'><strong>porcorum</strong></span> <span class='ocrx_word' id='word_1_52' title='bbox 1308 1168 1487 1225; x_wconf 87' lang='lat' dir='ltr'><strong>annualium</strong></span> <span class='ocrx_word' id='word_1_53' title='bbox 1516 1175 1544 1224; x_wconf 91' lang='lat' dir='ltr'><strong>et</strong></span> <span class='ocrx_word' id='word_1_54' title='bbox 1565 1167 1643 1236; x_wconf 87' lang='lat' dir='ltr'><strong>infra,</strong></span> 
     </span>
     <span class='ocr_line' id='line_1_7' title="bbox 387 1271 1644 1346; baseline 0.003 -20"><span class='ocrx_word' id='word_1_55' title='bbox 387 1271 509 1328; x_wconf 84' lang='lat' dir='ltr'><strong>solvere</strong></span> <span class='ocrx_word' id='word_1_56' title='bbox 533 1277 693 1329; x_wconf 90' lang='lat' dir='ltr'><strong>teneantur</strong></span> <span class='ocrx_word' id='word_1_57' title='bbox 723 1279 753 1329; x_wconf 91' lang='lat' dir='ltr'><strong>et</strong></span> <span class='ocrx_word' id='word_1_58' title='bbox 784 1272 916 1330; x_wconf 89' lang='lat' dir='ltr'><strong>debeant</strong></span> <span class='ocrx_word' id='word_1_59' title='bbox 946 1274 1033 1331; x_wconf 92' lang='lat' dir='ltr'><strong>annis</strong></span> <span class='ocrx_word' id='word_1_60' title='bbox 1063 1273 1193 1346; x_wconf 88' lang='lat' dir='ltr'><strong>singulis</strong></span> <span class='ocrx_word' id='word_1_61' title='bbox 1228 1274 1423 1346; x_wconf 81' lang='lat' dir='ltr'><strong>temporibus</strong></span> <span class='ocrx_word' id='word_1_62' title='bbox 1453 1272 1644 1346; x_wconf 82' lang='lat' dir='ltr'><strong>infrascriptis</strong></span> 
     </span>
     <span class='ocr_line' id='line_1_8' title="bbox 387 1375 1644 1452; baseline 0.004 -20"><span class='ocrx_word' id='word_1_63' title='bbox 387 1375 515 1433; x_wconf 93' lang='lat' dir='ltr'><strong>domino</strong></span> <span class='ocrx_word' id='word_1_64' title='bbox 538 1377 686 1451; x_wconf 89' lang='lat' dir='ltr'><strong>episcopo</strong></span> <span class='ocrx_word' id='word_1_65' title='bbox 707 1380 899 1450; x_wconf 84' lang='lat' dir='ltr'><strong>zagrabiensi</strong></span> <span class='ocrx_word' id='word_1_66' title='bbox 922 1385 952 1436; x_wconf 90' lang='lat' dir='ltr'><strong>et</strong></span> <span class='ocrx_word' id='word_1_67' title='bbox 974 1381 1039 1437; x_wconf 89' lang='lat' dir='ltr'><strong>eius</strong></span> <span class='ocrx_word' id='word_1_68' title='bbox 1062 1379 1190 1437; x_wconf 87' lang='lat' dir='ltr'><strong>ecclesie</strong></span> <span class='ocrx_word' id='word_1_69' title='bbox 1222 1380 1478 1452; x_wconf 85' lang='lat' dir='ltr'><strong>procuratoribus</strong></span> <span class='ocrx_word' id='word_1_70' title='bbox 1500 1395 1551 1436; x_wconf 90' lang='lat' dir='ltr'><strong>seu</strong></span> <span class='ocrx_word' id='word_1_71' title='bbox 1574 1379 1644 1437; x_wconf 88' lang='lat' dir='ltr'><strong>deci·</strong></span> 
     </span>
     <span class='ocr_line' id='line_1_9' title="bbox 389 1483 1643 1559; baseline 0.002 -20"><span class='ocrx_word' id='word_1_72' title='bbox 389 1483 560 1540; x_wconf 90' lang='lat' dir='ltr'><strong>matoribus</strong></span> <span class='ocrx_word' id='word_1_73' title='bbox 584 1483 774 1542; x_wconf 89' lang='lat' dir='ltr'><strong>eorumdem.</strong></span> <span class='ocrx_word' id='word_1_74' title='bbox 799 1485 903 1542; x_wconf 91' lang='lat' dir='ltr'><strong>Primo</strong></span> <span class='ocrx_word' id='word_1_75' title='bbox 934 1484 972 1542; x_wconf 91' lang='lat' dir='ltr'><strong>de</strong></span> <span class='ocrx_word' id='word_1_76' title='bbox 1004 1487 1100 1559; x_wconf 85' lang='lat' dir='ltr'><strong>agnis,</strong></span> <span class='ocrx_word' id='word_1_77' title='bbox 1132 1484 1197 1542; x_wconf 90' lang='lat' dir='ltr'><strong>edis</strong></span> <span class='ocrx_word' id='word_1_78' title='bbox 1228 1491 1258 1542; x_wconf 89' lang='lat' dir='ltr'><strong>et</strong></span> <span class='ocrx_word' id='word_1_79' title='bbox 1288 1485 1403 1542; x_wconf 90' lang='lat' dir='ltr'><strong>troncis</strong></span> <span class='ocrx_word' id='word_1_80' title='bbox 1425 1500 1529 1558; x_wconf 85' lang='lat' dir='ltr'><strong>apum,</strong></span> <span class='ocrx_word' id='word_1_81' title='bbox 1551 1487 1643 1543; x_wconf 86' lang='lat' dir='ltr'><strong>statim</strong></span> 
     </span>
     <span class='ocr_line' id='line_1_10' title="bbox 390 1587 1645 1665; baseline 0.002 -21"><span class='ocrx_word' id='word_1_82' title='bbox 390 1589 467 1644; x_wconf 92' lang='lat' dir='ltr'><strong>sicut</strong></span> <span class='ocrx_word' id='word_1_83' title='bbox 491 1587 591 1646; x_wconf 90' lang='lat' dir='ltr'><strong>dicata</strong></span> <span class='ocrx_word' id='word_1_84' title='bbox 611 1587 724 1647; x_wconf 83' lang='lat' dir='ltr'><strong>suerint</strong></span> <span class='ocrx_word' id='word_1_85' title='bbox 747 1591 798 1647; x_wconf 85' lang='lat' dir='ltr'><strong>vel</strong></span> <span class='ocrx_word' id='word_1_86' title='bbox 822 1593 999 1663; x_wconf 90' lang='lat' dir='ltr'><strong>quamcito</strong></span> <span class='ocrx_word' id='word_1_87' title='bbox 1031 1608 1088 1665; x_wconf 93' lang='lat' dir='ltr'><strong>per</strong></span> <span class='ocrx_word' id='word_1_88' title='bbox 1111 1590 1314 1648; x_wconf 87' lang='lat' dir='ltr'><strong>decimatores</strong></span> <span class='ocrx_word' id='word_1_89' title='bbox 1336 1594 1486 1664; x_wconf 88' lang='lat' dir='ltr'><strong>petentur.</strong></span> <span class='ocrx_word' id='word_1_90' title='bbox 1509 1590 1590 1660; x_wconf 90' lang='lat' dir='ltr'><strong>Item,</strong></span> <span class='ocrx_word' id='word_1_91' title='bbox 1612 1589 1645 1646; x_wconf 94' lang='lat' dir='ltr'><strong>de</strong></span> 
     </span>
     <span class='ocr_line' id='line_1_11' title="bbox 389 1693 1645 1769; baseline 0.002 -19"><span class='ocrx_word' id='word_1_92' title='bbox 389 1693 551 1762; x_wconf 83' lang='lat' dir='ltr'><strong>frumento,</strong></span> <span class='ocrx_word' id='word_1_93' title='bbox 576 1695 707 1768; x_wconf 85' lang='lat' dir='ltr'><strong>siligine,</strong></span> <span class='ocrx_word' id='word_1_94' title='bbox 732 1712 829 1753; x_wconf 87' lang='lat' dir='ltr'><strong>avena</strong></span> <span class='ocrx_word' id='word_1_95' title='bbox 854 1705 883 1754; x_wconf 91' lang='lat' dir='ltr'><strong>et</strong></span> <span class='ocrx_word' id='word_1_96' title='bbox 905 1697 1001 1755; x_wconf 89' lang='lat' dir='ltr'><strong>ordeo</strong></span> <span class='ocrx_word' id='word_1_97' title='bbox 1023 1713 1121 1769; x_wconf 88' lang='lat' dir='ltr'><strong>usque</strong></span> <span class='ocrx_word' id='word_1_98' title='bbox 1144 1703 1269 1753; x_wconf 87' lang='lat' dir='ltr'><strong>octavas</strong></span> <span class='ocrx_word' id='word_1_99' title='bbox 1299 1696 1381 1753; x_wconf 92' lang='lat' dir='ltr'><strong>beati</strong></span> <span class='ocrx_word' id='word_1_100' title='bbox 1405 1695 1486 1768; x_wconf 88' lang='lat' dir='ltr'><strong>regis</strong></span> <span class='ocrx_word' id='word_1_101' title='bbox 1501 1693 1645 1769; x_wconf 90' lang='lat' dir='ltr'><strong>Stephani.</strong></span> 
     </span>
     <span class='ocr_line' id='line_1_12' title="bbox 387 1801 1646 1876; baseline 0.001 -19"><span class='ocrx_word' id='word_1_102' title='bbox 387 1801 473 1870; x_wconf 93' lang='lat' dir='ltr'><strong>Item,</strong></span> <span class='ocrx_word' id='word_1_103' title='bbox 497 1801 535 1858; x_wconf 94' lang='lat' dir='ltr'><strong>de</strong></span> <span class='ocrx_word' id='word_1_104' title='bbox 558 1802 646 1858; x_wconf 92' lang='lat' dir='ltr'><strong>milio</strong></span> <span class='ocrx_word' id='word_1_105' title='bbox 677 1811 707 1859; x_wconf 91' lang='lat' dir='ltr'><strong>et</strong></span> <span class='ocrx_word' id='word_1_106' title='bbox 737 1803 799 1860; x_wconf 87' lang='lat' dir='ltr'><strong>alio</strong></span> <span class='ocrx_word' id='word_1_107' title='bbox 831 1819 1027 1876; x_wconf 90' lang='lat' dir='ltr'><strong>quocumque</strong></span> <span class='ocrx_word' id='word_1_108' title='bbox 1059 1802 1154 1860; x_wconf 90' lang='lat' dir='ltr'><strong>blado</strong></span> <span class='ocrx_word' id='word_1_109' title='bbox 1184 1802 1380 1876; x_wconf 88' lang='lat' dir='ltr'><strong>autumpnali</strong></span> <span class='ocrx_word' id='word_1_110' title='bbox 1409 1817 1505 1874; x_wconf 91' lang='lat' dir='ltr'><strong>usque</strong></span> <span class='ocrx_word' id='word_1_111' title='bbox 1532 1808 1646 1860; x_wconf 84' lang='lat' dir='ltr'><strong>octavas</strong></span> 
     </span>
     <span class='ocr_line' id='line_1_13' title="bbox 389 1905 1646 1981; baseline 0.001 -18"><span class='ocrx_word' id='word_1_112' title='bbox 389 1905 562 1964; x_wconf 75' lang='lat' dir='ltr'><strong>festivitatis</strong></span> <span class='ocrx_word' id='word_1_113' title='bbox 587 1909 726 1965; x_wconf 92' lang='lat' dir='ltr'><strong>omnium</strong></span> <span class='ocrx_word' id='word_1_114' title='bbox 751 1916 935 1966; x_wconf 86' lang='lat' dir='ltr'><strong>sanctorum.</strong></span> <span class='ocrx_word' id='word_1_115' title='bbox 961 1909 1046 1980; x_wconf 89' lang='lat' dir='ltr'><strong>ltem,</strong></span> <span class='ocrx_word' id='word_1_116' title='bbox 1069 1909 1203 1966; x_wconf 89' lang='lat' dir='ltr'><strong>devino</strong></span> <span class='ocrx_word' id='word_1_117' title='bbox 1224 1915 1254 1964; x_wconf 91' lang='lat' dir='ltr'><strong>et</strong></span> <span class='ocrx_word' id='word_1_118' title='bbox 1277 1908 1380 1981; x_wconf 89' lang='lat' dir='ltr'><strong>porcis</strong></span> <span class='ocrx_word' id='word_1_119' title='bbox 1403 1907 1498 1966; x_wconf 92' lang='lat' dir='ltr'><strong>modo</strong></span> <span class='ocrx_word' id='word_1_120' title='bbox 1518 1907 1646 1981; x_wconf 87' lang='lat' dir='ltr'><strong>predicto</strong></span> 
     </span>
     <span class='ocr_line' id='line_1_14' title="bbox 388 2013 1644 2088; baseline -0.001 -17"><span class='ocrx_word' id='word_1_121' title='bbox 388 2029 485 2086; x_wconf 89' lang='lat' dir='ltr'><strong>usque</strong></span> <span class='ocrx_word' id='word_1_122' title='bbox 508 2021 632 2070; x_wconf 89' lang='lat' dir='ltr'><strong>octavas</strong></span> <span class='ocrx_word' id='word_1_123' title='bbox 657 2015 736 2071; x_wconf 89' lang='lat' dir='ltr'><strong>beati</strong></span> <span class='ocrx_word' id='word_1_124' title='bbox 763 2016 884 2072; x_wconf 87' lang='lat' dir='ltr'><strong>hiartini</strong></span> <span class='ocrx_word' id='word_1_125' title='bbox 910 2015 1101 2072; x_wconf 81' lang='lat' dir='ltr'><strong>contessoris.</strong></span> <span class='ocrx_word' id='word_1_126' title='bbox 1125 2015 1192 2071; x_wconf 92' lang='lat' dir='ltr'><strong>Hoc</strong></span> <span class='ocrx_word' id='word_1_127' title='bbox 1216 2029 1363 2088; x_wconf 89' lang='lat' dir='ltr'><strong>expresso</strong></span> <span class='ocrx_word' id='word_1_128' title='bbox 1383 2029 1421 2071; x_wconf 86' lang='lat' dir='ltr'><strong>ex</strong></span> <span class='ocrx_word' id='word_1_129' title='bbox 1439 2028 1583 2072; x_wconf 90' lang='lat' dir='ltr'><strong>consensu</strong></span> <span class='ocrx_word' id='word_1_130' title='bbox 1597 2013 1644 2070; x_wconf 85' lang='lat' dir='ltr'><strong>do</strong></span> 
     </span>
     <span class='ocr_line' id='line_1_15' title="bbox 390 2119 1643 2196; baseline -0.001 -19"><span class='ocrx_word' id='word_1_131' title='bbox 390 2121 465 2177; x_wconf 93' lang='lat' dir='ltr'><strong>mini</strong></span> <span class='ocrx_word' id='word_1_132' title='bbox 489 2120 625 2178; x_wconf 80' lang='lat' dir='ltr'><strong>ladizlai</strong></span> <span class='ocrx_word' id='word_1_133' title='bbox 649 2121 699 2178; x_wconf 93' lang='lat' dir='ltr'><strong>dei</strong></span> <span class='ocrx_word' id='word_1_134' title='bbox 722 2128 752 2179; x_wconf 88' lang='lat' dir='ltr'><strong>et</strong></span> <span class='ocrx_word' id='word_1_135' title='bbox 775 2123 944 2196; x_wconf 90' lang='lat' dir='ltr'><strong>apostolice</strong></span> <span class='ocrx_word' id='word_1_136' title='bbox 968 2122 1049 2179; x_wconf 89' lang='lat' dir='ltr'><strong>sedis</strong></span> <span class='ocrx_word' id='word_1_137' title='bbox 1066 2122 1170 2192; x_wconf 89' lang='lat' dir='ltr'><strong>gracia</strong></span> <span class='ocrx_word' id='word_1_138' title='bbox 1185 2121 1324 2194; x_wconf 89' lang='lat' dir='ltr'><strong>episcopi</strong></span> <span class='ocrx_word' id='word_1_139' title='bbox 1341 2121 1554 2192; x_wconf 90' lang='lat' dir='ltr'><strong>zagrabiensis,</strong></span> <span class='ocrx_word' id='word_1_140' title='bbox 1569 2119 1643 2192; x_wconf 94' lang='lat' dir='ltr'><strong>quod</strong></span> 
     </span>
     <span class='ocr_line' id='line_1_16' title="bbox 387 2225 1644 2299; baseline -0.002 -16"><span class='ocrx_word' id='word_1_141' title='bbox 387 2227 501 2298; x_wconf 87' lang='lat' dir='ltr'><strong>singuli</strong></span> <span class='ocrx_word' id='word_1_142' title='bbox 524 2227 645 2284; x_wconf 90' lang='lat' dir='ltr'><strong>nobiles</strong></span> <span class='ocrx_word' id='word_1_143' title='bbox 670 2235 700 2285; x_wconf 89' lang='lat' dir='ltr'><strong>et</strong></span> <span class='ocrx_word' id='word_1_144' title='bbox 724 2229 851 2286; x_wconf 89' lang='lat' dir='ltr'><strong>comites</strong></span> <span class='ocrx_word' id='word_1_145' title='bbox 875 2229 1085 2298; x_wconf 87' lang='lat' dir='ltr'><strong>castrensium,</strong></span> <span class='ocrx_word' id='word_1_146' title='bbox 1117 2229 1183 2284; x_wconf 88' lang='lat' dir='ltr'><strong>sive</strong></span> <span class='ocrx_word' id='word_1_147' title='bbox 1213 2227 1382 2295; x_wconf 91' lang='lat' dir='ltr'><strong>castellani,</strong></span> <span class='ocrx_word' id='word_1_148' title='bbox 1406 2226 1461 2298; x_wconf 94' lang='lat' dir='ltr'><strong>qui</strong></span> <span class='ocrx_word' id='word_1_149' title='bbox 1484 2225 1561 2282; x_wconf 84' lang='lat' dir='ltr'><strong>infra</strong></span> <span class='ocrx_word' id='word_1_150' title='bbox 1583 2241 1644 2299; x_wconf 89' lang='lat' dir='ltr'><strong>pre·</strong></span> 
     </span>
     <span class='ocr_line' id='line_1_17' title="bbox 389 2332 1644 2408; baseline -0.001 -20"><span class='ocrx_word' id='word_1_151' title='bbox 389 2334 482 2388; x_wconf 89' lang='lat' dir='ltr'><strong>missa</strong></span> <span class='ocrx_word' id='word_1_152' title='bbox 505 2338 645 2407; x_wconf 87' lang='lat' dir='ltr'><strong>tempora</strong></span> <span class='ocrx_word' id='word_1_153' title='bbox 677 2351 733 2408; x_wconf 91' lang='lat' dir='ltr'><strong>per</strong></span> <span class='ocrx_word' id='word_1_154' title='bbox 764 2335 968 2392; x_wconf 90' lang='lat' dir='ltr'><strong>decimatores</strong></span> <span class='ocrx_word' id='word_1_155' title='bbox 998 2335 1095 2391; x_wconf 90' lang='lat' dir='ltr'><strong>semel</strong></span> <span class='ocrx_word' id='word_1_156' title='bbox 1126 2333 1266 2406; x_wconf 90' lang='lat' dir='ltr'><strong>requisiti</strong></span> <span class='ocrx_word' id='word_1_157' title='bbox 1299 2340 1440 2407; x_wconf 88' lang='lat' dir='ltr'><strong>tempore</strong></span> <span class='ocrx_word' id='word_1_158' title='bbox 1471 2332 1644 2404; x_wconf 88' lang='lat' dir='ltr'><strong>competenti</strong></span> 
     </span>
     <span class='ocr_line' id='line_1_18' title="bbox 387 2439 1644 2514; baseline 0.002 -21"><span class='ocrx_word' id='word_1_159' title='bbox 387 2453 457 2494; x_wconf 89' lang='lat' dir='ltr'><strong>suas</strong></span> <span class='ocrx_word' id='word_1_160' title='bbox 480 2444 510 2496; x_wconf 94' lang='lat' dir='ltr'><strong>et</strong></span> <span class='ocrx_word' id='word_1_161' title='bbox 534 2455 662 2498; x_wconf 90' lang='lat' dir='ltr'><strong>suorum</strong></span> <span class='ocrx_word' id='word_1_162' title='bbox 686 2441 884 2499; x_wconf 89' lang='lat' dir='ltr'><strong>subditorum</strong></span> <span class='ocrx_word' id='word_1_163' title='bbox 908 2441 1043 2499; x_wconf 89' lang='lat' dir='ltr'><strong>decimas</strong></span> <span class='ocrx_word' id='word_1_164' title='bbox 1068 2443 1185 2514; x_wconf 87' lang='lat' dir='ltr'><strong>integre</strong></span> <span class='ocrx_word' id='word_1_165' title='bbox 1215 2441 1395 2514; x_wconf 90' lang='lat' dir='ltr'><strong>persolvere</strong></span> <span class='ocrx_word' id='word_1_166' title='bbox 1418 2441 1597 2508; x_wconf 88' lang='lat' dir='ltr'><strong>curaverint,</strong></span> <span class='ocrx_word' id='word_1_167' title='bbox 1611 2439 1644 2496; x_wconf 89' lang='lat' dir='ltr'><strong>de</strong></span> 
     </span>
     <span class='ocr_line' id='line_1_19' title="bbox 388 2544 1644 2621; baseline 0 -20"><span class='ocrx_word' id='word_1_168' title='bbox 388 2544 478 2603; x_wconf 91' lang='lat' dir='ltr'><strong>dictis</strong></span> <span class='ocrx_word' id='word_1_169' title='bbox 501 2547 564 2604; x_wconf 90' lang='lat' dir='ltr'><strong>suis</strong></span> <span class='ocrx_word' id='word_1_170' title='bbox 588 2555 618 2603; x_wconf 93' lang='lat' dir='ltr'><strong>et</strong></span> <span class='ocrx_word' id='word_1_171' title='bbox 641 2563 768 2604; x_wconf 92' lang='lat' dir='ltr'><strong>suorum</strong></span> <span class='ocrx_word' id='word_1_172' title='bbox 793 2547 1030 2621; x_wconf 87' lang='lat' dir='ltr'><strong>quibuscunque</strong></span> <span class='ocrx_word' id='word_1_173' title='bbox 1053 2547 1174 2604; x_wconf 91' lang='lat' dir='ltr'><strong>racione</strong></span> <span class='ocrx_word' id='word_1_174' title='bbox 1198 2563 1271 2603; x_wconf 92' lang='lat' dir='ltr'><strong>cure</strong></span> <span class='ocrx_word' id='word_1_175' title='bbox 1293 2553 1323 2603; x_wconf 90' lang='lat' dir='ltr'><strong>et</strong></span> <span class='ocrx_word' id='word_1_176' title='bbox 1339 2547 1555 2603; x_wconf 90' lang='lat' dir='ltr'><strong>sollicitudinis</strong></span> <span class='ocrx_word' id='word_1_177' title='bbox 1577 2559 1644 2618; x_wconf 89' lang='lat' dir='ltr'><strong>quas</strong></span> 
     </span>
     <span class='ocr_line' id='line_1_20' title="bbox 387 2652 1646 2726; baseline -0.001 -18"><span class='ocrx_word' id='word_1_178' title='bbox 387 2652 417 2708; x_wconf 93' lang='lat' dir='ltr'><strong>in</strong></span> <span class='ocrx_word' id='word_1_179' title='bbox 442 2653 500 2709; x_wconf 93' lang='lat' dir='ltr'><strong>hoc</strong></span> <span class='ocrx_word' id='word_1_180' title='bbox 524 2653 723 2710; x_wconf 88' lang='lat' dir='ltr'><strong>adhibuerint</strong></span> <span class='ocrx_word' id='word_1_181' title='bbox 748 2663 867 2726; x_wconf 89' lang='lat' dir='ltr'><strong>partem</strong></span> <span class='ocrx_word' id='word_1_182' title='bbox 892 2653 1166 2712; x_wconf 85' lang='lat' dir='ltr'><strong>sextamdecimam</strong></span> <span class='ocrx_word' id='word_1_183' title='bbox 1184 2653 1316 2710; x_wconf 90' lang='lat' dir='ltr'><strong>habeant</strong></span> <span class='ocrx_word' id='word_1_184' title='bbox 1332 2659 1361 2710; x_wconf 88' lang='lat' dir='ltr'><strong>et</strong></span> <span class='ocrx_word' id='word_1_185' title='bbox 1379 2653 1461 2710; x_wconf 86' lang='lat' dir='ltr'><strong>ultra</strong></span> <span class='ocrx_word' id='word_1_186' title='bbox 1480 2654 1535 2710; x_wconf 90' lang='lat' dir='ltr'><strong>hec</strong></span> <span class='ocrx_word' id='word_1_187' title='bbox 1550 2652 1646 2709; x_wconf 91' lang='lat' dir='ltr'><strong>nullus</strong></span> 
     </span>
     <span class='ocr_line' id='line_1_21' title="bbox 388 2758 1646 2833; baseline 0 -20"><span class='ocrx_word' id='word_1_188' title='bbox 388 2758 447 2814; x_wconf 92' lang='lat' dir='ltr'><strong>sibi</strong></span> <span class='ocrx_word' id='word_1_189' title='bbox 471 2760 635 2832; x_wconf 89' lang='lat' dir='ltr'><strong>quitquam</strong></span> <span class='ocrx_word' id='word_1_190' title='bbox 654 2767 794 2833; x_wconf 92' lang='lat' dir='ltr'><strong>pretextu</strong></span> <span class='ocrx_word' id='word_1_191' title='bbox 819 2760 1047 2818; x_wconf 73' lang='lat' dir='ltr'><strong>consuetudinis</strong></span> <span class='ocrx_word' id='word_1_192' title='bbox 1069 2761 1277 2832; x_wconf 91' lang='lat' dir='ltr'><strong>cuiuscunque</strong></span> <span class='ocrx_word' id='word_1_193' title='bbox 1294 2760 1344 2816; x_wconf 86' lang='lat' dir='ltr'><strong>vel</strong></span> <span class='ocrx_word' id='word_1_194' title='bbox 1361 2760 1452 2816; x_wconf 86' lang='lat' dir='ltr'><strong>aliter</strong></span> <span class='ocrx_word' id='word_1_195' title='bbox 1467 2759 1567 2816; x_wconf 80' lang='lat' dir='ltr'><strong>valeat</strong></span> <span class='ocrx_word' id='word_1_196' title='bbox 1582 2773 1646 2814; x_wconf 84' lang='lat' dir='ltr'><strong>ven·</strong></span> 
     </span>
     <span class='ocr_line' id='line_1_22' title="bbox 390 2863 1646 2940; baseline -0.001 -19"><span class='ocrx_word' id='word_1_197' title='bbox 390 2863 502 2922; x_wconf 90' lang='lat' dir='ltr'><strong>dicare.</strong></span> <span class='ocrx_word' id='word_1_198' title='bbox 527 2866 577 2924; x_wconf 92' lang='lat' dir='ltr'><strong>llli</strong></span> <span class='ocrx_word' id='word_1_199' title='bbox 601 2881 684 2936; x_wconf 88' lang='lat' dir='ltr'><strong>vero,</strong></span> <span class='ocrx_word' id='word_1_200' title='bbox 708 2867 762 2939; x_wconf 90' lang='lat' dir='ltr'><strong>qui</strong></span> <span class='ocrx_word' id='word_1_201' title='bbox 787 2865 983 2940; x_wconf 86' lang='lat' dir='ltr'><strong>infrascripta</strong></span> <span class='ocrx_word' id='word_1_202' title='bbox 1006 2873 1148 2940; x_wconf 88' lang='lat' dir='ltr'><strong>tempora</strong></span> <span class='ocrx_word' id='word_1_203' title='bbox 1172 2871 1201 2922; x_wconf 90' lang='lat' dir='ltr'><strong>et</strong></span> <span class='ocrx_word' id='word_1_204' title='bbox 1228 2866 1375 2938; x_wconf 88' lang='lat' dir='ltr'><strong>deinceps</strong></span> <span class='ocrx_word' id='word_1_205' title='bbox 1407 2881 1504 2937; x_wconf 90' lang='lat' dir='ltr'><strong>usque</strong></span> <span class='ocrx_word' id='word_1_206' title='bbox 1533 2871 1646 2922; x_wconf 82' lang='lat' dir='ltr'><strong>octavas</strong></span> 
     </span>
     <span class='ocr_line' id='line_1_23' title="bbox 388 2969 1644 3045; baseline 0 -19"><span class='ocrx_word' id='word_1_207' title='bbox 388 2971 471 3028; x_wconf 90' lang='lat' dir='ltr'><strong>beati</strong></span> <span class='ocrx_word' id='word_1_208' title='bbox 492 2970 612 3029; x_wconf 87' lang='lat' dir='ltr'><strong>Andree</strong></span> <span class='ocrx_word' id='word_1_209' title='bbox 636 2973 778 3044; x_wconf 91' lang='lat' dir='ltr'><strong>apostoli,</strong></span> <span class='ocrx_word' id='word_1_210' title='bbox 796 2972 890 3030; x_wconf 90' lang='lat' dir='ltr'><strong>modo</strong></span> <span class='ocrx_word' id='word_1_211' title='bbox 914 2980 944 3030; x_wconf 90' lang='lat' dir='ltr'><strong>et</strong></span> <span class='ocrx_word' id='word_1_212' title='bbox 967 2973 1074 3030; x_wconf 88' lang='lat' dir='ltr'><strong>ordine</strong></span> <span class='ocrx_word' id='word_1_213' title='bbox 1100 2971 1292 3045; x_wconf 89' lang='lat' dir='ltr'><strong>supradictis,</strong></span> <span class='ocrx_word' id='word_1_214' title='bbox 1310 2972 1408 3027; x_wconf 91' lang='lat' dir='ltr'><strong>tocius</strong></span> <span class='ocrx_word' id='word_1_215' title='bbox 1432 2971 1549 3028; x_wconf 89' lang='lat' dir='ltr'><strong>decime</strong></span> <span class='ocrx_word' id='word_1_216' title='bbox 1571 2969 1644 3026; x_wconf 89' lang='lat' dir='ltr'><strong>solu·</strong></span> 
     </span>
     <span class='ocr_line' id='line_1_24' title="bbox 388 3077 1643 3152; baseline -0.002 -19"><span class='ocrx_word' id='word_1_217' title='bbox 388 3077 508 3134; x_wconf 90' lang='lat' dir='ltr'><strong>cionem</strong></span> <span class='ocrx_word' id='word_1_218' title='bbox 539 3093 600 3135; x_wconf 94' lang='lat' dir='ltr'><strong>non</strong></span> <span class='ocrx_word' id='word_1_219' title='bbox 633 3077 767 3147; x_wconf 85' lang='lat' dir='ltr'><strong>iecerint,</strong></span> <span class='ocrx_word' id='word_1_220' title='bbox 799 3094 835 3135; x_wconf 92' lang='lat' dir='ltr'><strong>eo</strong></span> <span class='ocrx_word' id='word_1_221' title='bbox 867 3080 934 3152; x_wconf 91' lang='lat' dir='ltr'><strong>ipso</strong></span> <span class='ocrx_word' id='word_1_222' title='bbox 965 3095 1038 3152; x_wconf 88' lang='lat' dir='ltr'><strong>pars</strong></span> <span class='ocrx_word' id='word_1_223' title='bbox 1069 3077 1261 3135; x_wconf 87' lang='lat' dir='ltr'><strong>decimarum</strong></span> <span class='ocrx_word' id='word_1_224' title='bbox 1286 3077 1398 3148; x_wconf 87' lang='lat' dir='ltr'><strong>totalis,</strong></span> <span class='ocrx_word' id='word_1_225' title='bbox 1423 3093 1483 3149; x_wconf 93' lang='lat' dir='ltr'><strong>que</strong></span> <span class='ocrx_word' id='word_1_226' title='bbox 1506 3077 1594 3149; x_wconf 92' lang='lat' dir='ltr'><strong>ipsos,</strong></span> <span class='ocrx_word' id='word_1_227' title='bbox 1615 3081 1643 3130; x_wconf 96' lang='lat' dir='ltr'><strong>ut</strong></span> 
     </span>
     <span class='ocr_line' id='line_1_25' title="bbox 388 3183 1642 3257; baseline -0.003 -17"><span class='ocrx_word' id='word_1_228' title='bbox 388 3183 566 3256; x_wconf 90' lang='lat' dir='ltr'><strong>predicitur,</strong></span> <span class='ocrx_word' id='word_1_229' title='bbox 591 3191 711 3257; x_wconf 88' lang='lat' dir='ltr'><strong>poterat</strong></span> <span class='ocrx_word' id='word_1_230' title='bbox 734 3186 918 3257; x_wconf 91' lang='lat' dir='ltr'><strong>contingere,</strong></span> <span class='ocrx_word' id='word_1_231' title='bbox 941 3185 1028 3242; x_wconf 91' lang='lat' dir='ltr'><strong>cedat</strong></span> <span class='ocrx_word' id='word_1_232' title='bbox 1044 3185 1100 3255; x_wconf 95' lang='lat' dir='ltr'><strong>illi,</strong></span> <span class='ocrx_word' id='word_1_233' title='bbox 1117 3185 1171 3256; x_wconf 91' lang='lat' dir='ltr'><strong>qui</strong></span> <span class='ocrx_word' id='word_1_234' title='bbox 1191 3183 1305 3241; x_wconf 88' lang='lat' dir='ltr'><strong>adhoc</strong></span> <span class='ocrx_word' id='word_1_235' title='bbox 1324 3199 1381 3257; x_wconf 86' lang='lat' dir='ltr'><strong>per</strong></span> <span class='ocrx_word' id='word_1_236' title='bbox 1395 3199 1451 3240; x_wconf 90' lang='lat' dir='ltr'><strong>nos</strong></span> <span class='ocrx_word' id='word_1_237' title='bbox 1475 3183 1525 3240; x_wconf 89' lang='lat' dir='ltr'><strong>vel</strong></span> <span class='ocrx_word' id='word_1_238' title='bbox 1540 3184 1642 3238; x_wconf 89' lang='lat' dir='ltr'><strong>banum</strong></span> 
     </span>
     <span class='ocr_line' id='line_1_26' title="bbox 388 3286 1644 3364; baseline -0.002 -19"><span class='ocrx_word' id='word_1_239' title='bbox 388 3303 447 3364; x_wconf 90' lang='lat' dir='ltr'><strong>pro</strong></span> <span class='ocrx_word' id='word_1_240' title='bbox 471 3293 610 3362; x_wconf 91' lang='lat' dir='ltr'><strong>ternpore</strong></span> <span class='ocrx_word' id='word_1_241' title='bbox 643 3291 844 3347; x_wconf 89' lang='lat' dir='ltr'><strong>constitutum</strong></span> <span class='ocrx_word' id='word_1_242' title='bbox 875 3289 967 3348; x_wconf 88' lang='lat' dir='ltr'><strong>fuerit</strong></span> <span class='ocrx_word' id='word_1_243' title='bbox 999 3290 1172 3364; x_wconf 76' lang='lat' dir='ltr'><strong>deputatus,</strong></span> <span class='ocrx_word' id='word_1_244' title='bbox 1204 3289 1241 3346; x_wconf 85' lang='lat' dir='ltr'><strong>Et</strong></span> <span class='ocrx_word' id='word_1_245' title='bbox 1271 3289 1491 3346; x_wconf 89' lang='lat' dir='ltr'><strong>nichilominus</strong></span> <span class='ocrx_word' id='word_1_246' title='bbox 1517 3286 1644 3359; x_wconf 88' lang='lat' dir='ltr'><strong>singulos</strong></span> 
     </span>
     <span class='ocr_line' id='line_1_27' title="bbox 388 3393 1643 3470; baseline -0.002 -19"><span class='ocrx_word' id='word_1_247' title='bbox 388 3394 510 3452; x_wconf 91' lang='lat' dir='ltr'><strong>nobiles</strong></span> <span class='ocrx_word' id='word_1_248' title='bbox 533 3403 667 3452; x_wconf 90' lang='lat' dir='ltr'><strong>castrum</strong></span> <span class='ocrx_word' id='word_1_249' title='bbox 695 3397 746 3452; x_wconf 87' lang='lat' dir='ltr'><strong>vel</strong></span> <span class='ocrx_word' id='word_1_250' title='bbox 769 3397 891 3470; x_wconf 91' lang='lat' dir='ltr'><strong>amplas</strong></span> <span class='ocrx_word' id='word_1_251' title='bbox 914 3398 1122 3469; x_wconf 90' lang='lat' dir='ltr'><strong>possessiones</strong></span> <span class='ocrx_word' id='word_1_252' title='bbox 1146 3397 1293 3453; x_wconf 91' lang='lat' dir='ltr'><strong>habentes</strong></span> <span class='ocrx_word' id='word_1_253' title='bbox 1318 3395 1347 3452; x_wconf 96' lang='lat' dir='ltr'><strong>in</strong></span> <span class='ocrx_word' id='word_1_254' title='bbox 1372 3396 1509 3468; x_wconf 92' lang='lat' dir='ltr'><strong>quinque</strong></span> <span class='ocrx_word' id='word_1_255' title='bbox 1536 3393 1643 3460; x_wconf 88' lang='lat' dir='ltr'><strong>marcis,</strong></span> 
     </span>
     <span class='ocr_line' id='line_1_28' title="bbox 388 3499 1643 3570; baseline -0.003 -14"><span class='ocrx_word' id='word_1_256' title='bbox 388 3500 466 3557; x_wconf 90' lang='lat' dir='ltr'><strong>alios</strong></span> <span class='ocrx_word' id='word_1_257' title='bbox 490 3516 564 3558; x_wconf 89' lang='lat' dir='ltr'><strong>vero</strong></span> <span class='ocrx_word' id='word_1_258' title='bbox 588 3502 617 3558; x_wconf 93' lang='lat' dir='ltr'><strong>in</strong></span> <span class='ocrx_word' id='word_1_259' title='bbox 643 3517 702 3558; x_wconf 92' lang='lat' dir='ltr'><strong>una</strong></span> <span class='ocrx_word' id='word_1_260' title='bbox 727 3517 840 3570; x_wconf 84' lang='lat' dir='ltr'><strong>marca,</strong></span> <span class='ocrx_word' id='word_1_261' title='bbox 864 3507 1034 3559; x_wconf 90' lang='lat' dir='ltr'><strong>castrenses</strong></span> <span class='ocrx_word' id='word_1_262' title='bbox 1057 3509 1161 3558; x_wconf 90' lang='lat' dir='ltr'><strong>autern</strong></span> <span class='ocrx_word' id='word_1_263' title='bbox 1185 3517 1237 3558; x_wconf 89' lang='lat' dir='ltr'><strong>seu</strong></span> <span class='ocrx_word' id='word_1_264' title='bbox 1262 3501 1497 3558; x_wconf 87' lang='lat' dir='ltr'><strong>marturinarios</strong></span> <span class='ocrx_word' id='word_1_265' title='bbox 1519 3509 1548 3556; x_wconf 90' lang='lat' dir='ltr'><strong>et</strong></span> <span class='ocrx_word' id='word_1_266' title='bbox 1570 3499 1643 3555; x_wconf 78' lang='lat' dir='ltr'><strong>cives</strong></span> 
     </span>
     <span class='ocr_line' id='line_1_29' title="bbox 389 3606 1711 3686; baseline -0.004 -24"><span class='ocrx_word' id='word_1_267' title='bbox 389 3607 421 3662; x_wconf 93' lang='lat' dir='ltr'><strong>in</strong></span> <span class='ocrx_word' id='word_1_268' title='bbox 442 3621 546 3663; x_wconf 91' lang='lat' dir='ltr'><strong>marca</strong></span> <span class='ocrx_word' id='word_1_269' title='bbox 568 3606 679 3677; x_wconf 88' lang='lat' dir='ltr'><strong>media,</strong></span> <span class='ocrx_word' id='word_1_270' title='bbox 702 3609 755 3680; x_wconf 91' lang='lat' dir='ltr'><strong>qui</strong></span> <span class='ocrx_word' id='word_1_271' title='bbox 786 3609 977 3664; x_wconf 90' lang='lat' dir='ltr'><strong>solucionem</strong></span> <span class='ocrx_word' id='word_1_272' title='bbox 1008 3608 1136 3664; x_wconf 89' lang='lat' dir='ltr'><strong>totalem</strong></span> <span class='ocrx_word' id='word_1_273' title='bbox 1169 3609 1305 3680; x_wconf 90' lang='lat' dir='ltr'><strong>ipsarum</strong></span> <span class='ocrx_word' id='word_1_274' title='bbox 1338 3606 1528 3664; x_wconf 89' lang='lat' dir='ltr'><strong>decimarum</strong></span> <span class='ocrx_word' id='word_1_275' title='bbox 1557 3617 1643 3676; x_wconf 92' lang='lat' dir='ltr'><strong>usque</strong></span> <span class='ocrx_word' id='word_1_276' title='bbox 1704 3673 1711 3686; x_wconf 95' lang='lat'><em>.</em></span> 
     </span>
     <span class='ocr_line' id='line_1_30' title="bbox 389 3711 1643 3787; baseline -0.003 -19"><span class='ocrx_word' id='word_1_277' title='bbox 389 3711 576 3784; x_wconf 91' lang='lat' dir='ltr'><strong>quindenam</strong></span> <span class='ocrx_word' id='word_1_278' title='bbox 609 3713 740 3787; x_wconf 89' lang='lat' dir='ltr'><strong>predicti</strong></span> <span class='ocrx_word' id='word_1_279' title='bbox 774 3713 841 3770; x_wconf 87' lang='lat' dir='ltr'><strong>lesti</strong></span> <span class='ocrx_word' id='word_1_280' title='bbox 866 3715 948 3770; x_wconf 86' lang='lat' dir='ltr'><strong>beati</strong></span> <span class='ocrx_word' id='word_1_281' title='bbox 972 3713 1093 3770; x_wconf 85' lang='lat' dir='ltr'><strong>Andree</strong></span> <span class='ocrx_word' id='word_1_282' title='bbox 1124 3728 1184 3770; x_wconf 93' lang='lat' dir='ltr'><strong>non</strong></span> <span class='ocrx_word' id='word_1_283' title='bbox 1217 3712 1344 3770; x_wconf 85' lang='lat' dir='ltr'><strong>fecerint</strong></span> <span class='ocrx_word' id='word_1_284' title='bbox 1366 3719 1397 3769; x_wconf 90' lang='lat' dir='ltr'><strong>et</strong></span> <span class='ocrx_word' id='word_1_285' title='bbox 1420 3713 1478 3769; x_wconf 91' lang='lat' dir='ltr'><strong>hoc</strong></span> <span class='ocrx_word' id='word_1_286' title='bbox 1505 3727 1558 3784; x_wconf 90' lang='lat' dir='ltr'><strong>per</strong></span> <span class='ocrx_word' id='word_1_287' title='bbox 1579 3723 1643 3782; x_wconf 89' lang='lat' dir='ltr'><strong>que-</strong></span> 
     </span>
     <span class='ocr_line' id='line_1_31' title="bbox 389 3813 1643 3893; baseline -0.003 -19"><span class='ocrx_word' id='word_1_288' title='bbox 389 3819 487 3876; x_wconf 91' lang='lat' dir='ltr'><strong>relam</strong></span> <span class='ocrx_word' id='word_1_289' title='bbox 511 3818 736 3876; x_wconf 90' lang='lat' dir='ltr'><strong>decimatorum</strong></span> <span class='ocrx_word' id='word_1_290' title='bbox 759 3821 937 3888; x_wconf 89' lang='lat' dir='ltr'><strong>constiterit,</strong></span> <span class='ocrx_word' id='word_1_291' title='bbox 964 3819 1235 3893; x_wconf 89' lang='lat' dir='ltr'><strong>condempnamus.</strong></span> <span class='ocrx_word' id='word_1_292' title='bbox 1261 3819 1320 3876; x_wconf 83' lang='lat' dir='ltr'><strong>Pro</strong></span> <span class='ocrx_word' id='word_1_293' title='bbox 1343 3819 1471 3876; x_wconf 87' lang='lat' dir='ltr'><strong>decimis</strong></span> <span class='ocrx_word' id='word_1_294' title='bbox 1487 3824 1584 3874; x_wconf 90' lang='lat' dir='ltr'><strong>autem</strong></span> <span class='ocrx_word' id='word_1_295' title='bbox 1599 3813 1643 3871; x_wconf 81' lang='lat' dir='ltr'><strong>vel</strong></span> 
     </span>
     <span class='ocr_line' id='line_1_32' title="bbox 389 3923 1642 3999; baseline -0.004 -18"><span class='ocrx_word' id='word_1_296' title='bbox 389 3929 476 3997; x_wconf 87' lang='lat' dir='ltr'><strong>parte</strong></span> <span class='ocrx_word' id='word_1_297' title='bbox 500 3941 606 3982; x_wconf 91' lang='lat' dir='ltr'><strong>earum</strong></span> <span class='ocrx_word' id='word_1_298' title='bbox 631 3940 692 3982; x_wconf 91' lang='lat' dir='ltr'><strong>non</strong></span> <span class='ocrx_word' id='word_1_299' title='bbox 715 3927 832 3995; x_wconf 87' lang='lat' dir='ltr'><strong>solutis,</strong></span> <span class='ocrx_word' id='word_1_300' title='bbox 857 3932 968 3983; x_wconf 88' lang='lat' dir='ltr'><strong>extunc</strong></span> <span class='ocrx_word' id='word_1_301' title='bbox 998 3925 1201 3983; x_wconf 90' lang='lat' dir='ltr'><strong>decimatores</strong></span> <span class='ocrx_word' id='word_1_302' title='bbox 1233 3925 1381 3999; x_wconf 90' lang='lat' dir='ltr'><strong>sepedicti</strong></span> <span class='ocrx_word' id='word_1_303' title='bbox 1413 3923 1575 3981; x_wconf 92' lang='lat' dir='ltr'><strong>secundum</strong></span> <span class='ocrx_word' id='word_1_304' title='bbox 1599 3935 1642 3976; x_wconf 86' lang='lat' dir='ltr'><strong>ra-</strong></span> 
     </span>
     <span class='ocr_line' id='line_1_33' title="bbox 390 4028 1641 4106; baseline -0.003 -19"><span class='ocrx_word' id='word_1_305' title='bbox 390 4030 489 4088; x_wconf 90' lang='lat' dir='ltr'><strong>lorem</strong></span> <span class='ocrx_word' id='word_1_306' title='bbox 512 4047 617 4088; x_wconf 88' lang='lat' dir='ltr'><strong>rerum</strong></span> <span class='ocrx_word' id='word_1_307' title='bbox 634 4031 834 4090; x_wconf 92' lang='lat' dir='ltr'><strong>decimalium</strong></span> <span class='ocrx_word' id='word_1_308' title='bbox 850 4039 1078 4105; x_wconf 89' lang='lat' dir='ltr'><strong>congruentem,</strong></span> <span class='ocrx_word' id='word_1_309' title='bbox 1099 4033 1265 4106; x_wconf 91' lang='lat' dir='ltr'><strong>recipiendi</strong></span> <span class='ocrx_word' id='word_1_310' title='bbox 1282 4032 1433 4102; x_wconf 87' lang='lat' dir='ltr'><strong>denarios,</strong></span> <span class='ocrx_word' id='word_1_311' title='bbox 1450 4032 1476 4090; x_wconf 92' lang='lat' dir='ltr'><strong>si</strong></span> <span class='ocrx_word' id='word_1_312' title='bbox 1492 4028 1641 4095; x_wconf 80' lang='lat' dir='ltr'><strong>voluerint,</strong></span> 
     </span>
     <span class='ocr_line' id='line_1_34' title="bbox 392 4137 1643 4212; baseline -0.005 -18"><span class='ocrx_word' id='word_1_313' title='bbox 392 4137 551 4194; x_wconf 88' lang='lat' dir='ltr'><strong>habebunt</strong></span> <span class='ocrx_word' id='word_1_314' title='bbox 575 4138 707 4195; x_wconf 87' lang='lat' dir='ltr'><strong>liberam</strong></span> <span class='ocrx_word' id='word_1_315' title='bbox 733 4138 919 4196; x_wconf 86' lang='lat' dir='ltr'><strong>facultatem.</strong></span> <span class='ocrx_word' id='word_1_316' title='bbox 952 4139 988 4196; x_wconf 83' lang='lat' dir='ltr'><strong>Et</strong></span> <span class='ocrx_word' id='word_1_317' title='bbox 1019 4139 1057 4196; x_wconf 92' lang='lat' dir='ltr'><strong>ad</strong></span> <span class='ocrx_word' id='word_1_318' title='bbox 1090 4140 1146 4197; x_wconf 92' lang='lat' dir='ltr'><strong>hec</strong></span> <span class='ocrx_word' id='word_1_319' title='bbox 1180 4138 1360 4212; x_wconf 91' lang='lat' dir='ltr'><strong>exequenda</strong></span> <span class='ocrx_word' id='word_1_320' title='bbox 1390 4137 1597 4210; x_wconf 86' lang='lat' dir='ltr'><strong>zagrabienses</strong></span> <span class='ocrx_word' id='word_1_321' title='bbox 1618 4137 1643 4188; x_wconf 93' lang='lat' dir='ltr'><strong>et</strong></span> 
     </span>
     <span class='ocr_line' id='line_1_35' title="bbox 392 4237 1643 4318; baseline -0.005 -19"><span class='ocrx_word' id='word_1_322' title='bbox 392 4243 551 4300; x_wconf 90' lang='lat' dir='ltr'><strong>crisienses</strong></span> <span class='ocrx_word' id='word_1_323' title='bbox 574 4244 709 4314; x_wconf 74' lang='lat' dir='ltr'><strong>comites</strong></span> <span class='ocrx_word' id='word_1_324' title='bbox 733 4245 763 4302; x_wconf 93' lang='lat' dir='ltr'><strong>in</strong></span> <span class='ocrx_word' id='word_1_325' title='bbox 788 4251 851 4302; x_wconf 92' lang='lat' dir='ltr'><strong>tota</strong></span> <span class='ocrx_word' id='word_1_326' title='bbox 874 4246 1016 4317; x_wconf 91' lang='lat' dir='ltr'><strong>dyoecesi</strong></span> <span class='ocrx_word' id='word_1_327' title='bbox 1048 4247 1249 4318; x_wconf 88' lang='lat' dir='ltr'><strong>zagrabiensi,</strong></span> <span class='ocrx_word' id='word_1_328' title='bbox 1280 4246 1338 4302; x_wconf 93' lang='lat' dir='ltr'><strong>nisi</strong></span> <span class='ocrx_word' id='word_1_329' title='bbox 1370 4244 1423 4302; x_wconf 90' lang='lat' dir='ltr'><strong>alii</strong></span> <span class='ocrx_word' id='word_1_330' title='bbox 1449 4259 1504 4317; x_wconf 90' lang='lat' dir='ltr'><strong>per</strong></span> <span class='ocrx_word' id='word_1_331' title='bbox 1526 4257 1578 4299; x_wconf 93' lang='lat' dir='ltr'><strong>nos</strong></span> <span class='ocrx_word' id='word_1_332' title='bbox 1599 4237 1643 4295; x_wconf 85' lang='lat' dir='ltr'><strong>rel</strong></span> 
     </span>
     <span class='ocr_line' id='line_1_36' title="bbox 392 4346 1645 4425; baseline -0.002 -21"><span class='ocrx_word' id='word_1_333' title='bbox 392 4349 506 4404; x_wconf 91' lang='lat' dir='ltr'><strong>hanum</strong></span> <span class='ocrx_word' id='word_1_334' title='bbox 532 4365 589 4422; x_wconf 87' lang='lat' dir='ltr'><strong>pro</strong></span> <span class='ocrx_word' id='word_1_335' title='bbox 613 4357 753 4423; x_wconf 92' lang='lat' dir='ltr'><strong>tempore</strong></span> <span class='ocrx_word' id='word_1_336' title='bbox 784 4353 984 4408; x_wconf 91' lang='lat' dir='ltr'><strong>constitutum</strong></span> <span class='ocrx_word' id='word_1_337' title='bbox 1015 4351 1246 4425; x_wconf 89' lang='lat' dir='ltr'><strong>deputarentur,</strong></span> <span class='ocrx_word' id='word_1_338' title='bbox 1280 4352 1425 4409; x_wconf 87' lang='lat' dir='ltr'><strong>volumus</strong></span> <span class='ocrx_word' id='word_1_339' title='bbox 1456 4365 1520 4407; x_wconf 88' lang='lat' dir='ltr'><strong>esse</strong></span> <span class='ocrx_word' id='word_1_340' title='bbox 1543 4346 1645 4404; x_wconf 79' lang='lat' dir='ltr'><strong>sorcius</strong></span> 
     </span>
     <span class='ocr_line' id='line_1_37' title="bbox 390 4453 1645 4532; baseline -0.002 -21"><span class='ocrx_word' id='word_1_341' title='bbox 390 4455 545 4526; x_wconf 90' lang='lat' dir='ltr'><strong>obligatos</strong></span> <span class='ocrx_word' id='word_1_342' title='bbox 569 4456 618 4526; x_wconf 90' lang='lat' dir='ltr'><strong>ita,</strong></span> <span class='ocrx_word' id='word_1_343' title='bbox 646 4467 678 4512; x_wconf 91' lang='lat' dir='ltr'><strong>ut</strong></span> <span class='ocrx_word' id='word_1_344' title='bbox 702 4473 739 4514; x_wconf 91' lang='lat' dir='ltr'><strong>ex</strong></span> <span class='ocrx_word' id='word_1_345' title='bbox 763 4463 835 4515; x_wconf 93' lang='lat' dir='ltr'><strong>tunc</strong></span> <span class='ocrx_word' id='word_1_346' title='bbox 858 4459 889 4514; x_wconf 95' lang='lat' dir='ltr'><strong>in</strong></span> <span class='ocrx_word' id='word_1_347' title='bbox 912 4459 1001 4516; x_wconf 90' lang='lat' dir='ltr'><strong>brevi</strong></span> <span class='ocrx_word' id='word_1_348' title='bbox 1026 4475 1081 4532; x_wconf 90' lang='lat' dir='ltr'><strong>per</strong></span> <span class='ocrx_word' id='word_1_349' title='bbox 1103 4459 1263 4531; x_wconf 88' lang='lat' dir='ltr'><strong>capciones</strong></span> <span class='ocrx_word' id='word_1_350' title='bbox 1283 4459 1459 4531; x_wconf 87' lang='lat' dir='ltr'><strong>pignorum,</strong></span> <span class='ocrx_word' id='word_1_351' title='bbox 1479 4453 1568 4512; x_wconf 90' lang='lat' dir='ltr'><strong>modo</strong></span> <span class='ocrx_word' id='word_1_352' title='bbox 1583 4465 1645 4525; x_wconf 91' lang='lat' dir='ltr'><strong>pro·</strong></span> 
     </span>
     <span class='ocr_line' id='line_1_38' title="bbox 392 4561 1645 4637; baseline -0.003 -21"><span class='ocrx_word' id='word_1_353' title='bbox 392 4562 474 4616; x_wconf 87' lang='lat' dir='ltr'><strong>xime</strong></span> <span class='ocrx_word' id='word_1_354' title='bbox 498 4563 658 4634; x_wconf 89' lang='lat' dir='ltr'><strong>premisso,</strong></span> <span class='ocrx_word' id='word_1_355' title='bbox 688 4563 753 4635; x_wconf 93' lang='lat' dir='ltr'><strong>ipse</strong></span> <span class='ocrx_word' id='word_1_356' title='bbox 777 4563 896 4620; x_wconf 91' lang='lat' dir='ltr'><strong>decime</strong></span> <span class='ocrx_word' id='word_1_357' title='bbox 919 4566 1082 4637; x_wconf 89' lang='lat' dir='ltr'><strong>exigantur</strong></span> <span class='ocrx_word' id='word_1_358' title='bbox 1105 4571 1135 4621; x_wconf 91' lang='lat' dir='ltr'><strong>et</strong></span> <span class='ocrx_word' id='word_1_359' title='bbox 1158 4565 1320 4621; x_wconf 86' lang='lat' dir='ltr'><strong>solvantur</strong></span> <span class='ocrx_word' id='word_1_360' title='bbox 1350 4563 1469 4635; x_wconf 89' lang='lat' dir='ltr'><strong>integre</strong></span> <span class='ocrx_word' id='word_1_361' title='bbox 1492 4561 1645 4618; x_wconf 80' lang='lat' dir='ltr'><strong>decimato</strong></span> 
     </span>
     <span class='ocr_line' id='line_1_39' title="bbox 391 4666 1646 4743; baseline -0.002 -21"><span class='ocrx_word' id='word_1_362' title='bbox 391 4667 478 4723; x_wconf 91' lang='lat' dir='ltr'><strong>ribus</strong></span> <span class='ocrx_word' id='word_1_363' title='bbox 501 4683 558 4739; x_wconf 90' lang='lat' dir='ltr'><strong>per</strong></span> <span class='ocrx_word' id='word_1_364' title='bbox 581 4669 714 4725; x_wconf 86' lang='lat' dir='ltr'><strong>eosdem.</strong></span> <span class='ocrx_word' id='word_1_365' title='bbox 739 4669 800 4741; x_wconf 80' lang='lat' dir='ltr'><strong>Qui</strong></span> <span class='ocrx_word' id='word_1_366' title='bbox 823 4671 848 4726; x_wconf 93' lang='lat' dir='ltr'><strong>si</strong></span> <span class='ocrx_word' id='word_1_367' title='bbox 873 4687 959 4726; x_wconf 90' lang='lat' dir='ltr'><strong>secus</strong></span> <span class='ocrx_word' id='word_1_368' title='bbox 993 4670 1118 4728; x_wconf 81' lang='lat' dir='ltr'><strong>iecerint</strong></span> <span class='ocrx_word' id='word_1_369' title='bbox 1150 4678 1290 4743; x_wconf 91' lang='lat' dir='ltr'><strong>tempore</strong></span> <span class='ocrx_word' id='word_1_370' title='bbox 1317 4675 1430 4736; x_wconf 87' lang='lat' dir='ltr'><strong>nostro,</strong></span> <span class='ocrx_word' id='word_1_371' title='bbox 1455 4684 1491 4726; x_wconf 92' lang='lat' dir='ltr'><strong>eo</strong></span> <span class='ocrx_word' id='word_1_372' title='bbox 1514 4669 1579 4740; x_wconf 91' lang='lat' dir='ltr'><strong>ipso</strong></span> <span class='ocrx_word' id='word_1_373' title='bbox 1600 4666 1646 4720; x_wconf 83' lang='lat' dir='ltr'><strong>ho</strong></span> 
     </span>
     <span class='ocr_line' id='line_1_40' title="bbox 392 4774 1646 4850; baseline -0.006 -18"><span class='ocrx_word' id='word_1_374' title='bbox 392 4789 499 4832; x_wconf 89' lang='lat' dir='ltr'><strong>norem</strong></span> <span class='ocrx_word' id='word_1_375' title='bbox 523 4774 686 4831; x_wconf 90' lang='lat' dir='ltr'><strong>comitatus</strong></span> <span class='ocrx_word' id='word_1_376' title='bbox 709 4776 858 4846; x_wconf 89' lang='lat' dir='ltr'><strong>amittant,</strong></span> <span class='ocrx_word' id='word_1_377' title='bbox 890 4787 920 4833; x_wconf 89' lang='lat' dir='ltr'><strong>et</strong></span> <span class='ocrx_word' id='word_1_378' title='bbox 950 4777 1170 4834; x_wconf 91' lang='lat' dir='ltr'><strong>nichilominus</strong></span> <span class='ocrx_word' id='word_1_379' title='bbox 1201 4793 1257 4850; x_wconf 90' lang='lat' dir='ltr'><strong>per</strong></span> <span class='ocrx_word' id='word_1_380' title='bbox 1288 4775 1451 4832; x_wconf 89' lang='lat' dir='ltr'><strong>dominum</strong></span> <span class='ocrx_word' id='word_1_381' title='bbox 1478 4774 1646 4846; x_wconf 88' lang='lat' dir='ltr'><strong>episcopum</strong></span> 
     </span>
     <span class='ocr_line' id='line_1_41' title="bbox 392 4877 1646 4955; baseline -0.004 -18"><span class='ocrx_word' id='word_1_382' title='bbox 392 4881 582 4955; x_wconf 90' lang='lat' dir='ltr'><strong>sepedictum</strong></span> <span class='ocrx_word' id='word_1_383' title='bbox 607 4897 735 4940; x_wconf 87' lang='lat' dir='ltr'><strong>censura</strong></span> <span class='ocrx_word' id='word_1_384' title='bbox 759 4883 964 4940; x_wconf 88' lang='lat' dir='ltr'><strong>ecclesiastica</strong></span> <span class='ocrx_word' id='word_1_385' title='bbox 988 4883 1204 4955; x_wconf 85' lang='lat' dir='ltr'><strong>percellantur.</strong></span> <span class='ocrx_word' id='word_1_386' title='bbox 1241 4883 1273 4940; x_wconf 96' lang='lat' dir='ltr'><strong>ln</strong></span> <span class='ocrx_word' id='word_1_387' title='bbox 1297 4883 1383 4938; x_wconf 89' lang='lat' dir='ltr'><strong>cuius</strong></span> <span class='ocrx_word' id='word_1_388' title='bbox 1407 4882 1452 4938; x_wconf 90' lang='lat' dir='ltr'><strong>rei</strong></span> <span class='ocrx_word' id='word_1_389' title='bbox 1476 4877 1646 4937; x_wconf 86' lang='lat' dir='ltr'><strong>memoriam</strong></span> 
     </span>
     <span class='ocr_line' id='line_1_42' title="bbox 398 4981 1648 5072; baseline -0.006 -28"><span class='ocrx_word' id='word_1_390' title='bbox 398 4995 581 5062; x_wconf 91' lang='lat' dir='ltr'><strong>perpetuam</strong></span> <span class='ocrx_word' id='word_1_391' title='bbox 606 4995 761 5072; x_wconf 86' lang='lat' dir='ltr'><strong>presentes</strong></span> <span class='ocrx_word' id='word_1_392' title='bbox 785 4989 991 5045; x_wconf 87' lang='lat' dir='ltr'><strong>concessimus</strong></span> <span class='ocrx_word' id='word_1_393' title='bbox 1015 4989 1120 5046; x_wconf 88' lang='lat' dir='ltr'><strong>literas</strong></span> <span class='ocrx_word' id='word_1_394' title='bbox 1144 4989 1240 5062; x_wconf 92' lang='lat' dir='ltr'><strong>sigilli</strong></span> <span class='ocrx_word' id='word_1_395' title='bbox 1264 4988 1361 5046; x_wconf 92' lang='lat' dir='ltr'><strong>nostri</strong></span> <span class='ocrx_word' id='word_1_396' title='bbox 1383 4985 1544 5062; x_wconf 92' lang='lat' dir='ltr'><strong>pendentis</strong></span> <span class='ocrx_word' id='word_1_397' title='bbox 1559 4981 1648 5040; x_wconf 91' lang='lat' dir='ltr'><strong>muni·</strong></span> 
     </span>
    </p>
   </div>
   <div class='ocr_carea' id='block_1_3' title="bbox 0 0 1809 5796">
    <p class='ocr_par' dir='ltr' id='par_1_3' title="bbox 0 0 1809 5796">
     <span class='ocr_line' id='line_1_43' title="bbox 0 0 1809 5796; baseline 0 0"><span class='ocrx_word' id='word_1_398' title='bbox 0 0 1809 5796; x_wconf 95' lang='lat' dir='ltr'><strong> </strong></span> 
     </span>
    </p>
   </div>
  </div>
 </body>
</html>
