3600 5804
383 553 441 630 198
810 550 883 608 Doc.
907 564 976 608 221.
1003 583 1039 592 -
1065 550 1123 609 An.
1146 561 1231 628 1351.

383 748 470 805 statis
492 747 656 806 humilime
679 748 919 821 propulsarunt;
943 749 1025 806 unde
1047 765 1119 807 cum
1142 766 1197 809 nos
1220 750 1319 808 dictos
1342 751 1426 807 cives
1449 755 1568 808 nostros
1592 765 1639 807 sen

384 854 521 927 hospites
544 853 582 910 de
606 852 707 912 Grech
731 854 762 910 in
786 869 895 911 eorum
912 855 1109 914 libertatibus
1125 857 1166 914 ab
1182 858 1309 930 antiquo
1326 857 1499 914 observatis
1515 857 1640 914 velimus

384 974 576 1030 conservare,
606 958 750 1018 fidelitati
780 961 989 1018 universitatis
1023 967 1124 1020 vestre
1147 962 1249 1022 ducali
1273 962 1374 1020 edicto
1397 961 1529 1019 firmiter
1551 963 1640 1036 preci·

383 1066 502 1139 pientes
533 1065 725 1137 mandamus,
760 1071 911 1139 qnatenus
942 1067 1098 1142 predictos
1128 1069 1212 1126 cives
1245 1074 1368 1126 nostros
1402 1073 1509 1126 contra
1541 1083 1640 1125 eornm

384 1172 544 1230 libertates
567 1172 599 1230 in
622 1172 718 1230 nullis
746 1173 870 1232 casibus
899 1173 1036 1232 indebite
1064 1180 1093 1232 et
1117 1175 1228 1232 iniuste
1251 1176 1426 1245 molestare,
1450 1189 1596 1247 agravare
1616 1180 1641 1230 et

384 1279 569 1352 perturbare
592 1280 855 1353 presumpmatis;
878 1280 965 1338 aliud
981 1281 1060 1338 sicut
1080 1286 1217 1339 nostram
1233 1281 1481 1354 indignacionem
1497 1281 1642 1338 incurrere

384 1383 561 1442 formidatis
584 1401 645 1442 non
669 1385 780 1444 facturi
803 1387 834 1444 in
857 1387 1025 1459 premissis,
1048 1387 1164 1444 Datum
1189 1387 1282 1456 Bude‚
1306 1387 1384 1445 feria
1406 1393 1494 1445 sexta
1509 1386 1642 1460 proxima

384 1497 456 1564 post
486 1490 656 1563 quindenas
682 1491 749 1549 lesti
773 1493 942 1550 nativitatis
965 1493 1047 1551 beati
1070 1493 1218 1577 Johannis
1242 1495 1383 1568 baptiste.
1413 1497 1503 1551 Anno
1532 1492 1642 1549 domini

384 1596 495 1655 MCCC
519 1597 782 1671 quinquagesimo.

474 1713 615 1780 Originale
635 1714 662 1765 in
683 1717 841 1766 membrana.
861 1719 885 1767 Λ
904 1723 980 1783 tergo
1000 1717 1144 1783 vestigium
1163 1717 1251 1784 magni
1270 1718 1364 1784 sigilli,
1383 1719 1432 1768 suh
1453 1733 1522 1781 quo:
1537 1715 1642 1776 „relacio

386 1802 507 1868 magistri
526 1801 631 1854 Nicolai
650 1805 683 1854 de
702 1803 808 1854 chli“.
828 1804 859 1855 In
878 1805 977 1856 archiv.
998 1808 1079 1857 Acad.
1096 1807 1192 1859 Scient
1206 1809 1275 1860 Slav.
1290 1807 1382 1858 merid.
1395 1808 1471 1874 Joan.
1485 1804 1642 1872 Kuknljevit.

385 1893 451 1962 Jnra
470 1891 547 1958 regni
566 1892 638 1944 CSD.
659 1892 678 1943 1.
700 1909 724 1960 p.
747 1894 802 1944 118.

986 2074 1066 2140 221.

494 2182 571 2230 Anno
592 2189 665 2238 1351,
688 2188 725 2228 11.
746 2177 848 2244 aprilis.
869 2178 966 2228 Bndae.

425 2308 589 2367 Ladonicus
611 2307 789 2380 Hungariae
810 2314 859 2365 etc.
884 2325 947 2377 rex,
969 2308 1129 2382 carpimur,
1150 2308 1287 2381 quomodo
1309 2309 1432 2366 decimae
1453 2308 1575 2383 episcopo
1595 2313 1621 2364 ct

764 2413 890 2487 capitulo
913 2413 1031 2488 zagrab.
1054 2414 1130 2471 solvi
1149 2413 1274 2482 debeant.

478 2558 541 2616 Nos
563 2556 737 2615 bodonicus
761 2557 811 2615 dei
834 2557 938 2630 gracia
960 2573 1015 2614 rex
1039 2557 1205 2630 Hungarie.
1228 2559 1374 2616 Memorie
1392 2558 1644 2628 commendantes,

389 2669 495 2722 tenore
525 2663 719 2738 presencium
750 2663 960 2736 significamus
987 2664 1101 2736 quibus
1124 2663 1249 2737 expedit
1272 2664 1433 2734 universis,
1457 2665 1538 2737 qnod
1562 2679 1645 2720 vene-

390 2771 500 2829 rabilis
523 2771 554 2828 in
577 2769 701 2828 Christo
732 2774 829 2843 pater,
860 2769 1005 2827 dominus
1035 2769 1190 2840 Nicolans,
1221 2769 1271 2827 dei
1301 2776 1331 2827 et
1360 2771 1534 2844 apostolica·
1550 2769 1645 2843 gracia

389 2875 553 2949 episcopus
576 2875 704 2932 ecclesie
725 2875 941 2947 zagrabiensis‚
965 2875 1096 2932 dilectus
1120 2876 1210 2933 nobis
1233 2882 1263 2932 et
1287 2875 1396 2946 fidelis,
1415 2875 1458 2933 vad
1484 2881 1582 2933 nostre
1604 2891 1645 2932 se·

389 2982 528 3040 renitatis
548 2980 722 3039 accedendo
744 2982 935 3054 presenciam
952 2981 1092 3039 exhibuit
1108 2981 1198 3039 nobis
1214 2982 1333 3039 litteras
1357 2981 1566 3055 privilegiales
1586 2997 1644 3038 ma-

393 3087 477 3146 nifici
499 3087 560 3145 viri
582 3087 701 3145 domini
725 3087 844 3144 Nicolai
868 3086 906 3144 de
930 3087 1018 3153 lech,
1041 3087 1198 3160 qnondam
1224 3089 1294 3144 bani
1318 3089 1417 3145 tocius
1441 3087 1599 3146 Sclauonie
1619 3093 1645 3143 et

394 3193 529 3264 Croacie,
553 3209 633 3250 nunc
656 3208 731 3250 vero
762 3193 835 3250 bani
865 3192 903 3249 de
935 3191 1083 3265 Zeuryno,
1108 3194 1222 3250 tenoris
1252 3193 1449 3268 infrascripti
1473 3199 1578 3267 petens
1599 3207 1646 3250 no·

391 3305 489 3358 stram
511 3299 671 3356 humiliter
694 3299 922 3369 excellenciam,
947 3303 980 3355 ut
1002 3298 1126 3356 easdem
1142 3305 1225 3356 ratas
1241 3301 1356 3357 habere
1373 3305 1403 3357 et
1420 3300 1533 3358 nostris
1548 3299 1647 3372 digna·

392 3423 497 3465 remur
513 3407 623 3464 litteris
639 3407 816 3480 patentibus
829 3405 1021 3463 confirmare.
1032 3405 1173 3478 Quarum
1186 3411 1272 3464 tenor
1284 3407 1355 3464 talis
1367 3411 1427 3464 est:
1441 3401 1514 3485 (vid.
1526 3423 1568 3464 nr.
1583 3404 1645 3462 aod.

392 3529 439 3578 an.
460 3512 550 3588 1346.
570 3511 616 3570 16.
634 3505 784 3587 Augusti).
802 3512 865 3568 Nos
881 3513 982 3585 itaque
998 3513 1052 3584 qui
1068 3528 1105 3568 ex
1118 3511 1223 3570 debito
1237 3511 1341 3570 officio
1353 3514 1487 3586 suscepti
1500 3513 1647 3585 regiminis

393 3619 442 3676 dei
467 3619 611 3676 ecclesias
635 3619 665 3675 in
689 3619 751 3675 suis
774 3619 893 3675 iuribus
910 3623 939 3674 et
955 3618 1152 3674 libertatibus
1168 3624 1308 3676 tenemur
1324 3634 1514 3690 conservare,
1532 3619 1647 3691 peticio-

392 3725 483 3782 nibus
493 3724 604 3799 prelati
616 3723 733 3781 domini
746 3703 1068 3797 episcopi'henigniter
1083 3723 1220 3781 inclinati
1235 3724 1388 3797 predictas
1399 3725 1518 3782 litteras
1531 3725 1647 3798 priuile-

394 3831 491 3904 giales
507 3831 604 3904 ipsius
621 3830 739 3887 domini
758 3830 876 3887 Nicolai
893 3831 974 3893 bani.
987 3831 1105 3888 litteras
1117 3831 1367 3888 excellentissimi
1379 3832 1528 3905 principis
1540 3830 1648 3888 domini

319 4011 321 4015 ‚
394 3936 512 4006 Karoli,
536 3935 667 3993 condam
691 3935 821 3993 illustris
844 3937 924 4008 regis
946 3937 1112 4009 Hungarie‚
1132 3938 1229 4010 patris
1251 3939 1346 3995 nostri
1371 3937 1532 4008 karissimi,
1559 3937 1648 3994 felicis

394 4043 552 4112 memorie,
576 4041 789 4100 confirmative
813 4043 1049 4100 transcribentes
1073 4049 1205 4114 eatenus,
1230 4051 1380 4116 quatenus
1402 4045 1460 4102 rite
1476 4049 1506 4101 et
1521 4044 1648 4116 legitime

395 4149 530 4242 existunt
553 4153 701 4218 emanate‚
725 4153 758 4204 ut
782 4148 863 4206 vires
895 4164 1001 4205 earum
1032 4150 1155 4206 veritati
1182 4151 1399 4222 suffragantur,
1423 4155 1560 4224 patenter
1583 4162 1647 4206 curn

395 4255 481 4313 omni
503 4269 561 4310 suo
585 4259 698 4325 tenore,
722 4256 873 4328 presentis
897 4255 1005 4328 scripti
1027 4256 1198 4328 patrocinio
1229 4255 1375 4313 duximus
1402 4254 1648 4313 confirmandum.

395 4361 456 4418 Pro
478 4361 619 4418 ulteriori
642 4367 745 4418 autem
769 4361 934 4418 commodo
965 4367 995 4418 et
1025 4367 1105 4418 statu
1136 4362 1233 4435 ipsius
1260 4363 1388 4420 ecclesie
1422 4363 1546 4436 insuper
1567 4361 1649 4416 volu·

396 4483 466 4525 mus
496 4472 527 4524 et
557 4467 788 4536 committimus,
819 4476 853 4524 ut
884 4467 1020 4525 decimas
1051 4469 1109 4524 sub
1140 4469 1208 4540 ipso
1240 4469 1420 4542 episcopatu
1450 4468 1563 4541 ubique
1593 4465 1649 4523 exi-

396 4579 518 4644 stentes,
551 4573 753 4630 decimatores
783 4573 857 4631 dicti
888 4573 1006 4631 domini
1036 4575 1173 4648 episcopi
1206 4576 1310 4632 statim
1341 4581 1413 4648 post
1441 4574 1551 4631 festum
1575 4572 1648 4629 beati

396 4681 478 4752 regis
511 4678 658 4752 Stephani
689 4679 854 4737 inmediate
885 4679 988 4738 dicare
1017 4681 1145 4754 possint,
1176 4681 1420 4738 contradiccione
1445 4679 1649 4754 quorumlibet

396 4785 627 4856 nonobstante,
659 4790 688 4843 et
716 4785 796 4844 facta
826 4785 980 4844 dicacione
1011 4785 1091 4844 infra
1120 4787 1245 4860 triginta
1276 4787 1325 4844 vel
1357 4787 1557 4860 quadraginta
1590 4783 1651 4842 dies

398 4892 501 4966 quivis
524 4908 593 4950 suas
616 4891 752 4950 decimas
775 4893 892 4966 absque
918 4893 1056 4950 ulteriori
1079 4893 1231 4951 dilacione
1255 4896 1377 4952 solvere
1408 4900 1552 4952 teneatur.
1579 4893 1649 4948 ltem

398 4982 552 5070 volumus,
577 4997 660 5070 qnod
684 5013 790 5056 omnes
815 4999 913 5058 libere
936 4997 1012 5055 ville
1036 5014 1107 5056 suas
1138 4998 1273 5057 decimas
1304 5000 1335 5057 in
1357 5000 1459 5074 specie
1484 5001 1566 5057 iuxta
1587 5011 1651 5055 con-
