3782 5812
407 556 444 612 16
833 553 906 609 Dec.
932 546 979 608 18.
1010 585 1044 592 —
1069 553 1125 610 An.
1152 569 1242 632 ¹24²·

1426 659 1677 668 --—-———-—·-—-

404 766 479 808 vero
503 755 610 824 captus
634 750 735 819 fuerit,
758 749 927 807 secundum
952 749 1206 808 consvetudinem
1222 751 1261 809 de
1278 751 1346 825 ipso
1366 749 1500 808 vindicta
1517 757 1680 816 sumatur;

404 857 463 914 nisi
487 857 555 930 quis
578 857 608 914 in
632 855 716 924 ludo,
741 857 806 914 sine
830 854 1035 929 premeditata
1057 857 1181 914 malicia
1198 857 1335 928 aliquem
1357 855 1551 926 interfecerit,
1568 857 1599 913 in
1616 857 1679 914 hoc

405 964 486 1020 enim
511 978 591 1034 casu,
615 967 739 1020 centum
763 977 874 1035 pensas
897 962 1034 1033 cognatis
1066 961 1228 1032 interfecti,
1261 963 1371 1034 viginti
1402 977 1477 1019 vero
1501 977 1611 1035 pensas
1634 961 1677 1019 ad

405 1083 584 1127 communes
614 1083 688 1126 usus
719 1066 862 1124 refundat
894 1065 1079 1138 interfector,
1113 1069 1170 1139 cui,
1202 1069 1227 1125 si
1258 1067 1389 1125 facultas
1420 1082 1479 1125 non
1509 1067 1676 1134 suffecerit,

405 1175 521 1232 civium
540 1174 670 1232 arbitrio
692 1173 893 1246 relinquatur.
916 1171 993 1229 Item
1017 1172 1128 1244 siquis
1153 1172 1191 1230 de
1207 1174 1360 1231 extraneis
1376 1173 1491 1231 intrans
1507 1174 1675 1243 civitatem,

404 1281 469 1338 sive
492 1281 524 1338 in
547 1279 624 1348 vien,
649 1279 715 1336 sive
738 1279 768 1335 in
792 1277 894 1344 domo,
919 1279 985 1335 sive
1008 1278 1039 1336 in
1065 1277 1133 1336 foro
1149 1280 1271 1344 similia,
1295 1286 1330 1337 ut
1350 1294 1445 1353 supra
1460 1284 1600 1338 notatum
1617 1285 1675 1348 est,

404 1387 640 1460 perpetraverit,
664 1400 721 1458 per
743 1382 879 1459 judicem
902 1384 1036 1441 civitatis
1052 1383 1211 1456 iudicetur,
1228 1392 1258 1442 et
1273 1385 1390 1443 eisdem
1407 1387 1493 1458 penis
1516 1386 1675 1444 subiaceat

404 1491 656 1564 condempnatus.
679 1487 713 1548 Si
735 1503 810 1547 vero
834 1505 872 1546 ex
895 1490 1005 1546 incolis
1029 1491 1162 1548 civitatis
1185 1493 1306 1564 aliquis,
1323 1493 1389 1550 sive
1405 1499 1574 1562 extraneus,
1592 1491 1674 1548 infra

405 1598 553 1671 terminos
577 1597 710 1654 civitatis
734 1596 763 1652 in
788 1595 871 1654 furto
894 1597 947 1652 vel
971 1596 1133 1654 latrocinio
1157 1596 1368 1672 deprehensus
1393 1597 1493 1668 fuerit,
1517 1613 1572 1672 per
1594 1597 1675 1656 iudi*

405 1719 471 1762 cem
496 1704 629 1760 civitatis
652 1703 806 1777 puniatur.
831 1701 916 1772 ltem,
941 1703 966 1759 si
990 1703 1060 1776 quis
1084 1709 1247 1768 extraneus
1271 1705 1408 1777 aliquem
1432 1704 1471 1762 de
1494 1705 1617 1762 civitate
1642 1704 1675 1762 in

405 1825 496 1868 causa
518 1809 697 1884 pecuniaria
727 1808 779 1865 vel
810 1807 898 1865 illata
927 1809 1039 1866 iniuria
1069 1809 1204 1868 voluerit
1233 1812 1405 1882 convenire,
1437 1826 1543 1868 coram
1572 1809 1675 1868 iudice

404 1917 537 1975 civitatis
560 1915 736 1984 conveniat;
761 1919 790 1971 et
812 1915 901 1971 nulla
923 1929 1015 1972 causa
1034 1914 1075 1972 ad
1094 1914 1236 1973 duellum
1252 1915 1412 1986 iudicetur,
1429 1917 1483 1974 sed
1504 1933 1561 1990 per
1581 1922 1675 1974 testes

406 2029 436 2080 et
457 2023 628 2080 iuramenta
651 2021 841 2092 terminetur,
865 2022 930 2079 sive
960 2022 999 2078 sit
1030 2036 1100 2078 cum
1132 2023 1292 2091 extraneis,
1325 2024 1390 2080 sive
1413 2039 1485 2080 cum
1509 2022 1671 2095 indigenis.

406 2129 511 2186 Testes
539 2135 642 2186 autem
673 2126 813 2184 eiusdem
845 2127 1029 2204 conditionis
1060 2133 1090 2186 et
1113 2128 1275 2198 libertatis,
1299 2130 1386 2187 cuius
1409 2136 1479 2187 sunt
1503 2130 1560 2198 isti,
1585 2145 1673 2186 assu-

405 2241 535 2293 mantur.
559 2234 678 2292 Eodem
701 2232 805 2304 mod0‚
822 2234 887 2290 sive
904 2239 1067 2292 extraneus
1083 2233 1219 2292 inveniat
1235 2235 1318 2309 apud
1335 2235 1459 2306 incolas
1483 2237 1548 2293 sive
1571 2235 1675 2293 incola

405 2341 488 2418 apud
513 2347 674 2398 extraneos
697 2355 811 2412 equum
842 2347 895 2396 aut
925 2341 1050 2413 bovem,
1081 2346 1133 2397 aut
1164 2339 1285 2413 aliquas
1308 2357 1357 2398 res
1386 2339 1525 2412 furtivas,
1549 2357 1675 2416 semper

405 2455 505 2519 testes,
529 2453 680 2521 utsupra
703 2446 847 2518 diximus,
872 2446 1090 2519 producantur.
1115 2447 1200 2518 Item,
1225 2447 1308 2504 cives
1331 2447 1370 2505 de
1393 2448 1531 2521 predicta
1547 2449 1673 2506 civitate

406 2555 457 2612 vel
479 2552 660 2628 jobagiones
684 2552 722 2609 de
744 2553 831 2610 villis
861 2552 901 2609 ad
932 2555 1032 2626 ipsam
1064 2555 1297 2627 pertinentibus,
1329 2571 1388 2626 que
1418 2570 1517 2628 prope
1548 2556 1671 2612 territo·

404 2661 485 2717 rium
511 2659 607 2732 ipsius
631 2657 764 2716 civitatis
787 2657 901 2716 fuerint
924 2659 989 2728 site,
1020 2659 1138 2716 nullius
1168 2658 1291 2728 iudicio
1315 2659 1373 2716 nisi
1406 2660 1515 2716 iudicis
1538 2659 1674 2716 civitatis

405 2771 505 2823 astare
528 2771 704 2833 teneantur;
728 2763 812 2836 quod
829 2765 854 2821 si
871 2763 964 2821 iudex
980 2771 1140 2838 suspectus
1156 2766 1330 2836 habebitur,
1347 2771 1377 2822 et
1392 2772 1478 2823 actor
1499 2766 1674 2838 legitimam

405 2886 529 2928 causam
553 2871 752 2927 recusationis
776 2871 968 2943 allegaverit,
986 2872 1161 2928 convocatis
1177 2872 1322 2928 omnibus
1339 2872 1509 2929 maioribus
1529 2873 1673 2940 civitatis

405 2980 473 3052 ipso
497 2977 598 3035 iudice
621 2977 804 3050 presidente,
832 2978 996 3048 negocium
1026 2977 1202 3048 decidatur,
1225 2977 1264 3035 de
1294 2994 1428 3051 quorum
1460 2980 1621 3049 sentencia,
1646 2979 1673 3036 si

405 3085 506 3142 adhuc
529 3085 719 3156 contingeret
742 3083 888 3152 dubitari,
912 3090 942 3141 et
965 3091 1051 3142 actor
1074 3085 1258 3158 inportunus
1281 3101 1333 3143 eos
1357 3087 1397 3144 ad
1420 3087 1501 3159 regis
1532 3087 1674 3144 citaverit

406 3191 608 3266 presentiam,
640 3190 725 3246 solus
757 3188 849 3246 iudex
881 3206 940 3263 pro
971 3191 1040 3248 aliis
1071 3192 1216 3248 omnibus
1244 3192 1282 3249 ad
1312 3208 1420 3265 regem
1449 3195 1494 3250 ire
1525 3200 1673 3250 teneatur.

405 3297 520 3354 Eodem
555 3295 650 3353 modo
680 3311 739 3368 pro
770 3311 965 3368 quacumque
997 3313 1087 3354 causa
1117 3297 1252 3355 iudicem
1282 3299 1414 3356 civitatis
1446 3309 1475 3358 et
1505 3301 1596 3370 cives,
1620 3299 1674 3355 vel

405 3405 488 3462 cives
512 3403 595 3462 solos
619 3402 657 3460 ad
681 3401 763 3474 regis
786 3403 973 3476 presentiam
998 3404 1068 3474 quis
1091 3404 1206 3476 citaret,
1230 3420 1290 3462 non
1307 3410 1426 3462 tenetur
1442 3407 1496 3476 ire,
1512 3405 1569 3462 nisi
1586 3405 1674 3462 solus

405 3507 499 3568 iudex
522 3511 664 3569 civitatis.
685 3510 722 3566 Et
745 3510 771 3567 si
795 3510 863 3582 quis
884 3511 1022 3582 aliquem
1038 3510 1138 3568 civem
1155 3512 1206 3569 vel
1223 3512 1314 3582 cives,
1331 3527 1391 3569 non
1408 3513 1568 3584 requirens
1584 3517 1674 3568 antea

406 3616 557 3675 iusticiam
582 3617 643 3674 sibi
665 3615 732 3672 fieri
757 3631 774 3672 a
797 3614 898 3672 iudice
921 3616 1054 3673 civitatis
1085 3615 1124 3673 ad
1156 3631 1261 3689 regern
1285 3617 1433 3689 citaverit,
1457 3632 1516 3691 pro
1539 3618 1596 3674 illo
1619 3617 1672 3674 vel

406 3725 469 3782 illis
493 3723 586 3783 iudex
610 3723 654 3780 ire
678 3723 839 3792 tenebitur,
864 3728 893 3779 et
917 3723 944 3778 ei
968 3723 1078 3780 citator
1100 3722 1244 3780 refundet
1264 3739 1423 3796 expensas
1441 3722 1578 3795 eoquod
1601 3737 1674 3780 con-

406 3835 524 3904 tempta
546 3829 727 3886 auctoritate
750 3829 863 3900 regalis
886 3828 1045 3902 privilegii
1061 3829 1121 3885 sibi
1137 3829 1260 3900 cogniti,
1276 3829 1453 3901 irrequisito
1474 3828 1574 3886 iudice
1598 3829 1674 3885 civi-

405 3937 484 4008 tatis,
509 3935 649 4007 fatigavit
673 3950 744 3991 eum
769 3933 883 3992 frustra
906 3934 1068 3992 laboribus
1084 3939 1113 3991 et
1129 3936 1278 4008 expensis.
1297 3934 1388 3992 Cives
1411 3941 1515 3992 autem
1539 3935 1674 3993 liberam

406 4044 539 4102 habeant
563 4041 778 4113 undecumque
809 4041 965 4097 voluerint
995 4040 1128 4112 eligendi
1160 4039 1339 4098 facultatem
1371 4040 1505 4098 iudicem
1538 4042 1672 4098 civitatis

405 4151 495 4210 nobis
519 4146 768 4223 presentandum,
792 4153 821 4203 et
845 4145 985 4204 mutandi
1017 4145 1149 4203 eundem
1180 4147 1339 4210 annuatim
1370 4163 1427 4221 pro
1458 4163 1512 4204 suc
1543 4147 1674 4204 arbitrio

407 4255 583 4314 voluntatis.
607 4254 693 4321 Item,
717 4254 742 4310 si
766 4253 836 4325 quis
859 4251 897 4308 de
928 4253 1052 4309 civitate
1082 4253 1147 4309 sine
1178 4252 1291 4309 herede
1321 4252 1494 4317 decesserit,
1518 4253 1556 4310 de
1579 4254 1674 4310 rebus

406 4363 469 4420 suis
492 4360 664 4418 mobilibus
688 4360 821 4416 liberam
845 4359 957 4415 habeat
987 4357 1171 4431 disponendi
1201 4359 1385 4430 cuicumque
1417 4359 1552 4415 voluerit
1576 4358 1674 4416 lacul-

406 4475 509 4525 tatem.
534 4467 593 4523 Res
617 4480 692 4522 vero
716 4464 905 4534 immobiles,
928 4463 1046 4533 domos,
1070 4465 1197 4534 curiam,
1216 4465 1328 4532 vineas,
1345 4469 1442 4521 terras
1465 4472 1495 4520 et
1519 4463 1673 4534 hedificia,

405 4589 533 4632 suorum
556 4572 731 4635 concivium
761 4570 868 4627 habito
899 4569 1035 4640 consili0,
1069 4570 1158 4626 uxori
1189 4585 1242 4626 sue
1274 4571 1325 4626 vel
1352 4571 1445 4627 alicui
1468 4579 1673 4642 cognatorum

406 4695 533 4740 suorum
556 4678 719 4748 relinquat,
743 4677 784 4732 ita
808 4681 918 4746 tamen,
943 4675 1028 4746 quod
1059 4691 1115 4731 nec
1147 4690 1201 4748 per
1233 4676 1345 4748 ipsum,
1377 4691 1432 4732 nec
1453 4692 1509 4749 per
1531 4691 1678 4744 uxorem,

405 4804 461 4845 nec
485 4803 541 4860 per
564 4793 711 4856 cognatos
734 4799 752 4838 a
775 4782 984 4839 iurisdictione
1008 4781 1141 4839 civitatis
1165 4783 1262 4854 possit
1282 4783 1411 4840 alienari
1435 4783 1484 4838 vel
1509 4784 1604 4840 eximi
1621 4786 1675 4842 vel

406 4895 509 4952 avelli.
533 4892 620 4960 Item,
644 4891 670 4946 si
693 4889 763 4962 quis
791 4889 951 4945 intestatus
981 4888 1153 4958 decesserit,
1184 4896 1212 4943 et
1245 4904 1299 4944 uec
1331 4903 1470 4956 uxorem,
1501 4905 1557 4946 nec
1580 4889 1674 4962 tilios,

406 5015 461 5058 nec
485 5003 630 5069 cognatos
652 4995 804 5064 habuerit,
821 4993 881 5050 due
904 4999 1007 5066 partes
1023 5009 1128 5050 rerum
1144 5008 1272 5050 suarum
1287 5009 1344 5065 per
1367 4995 1451 5050 viros
1474 4993 1537 5050 fide
1553 4993 1675 5067 dignos,
