3824 5806
375 551 435 623 338
792 547 865 604 Doc.
883 543 961 624 360.
988 579 1024 588 -
1050 547 1106 603 An.
1131 559 1219 622 1392.

373 749 403 800 et
426 745 633 801 controversie
657 745 769 818 prioris
792 745 843 801 vel
867 745 928 802 alia
952 760 1148 817 quacumque
1172 759 1263 801 causa
1285 760 1384 818 usque
1408 745 1438 801 in
1464 749 1640 818 presentem

374 849 474 918 diem;
505 866 542 906 ex
574 855 661 922 parte
692 865 767 906 vero
798 849 952 906 dictorum
984 851 1181 908 dominorum
1214 829 1431 908 canonicorum
1459 857 1489 907 et
1512 851 1641 924 capituli

374 956 517 1012 similiter
548 957 689 1012 remissio
718 955 784 1012 fieri
815 955 927 1013 debeat
957 957 1016 1029 ipsi
1049 955 1176 1013 domino
1205 957 1351 1030 episcopo
1379 956 1418 1012 de
1440 957 1587 1013 omnibus
1610 963 1640 1012 et

373 1061 503 1133 singulis
527 1062 671 1118 similiter
703 1061 830 1132 iniuriis,
862 1061 992 1132 damnis,
1015 1064 1157 1136 expensis
1182 1069 1212 1120 et
1234 1064 1389 1132 interesse,
1413 1063 1439 1120 si
1461 1077 1539 1135 quas
1561 1068 1592 1120 et
1615 1064 1641 1120 si

375 1182 434 1238 que
458 1167 574 1224 eisdem
599 1167 698 1224 dietus
722 1167 865 1224 dominus
889 1169 1053 1241 episcopus
1077 1169 1238 1238 intulisset,
1262 1175 1292 1226 et
1316 1171 1400 1226 omni
1423 1169 1480 1239 liti,
1504 1185 1595 1226 cause
1611 1179 1640 1226 et

373 1274 489 1330 accioni
512 1289 548 1330 ac
572 1275 787 1342 controversie,
812 1290 906 1346 quam
930 1275 960 1330 in
988 1274 1073 1330 curia
1096 1289 1225 1331 romana
1249 1276 1397 1331 haberent
1420 1291 1515 1348 super
1530 1291 1638 1348 supra-

375 1380 482 1452 positis
514 1395 570 1452 per
601 1380 684 1452 ipsos
717 1380 787 1436 hinc
816 1379 886 1436 inde
912 1379 1021 1437 cedere
1045 1379 1178 1437 debeant
1200 1387 1329 1453 utreque
1350 1387 1453 1454 partes
1476 1388 1506 1438 et
1529 1397 1641 1438 renun-

374 1486 471 1552 ciare;
504 1491 616 1542 statuta
649 1492 753 1542 eotum
785 1493 815 1542 et
845 1486 1089 1556 constituciones,
1125 1487 1313 1544 moniciones
1343 1493 1373 1544 et
1405 1491 1550 1560 precepta
1586 1504 1641 1560 per

376 1594 478 1666 ipsum
509 1592 668 1650 dominum
701 1594 882 1666 episcopum
915 1594 980 1648 sine
1011 1609 1134 1649 assensu
1167 1593 1263 1666 ipsius
1287 1593 1414 1665 capituli
1438 1593 1566 1650 iuridice
1590 1593 1640 1649 vel

375 1715 433 1754 non
468 1699 595 1756 iuridice
619 1715 679 1771 que
703 1698 800 1756 dictos
824 1698 966 1755 dominos
989 1701 1151 1756 canonicos
1168 1707 1196 1757 et
1213 1701 1383 1772 capitulum
1401 1700 1550 1757 valuisset
1565 1715 1641 1772 quo-

375 1805 422 1861 vis
447 1805 540 1860 modo
563 1820 733 1876 aggravare
768 1805 886 1862 fiendas
917 1811 946 1861 et
977 1804 1071 1862 tactas
1099 1821 1244 1864 revocare
1267 1811 1296 1864 et
1319 1807 1479 1863 annullare
1503 1812 1533 1862 et
1553 1807 1641 1862 nulla

374 1917 404 1966 et
442 1911 553 1978 nullas,
600 1911 686 1967 irrita
724 1917 752 1966 et
792 1911 894 1968 irritas
932 1913 1137 1984 pronunciare
1175 1920 1204 1968 et
1242 1927 1300 1985 pro
1342 1912 1437 1968 nullis
1474 1912 1541 1985 ipse
1587 1911 1640 1968 do·

376 2018 477 2073 minus
508 2017 672 2089 episcopus
703 2017 817 2074 habere
848 2017 966 2074 debeat.
998 2015 1058 2074 Sed
1086 2017 1220 2090 quiade
1251 2024 1281 2073 et
1311 2033 1405 2090 super
1439 2016 1568 2074 decimis
1602 2017 1640 2074 de

374 2123 545 2181 Dauidowc
576 2139 611 2179 ac
643 2131 725 2180 recta
748 2124 851 2196 equali
875 2123 1040 2180 medietate
1064 2123 1257 2180 decimarum
1281 2123 1318 2180 de
1342 2123 1469 2180 decimis
1492 2123 1640 2180 territorii

376 2230 434 2286 vici
458 2230 637 2287 Latinorum
671 2229 768 2286 aede
792 2229 880 2286 dictis
911 2231 1030 2302 campis
1056 2230 1204 2286 aeternis
1229 2228 1449 2302 Bokaniapolia
1473 2235 1503 2285 et
1526 2228 1641 2301 Ztruga

375 2337 550 2408 appellatis,
575 2352 660 2408 quas,
688 2351 766 2408 quos
789 2343 819 2392 et
843 2353 903 2408 que
927 2333 1040 2408 prefati
1064 2335 1181 2392 domini
1204 2335 1350 2392 videlicet
1373 2334 1504 2408 predicti
1528 2335 1587 2392 sibi
1611 2339 1641 2390 et

375 2442 513 2513 ipsorum
539 2457 643 2498 mense
667 2443 706 2498 ab
731 2443 856 2514 antiquo
881 2442 1063 2514 pertinuisse
1087 2449 1117 2498 et
1141 2442 1293 2514 pertinere
1317 2458 1355 2498 ex
1379 2457 1414 2498 eo
1435 2441 1548 2498 debere
1564 2441 1640 2498 alle-

374 2546 476 2618 gando
499 2548 676 2603 asserebant
696 2555 725 2603 et
749 2547 925 2604 huiusmodi
949 2548 1153 2604 assercionem
1179 2563 1235 2620 per
1261 2553 1342 2604 certa
1364 2548 1512 2604 litteraria
1529 2548 1641 2604 instru-

374 2659 485 2722 menta,
510 2659 543 2709 ut
568 2653 729 2725 prefertur,
753 2654 1018 2734 comprobabant:
1042 2669 1113 2709 cum
1137 2654 1231 2725 igitur
1247 2653 1422 2724 negativam
1439 2669 1495 2726 per
1511 2652 1640 2710 modum

376 2759 569 2830 excepcionis
593 2765 622 2814 et
646 2759 898 2815 contradiccionis
922 2752 1162 2834 (procuratores)
1185 2760 1281 2832 ipsius
1305 2759 1422 2816 domini
1445 2760 1583 2832 episcopi
1612 2766 1642 2815 et

375 2867 440 2922 eius
461 2867 692 2936 allegacionem,
716 2867 920 2922 assercionem
944 2867 975 2922 in
1000 2868 1188 2923 contrarium
1213 2867 1243 2922 in
1263 2867 1321 2922 hac
1338 2871 1424 2938 parte
1441 2867 1640 2935 certantibus,

375 2973 434 3046 ipsi
466 2972 582 3028 domini
616 2973 824 3044 paciebantur,
856 2973 897 3028 ob
929 2972 988 3028 hoc
1019 2979 1049 3028 et
1072 2979 1238 3046 propterea
1262 2973 1416 3044 prelibato
1439 2971 1566 3028 domino
1588 2973 1641 3054 Jo-

376 3078 468 3134 hanni
491 3080 646 3150 episcop0,
679 3077 909 3151 pontificalibus
940 3077 1056 3148 indute,
1089 3079 1148 3136 sibi
1179 3079 1246 3146 soli,
1271 3079 1301 3134 in
1324 3079 1441 3135 octavis
1465 3078 1535 3135 sesti
1558 3079 1641 3135 beati

376 3183 497 3240 Andree
529 3185 661 3256 apostoli
693 3201 773 3241 nunc
804 3185 933 3247 venturi.
956 3185 985 3240 in
1010 3185 1140 3241 ecclesia
1162 3185 1258 3241 sancti
1283 3185 1364 3256 regis
1382 3183 1539 3256 Stephani,
1563 3186 1641 3240 hora

375 3291 540 3346 terciarum
564 3305 674 3362 magne
698 3292 798 3360 misse,
823 3289 980 3361 Zagrabie,
1005 3291 1212 3346 iuramentum
1235 3289 1273 3346 de
1290 3291 1460 3363 proborum
1478 3291 1640 3346 bominum

376 3411 410 3452 ac
434 3397 530 3452 eciam
563 3411 752 3452 assessorum
783 3403 958 3452 nostrorum
991 3397 1020 3452 in
1053 3397 1109 3452 hac
1141 3401 1228 3468 parte
1257 3397 1385 3452 consilio
1416 3397 1578 3452 nobiscum
1610 3395 1640 3452 in

376 3501 488 3558 iudicio
512 3502 744 3558 consedencium
767 3500 1029 3569 adiudicabamus,
1046 3509 1080 3557 ut
1097 3500 1126 3557 id
1145 3500 1229 3572 quod
1244 3503 1385 3573 negative
1402 3501 1641 3558 contradicendo

375 3607 565 3678 allegaverat
589 3613 618 3663 et
641 3607 806 3678 allegabat,
837 3607 895 3663 hoc
926 3606 1063 3679 idipsum
1086 3623 1143 3679 per
1176 3623 1266 3664 suum
1301 3608 1524 3664 sacramentale
1559 3607 1641 3663 iura·

376 3719 515 3769 mentum
547 3713 774 3785 comprobaret,
812 3712 971 3769 videlicet:
995 3711 1078 3784 quod
1114 3711 1220 3769 eedem
1257 3711 1375 3769 decime
1398 3712 1575 3785 supradicte
1604 3727 1641 3768 ac

375 3819 477 3892 campi
497 3824 527 3875 et
551 3825 630 3875 terre
654 3819 794 3890 parcium
817 3825 847 3874 et
871 3819 1010 3874 locorum
1036 3818 1246 3892 predictorum
1263 3835 1321 3874 non
1339 3817 1378 3874 ad
1394 3819 1479 3892 ipsos
1495 3818 1639 3875 dominos

376 3925 414 3982 de
446 3925 528 3981 dicto
563 3925 700 3996 capitulo
734 3923 923 3995 zagrabiensi
960 3924 1013 3980 sed
1048 3940 1103 3981 nec
1134 3924 1173 3982 ad
1205 3940 1342 3981 mensam
1376 3925 1513 3997 ipsorum
1546 3925 1640 3996 perti·

375 4031 495 4087 nuerint
534 4036 586 4086 aut
624 4029 840 4102 pertinuissent
878 4045 934 4086 nec
967 4030 1120 4101 pertinere
1144 4030 1300 4100 deberent,
1334 4029 1387 4087 sed
1414 4030 1517 4087 solum
1548 4029 1638 4086 dum·

376 4143 460 4192 taxat
491 4135 530 4192 ad
563 4137 666 4208 ipsum
705 4133 865 4191 dominum
902 4135 1081 4207 episcopum
1118 4141 1148 4192 et
1182 4152 1269 4193 suam
1306 4152 1444 4194 mensam
1479 4137 1641 4209 episcopa-

377 4243 437 4298 lem
462 4248 492 4298 et
514 4257 640 4298 suorum
666 4239 918 4313 predecessorum
942 4241 1124 4313 pertinuisse
1148 4247 1177 4298 et
1196 4257 1407 4299 successorum
1424 4257 1552 4298 suorum
1570 4258 1640 4314 per·

375 4349 471 4405 tinere
494 4347 642 4404 deberent
665 4347 750 4403 omni
766 4347 838 4404 iure.
851 4347 888 4403 Et
900 4348 972 4419 quia
986 4349 1088 4421 ipsum
1103 4349 1279 4406 huiusmodi
1294 4350 1500 4406 iuramentum
1516 4364 1570 4422 per
1583 4364 1639 4404 nos

375 4453 479 4525 sepius
501 4455 667 4524 requisitus
688 4454 754 4526 ipse
777 4452 921 4509 dominus
944 4454 1108 4528 episcopus
1125 4454 1279 4527 deponere
1296 4461 1326 4512 et
1342 4454 1442 4512 tacere
1459 4453 1552 4511 modo
1569 4471 1639 4527 pre·

375 4561 509 4632 allegato
529 4561 690 4628 recusavit,
711 4559 780 4616 ideo
797 4575 851 4615 nos
872 4559 1070 4632 preallegatis
1090 4559 1223 4616 dominis
1243 4559 1281 4617 de
1300 4561 1437 4634 capitulo
1449 4560 1641 4632 zagrabiensi

375 4665 413 4722 de
437 4665 566 4723 consilio
589 4672 618 4723 et
648 4672 769 4722 matura
792 4665 1018 4721 deliberacione
1038 4664 1242 4722 discretorum
1259 4672 1290 4723 et
1309 4667 1482 4739 proborum
1499 4667 1640 4723 virorum

375 4773 538 4828 nobiscum
558 4771 791 4828 consedencium
817 4771 846 4826 in
869 4771 926 4827 hac
943 4777 1030 4844 parte
1046 4786 1237 4828 assessorum
1253 4778 1430 4829 nostrorum
1446 4771 1485 4829 de
1500 4779 1530 4858 et
1546 4787 1641 4844 super

376 4879 451 4950 ipsis
482 4877 610 4934 decimis
633 4877 672 4933 de
699 4876 883 4932 Dauidowcz
914 4892 949 4933 ac
973 4881 1056 4933 recta
1079 4884 1109 4933 et
1132 4878 1235 4949 equali
1259 4877 1423 4934 medietate
1447 4877 1641 4934 decimarum

376 4983 414 5039 de
438 4984 533 5040 vineis
565 4983 711 5040 territorii
743 4983 801 5038 vici
831 4983 1008 5038 Latinorum
1036 4998 1071 5039 ac
1095 4983 1191 5039 eciam
1215 4983 1342 5056 campis,
1367 4984 1463 5054 terris,
1490 4982 1639 5041 Bolrania·
