3600 5804
553 542 626 599 Dor.
650 539 723 600 180.
750 575 783 584 -
813 541 868 598 Art.
892 555 980 618 1342.

148 739 278 798 officium
304 741 441 814 postulat
465 747 495 797 et
517 741 656 814 requirit,
689 749 722 797 ut
746 740 937 798 emendanda
961 739 1111 806 emendet,
1136 740 1317 812 corrigenda
1341 755 1406 797 cor-

148 847 223 918 rigat
245 863 278 903 ac
300 847 402 903 minus
435 847 512 904 bene
543 845 692 920 disposita
722 847 830 904 utilius
857 845 1050 920 disponendo
1073 847 1102 903 in
1128 853 1241 904 statum
1266 845 1406 904 debitum

148 951 294 1017 reformet.
317 958 346 1008 et
371 953 448 1010 bene
479 958 547 1010 acta
577 953 609 1010 in
636 969 692 1010 suo
715 955 828 1010 robore
851 967 975 1010 manere
1001 954 1159 1026 permittat
1183 959 1212 1010 et
1235 959 1403 1010 conservet.

148 1058 223 1115 Cum
244 1059 336 1130 igitur
366 1058 494 1131 quidam
526 1075 564 1116 ex
596 1059 714 1116 colonis
738 1075 791 1116 seu
815 1059 942 1134 populis
964 1060 995 1116 in
1019 1064 1100 1116 terra
1123 1065 1227 1116 nostra
1251 1065 1280 1115 et
1304 1065 1407 1116 nostre

148 1166 267 1222 ecclesie
299 1181 334 1221 ac
366 1163 498 1222 fratrum
529 1173 714 1236 nostrorum,
746 1165 876 1240 capituli
908 1167 1035 1223 ecclesie
1063 1171 1165 1222 nostre
1188 1167 1405 1238 zagrabieosis‚

148 1271 309 1330 existentes.
334 1271 364 1328 in
388 1271 504 1328 eisdem
537 1273 625 1329 terris
648 1274 754 1330 vineas
784 1273 942 1343 babentes,
969 1271 1124 1346 quandam
1149 1273 1312 1329 abusivam
1337 1287 1407 1329 con-

147 1376 333 1434 suetudinem
357 1393 465 1434 eorum
490 1378 712 1452 pretendentes,
730 1377 843 1436 fuerint
859 1380 963 1453 sepius
979 1379 1154 1451 attemptati
1171 1383 1200 1435 et
1216 1385 1407 1452 attemptent‚

147 1487 177 1538 ut
199 1481 270 1538 dum
293 1482 331 1540 de
357 1484 431 1555 ipsis
455 1486 567 1541 nostris
591 1490 620 1542 et
645 1484 776 1542 fratrum
801 1491 978 1542 nostrorum
1002 1484 1214 1558 predictorum
1238 1486 1352 1542 tenutis
1368 1483 1406 1541 ad

147 1595 243 1645 tenuta
274 1590 409 1646 aliorum
442 1607 474 1647 sc
505 1589 693 1648 transferunt
725 1606 816 1648 causa
848 1591 1070 1661 commorandi,
1104 1591 1212 1648 volunt
1246 1597 1278 1648 ut
1303 1592 1407 1649 vineas

148 1710 247 1752 eorum
271 1695 435 1768 predictas,
452 1704 539 1754 extra
559 1703 662 1754 tenuta
679 1705 783 1753 nostra
799 1705 829 1753 et
846 1697 976 1753 fratrum
993 1705 1171 1755 nostrorum
1188 1697 1407 1754 iamdictorum

148 1801 312 1864 residendo,
345 1803 485 1859 valerent
516 1803 683 1882 possidere,
714 1802 798 1875 quod
822 1809 928 1860 nostro
951 1813 1115 1876 nostreque
1138 1803 1265 1860 ecclesie
1289 1819 1323 1860 ac
1348 1803 1407 1860 fra·

149 1915 225 1962 trum
259 1913 436 1965 nostrorum
469 1907 679 1982 predictomm
712 1909 772 1965 iuri
800 1923 861 1966 nou
893 1910 924 1966 in
955 1909 1078 1967 modico
1109 1908 1279 1982 derogaret.
1304 1909 1407 1981 Quare

149 2013 293 2082 volumus,
318 2029 427 2084 ymmo
451 2013 581 2072 firmiter
604 2016 767 2073 statuimus
791 2013 1031 2084 observandum,
1056 2014 1139 2088 quod
1163 2014 1270 2071 nullus
1293 2013 1331 2070 de
1358 2029 1407 2071 co-

149 2119 222 2176 lonis
244 2135 294 2176 seu
320 2120 445 2194 populis
463 2120 617 2192 predictis
640 2121 683 2178 sic
700 2131 787 2178 extra
808 2123 956 2180 terminos
972 2129 1147 2178 tenutarum
1163 2127 1338 2178 nostrarum
1354 2136 1407 2177 seu

150 2225 268 2282 ecclesie
288 2233 392 2283 nostre
416 2242 451 2282 ac
473 2225 602 2283 fratrum
629 2233 805 2284 nostrorum
826 2227 1036 2302 predictorum
1054 2227 1225 2293 residendo
1243 2227 1340 2299 possit
1357 2227 1407 2283 vel

150 2331 244 2388 valeat
264 2333 384 2404 aliquas
408 2333 511 2389 uineas
536 2333 565 2390 in
583 2335 674 2390 terris
691 2339 794 2390 nostre
809 2333 936 2390 ecclesie
953 2332 1100 2405 predictis
1116 2333 1295 2390 constitutas
1311 2333 1408 2406 possi·

149 2435 216 2494 dere
232 2439 281 2494 vel
298 2453 449 2512 occupare
469 2439 699 2512 quoquomodo
717 2438 770 2496 sed
789 2455 858 2496 cum
876 2439 969 2496 cicius
985 2439 1081 2512 aliqui
1094 2439 1145 2496 rel
1157 2439 1270 2511 aliquis
1283 2438 1321 2496 de
1334 2439 1408 2511 ipsis

149 2543 253 2600 tenutis
276 2549 377 2601 nostre
401 2545 528 2601 ecclesie
551 2546 729 2602 recesserint
761 2545 801 2602 ad
832 2553 935 2602 tenuta
958 2545 1101 2614 aliorum,
1124 2545 1227 2602 statim
1251 2561 1268 2600 a
1290 2546 1355 2601 iure
1379 2551 1408 2601 et

150 2649 330 2721 proprietate
361 2649 470 2707 cadant
502 2651 663 2707 vinearum
695 2665 803 2708 eorum
828 2651 1037 2724 predictarum
1062 2665 1098 2707 eo
1123 2650 1211 2717 lacto,
1236 2657 1264 2706 et
1289 2665 1408 2724 posses-

151 2755 221 2811 sioni
244 2771 296 2811 seu
320 2761 401 2812 terre
425 2756 490 2830 ipse
515 2757 602 2813 vinee
625 2757 822 2830 applicentur
843 2757 881 2813 de
906 2773 966 2829 qua
990 2757 1085 2814 iidem
1114 2757 1223 2830 populi
1240 2763 1407 2813 noscuntur

151 2861 320 2928 recessisse;
343 2869 371 2918 et
395 2862 421 2918 si
445 2877 530 2934 quas
566 2861 659 2920 modo
683 2862 832 2936 predicto
862 2862 963 2920 lorsan
988 2863 1102 2936 aliquis
1126 2862 1176 2918 vel
1200 2862 1297 2934 aliqui
1321 2877 1409 2918 occu·

151 2973 275 3037 possent,
299 2969 381 3040 ipsas
404 2975 509 3026 tenore
542 2970 732 3042 presencium
765 2985 956 3031 revocamus.
988 2974 1017 3026 et
1040 2967 1119 3025 dicte
1143 2974 1223 3024 terre
1258 2966 1340 3024 unde
1363 2983 1409 3024 re-

151 3079 306 3140 cesserunt,
330 3075 533 3148 applicamus
559 3077 662 3146 Quare
686 3076 776 3132 vobis
803 3075 954 3132 universis
979 3074 1140 3141 iudicibus,
1164 3073 1338 3135 comitibus,
1362 3089 1409 3130 ca-

85 3221 88 3228 .
151 3179 283 3236 stellanis
298 3181 419 3248 nostris
436 3189 618 3254 nostrasque
635 3183 717 3238 vices
733 3181 921 3253 gerentibus
938 3180 1048 3236 damus
1060 3179 1191 3236 firmiter
1204 3180 1232 3235 in
1249 3178 1408 3238 mandatis.

152 3291 294 3355 quatenus
316 3287 340 3342 si
365 3302 442 3358 quas
467 3288 571 3344 vineas
595 3287 689 3345 modo
713 3286 852 3361 predicto
875 3287 1052 3343 inveneritis
1078 3291 1251 3358 occupatas,
1286 3284 1408 3341 easdem

152 3397 224 3447 terre
248 3403 349 3448 nostre
369 3393 505 3462 ecclesie,
529 3394 558 3450 in
583 3395 696 3467 quibus
720 3401 887 3450 noscuntur
910 3409 976 3450 esse
999 3393 1169 3460 constitute,
1193 3391 1364 3463 applicetis.
1378 3399 1410 3446 et

152 3496 335 3571 inamplius
358 3499 462 3556 nullas
495 3501 599 3557 vineas
623 3501 666 3556 sic
689 3515 840 3572 occupare
864 3499 1058 3572 permittatis,
1083 3497 1134 3553 sed
1160 3499 1201 3554 ita
1225 3497 1353 3553 modum
1378 3497 1407 3554 in

154 3605 303 3673 premissis
328 3605 507 3672 observetis
532 3607 608 3662 sicut
632 3607 773 3679 superius
790 3613 833 3662 est
851 3619 1040 3678 expressum.
1067 3604 1096 3659 ln
1119 3604 1204 3659 cuius
1228 3603 1271 3658 rei
1293 3618 1408 3660 memo-

154 3708 225 3764 riam
257 3711 396 3782 sigillum
428 3717 568 3768 nostrum
600 3712 747 3769 duximus
774 3709 1002 3784 apponendum.
1027 3709 1141 3766 Datum
1167 3711 1196 3766 in
1220 3709 1354 3780 Iwangb.
1379 3711 1410 3766 in

154 3811 224 3870 lesto
249 3816 335 3872 beate
359 3815 494 3874 Barbare
518 3817 654 3888 virginis
687 3819 776 3874 Anno
800 3817 918 3873 domini
944 3817 1051 3872 llt't‘c
1075 3814 1320 3887 quadragesimo.

236 3969 256 4018 E
276 3970 347 4020 libro
367 3971 494 4021 statutor.
515 3973 592 4036 cupit.
613 3974 716 4038 eugrub.
738 3991 761 4039 p.
782 3972 800 4020 I.
822 3989 841 4020 c.
863 3971 940 4020 XXI.
957 3973 1030 4037 Joun.
1045 3970 1160 4019 Tkattit.
1174 3969 1243 4019 Mon.
1258 3970 1316 4020 hist.
1331 3971 1409 4035 episc.

154 4058 249 4120 zagrab.
269 4058 301 4107 11.
322 4075 346 4124 p.
367 4069 477 4119 24-25.

731 4257 818 4324 180.

250 4399 326 4447 Auno
349 4407 422 4458 1342,
445 4407 482 4456 15.
503 4399 667 4464 septembris.
687 4399 825 4450 Avinione.

235 4546 335 4603 Lucae
366 4547 476 4615 Alexii,
510 4549 622 4605 clerico
656 4550 907 4607 transilvanensis
939 4549 1085 4608 dioecesis
1116 4567 1134 4607 a
1165 4550 1310 4623 pontifice
1342 4549 1410 4606 Cle-

156 4659 249 4709 mente
274 4652 323 4709 Vl.
347 4653 504 4710 confertur
529 4655 694 4712 lectoratus
718 4657 747 4712 in
772 4656 900 4712 ecclesia
931 4657 1129 4726 zagrabieusi.
1160 4671 1252 4727 quem
1276 4657 1411 4738 Jacobus

157 4751 281 4814 Simonis
304 4759 466 4816 canonicus
490 4767 518 4816 et
542 4761 736 4833 praepositus
761 4763 906 4818 ecclesiae
927 4762 1099 4819 bachiensis
1116 4760 1273 4834 quondam
1292 4763 1408 4819 habuit.

236 4897 265 4942 Α.
286 4893 408 4944 Theiner.
428 4895 496 4944 Mon.
519 4896 604 4960 Hung.
627 4896 686 4945 hist.
707 4895 724 4945 1.
746 4913 770 4961 p.
790 4897 848 4956 640.
