3600 5804
756 548 829 605 Doc.
854 561 921 624 114.
946 558 1010 622 115.
1038 579 1074 588 -
1099 545 1154 603 An.
1180 559 1264 622 1321.

969 739 1049 805 114.
1148 789 1150 796 .

481 830 557 879 Anno
581 837 654 888 1311,
674 826 810 894 25.Ju1ii.

466 961 534 1018 Hoc
556 977 635 1019 anno
660 961 810 1019 Martinus
830 960 994 1018 canonicus
1009 958 1216 1032 zagrabiensis
1233 973 1289 1031 per
1303 957 1477 1030 capitulum
1493 957 1637 1028 quinque·

375 1041 557 1125 ecclesierise
580 1071 666 1124 curat
689 1067 873 1124 transummi
896 1067 1015 1124 litteras
1037 1064 1186 1148 Jobannis
1209 1079 1316 1138 papae,
1333 1063 1421 1120 datas
1437 1079 1530 1136 super
1550 1077 1638 1136 1319·

376 1166 453 1250 (vidi
476 1187 571 1246 supra
593 1189 638 1230 nr.
665 1165 747 1250 110.)
770 1173 887 1230 Datum
910 1173 941 1230 in
965 1171 1088 1228 festos.
1111 1170 1228 1252 Jacobi.

465 1311 487 1358 E
505 1317 599 1374 regest.
620 1310 717 1376 Georg.
732 1308 899 1359 Marcelovie.
920 1307 951 1358 ln
969 1308 1034 1358 bibl.
1055 1313 1166 1374 metrop.
1185 1307 1289 1372 zagrab.
1310 1308 1359 1356 col.
1380 1305 1527 1356 XXXVII.
1548 1321 1597 1356 ser.
1615 1315 1637 1364 3.

969 1595 1045 1660 115.

483 1741 558 1789 Anno
581 1748 654 1797 1321,
674 1747 714 1787 21.
734 1736 856 1802 Augusti.
876 1735 1031 1802 Zagrabiae.

383 1867 512 1924 Iribntis
534 1885 583 1923 sen
606 1866 724 1934 teloneis,
746 1883 821 1938 qnae
850 1865 1018 1922 incivitate
1044 1862 1203 1921 Grecnensi
1223 1883 1242 1920 a
1264 1865 1388 1938 capitulo
1411 1865 1526 1938 zagrnb.
1551 1865 1638 1936 exege-

377 1975 492 2040 bantur,
516 1990 592 2028 nooa
619 1971 729 2028 tributa
753 1972 783 2027 in
807 1971 1017 2043 praeindicatam
1044 1990 1063 2027 a
1086 1971 1200 2028 crbt'tate
1222 1971 1392 2040 entroducta,
1410 1972 1544 2044 generali
1563 1971 1641 2042 regni

682 2079 713 2133 in
734 2079 959 2150 congregatione,
982 2079 1107 2150 capiano
1129 2077 1340 2134 adiudicantur.

466 2239 530 2297 Nos
545 2239 700 2322 Jobannes
715 2241 814 2297 banus
830 2240 928 2296 tocius
943 2237 1113 2296 Sclauonie.
1130 2237 1347 2311 Significamus
1368 2239 1513 2296 omnibus
1530 2237 1637 2310 quibus

379 2345 505 2420 expedit
528 2346 680 2402 universis
705 2346 896 2419 presencium
921 2360 978 2419 per
1001 2351 1148 2416 tenorem,
1173 2344 1256 2417 quod
1281 2360 1352 2401 curn
1377 2346 1405 2401 in
1431 2343 1570 2402 districtu
1592 2359 1636 2399 za·

377 2453 542 2526 grabiensi
567 2452 596 2508 in
621 2453 687 2525 ipsa
712 2451 869 2524 Zagrabia‚
888 2452 1064 2510 convocatis
1086 2451 1238 2508 universis
1262 2451 1429 2520 nobilibus,
1446 2451 1538 2506 castri
1560 2449 1639 2505 ioba·

378 2559 530 2631 gionibus,
555 2557 662 2614 liberis
687 2557 773 2614 villis
796 2558 916 2615 civibus
939 2564 969 2616 et
992 2558 1157 2615 cuiuslibet
1173 2555 1361 2614 condicionis
1379 2556 1558 2613 hominibus
1573 2570 1638 2611 con·

377 2664 593 2736 gregacionem
617 2662 795 2721 fecissemus
818 2679 856 2720 ex
879 2669 984 2722 nostro
1007 2662 1112 2721 officio
1135 2663 1320 2735 generalem,
1344 2663 1494 2734 nobisque
1517 2677 1575 2735 pro
1589 2660 1638 2718 tri·

378 2770 485 2827 bunali
509 2769 696 2838 sedentibus,
720 2769 844 2826 discreti
867 2775 897 2826 et
928 2771 1048 2828 honesti
1079 2769 1139 2827 viri
1170 2770 1342 2842 capitulum
1366 2769 1572 2841 zagrabiensis
1594 2783 1636 2823 ec·

378 2877 469 2934 111511
492 2874 672 2934 obtulerunt
700 2875 790 2932 nobis
821 2876 940 2948 priores
971 2876 1089 2933 litteras
1119 2881 1239 2932 nostras
1270 2882 1407 2932 nostram
1438 2873 1637 2931 deffinitivam

378 2983 564 3040 sentenciam
587 2989 693 3038 contra
715 2982 977 3050 communitatem,
1000 2983 1083 3038 cives
1106 2982 1283 3050 Grecenses‚
1300 2981 1397 3038 editas
1413 2998 1464 3038 seu
1482 2981 1637 3048 consectas,

379 3104 456 3162 quas
479 3103 550 3145 cum
572 3089 839 3161 prospexissemus
861 3088 1036 3144 invenimus
1059 3089 1090 3145 in
1113 3089 1156 3144 eis
1180 3088 1337 3158 contineri,
1355 3087 1438 3159 quod
1456 3096 1525 3146 ante
1541 3087 1638 3144 omnia

379 3195 516 3252 exhibite
544 3194 634 3251 nobis
665 3192 786 3250 fuerant
815 3193 935 3265 regales
966 3193 1076 3264 littere,
1100 3195 1158 3250 sub
1189 3195 1247 3251 bac
1271 3193 1387 3254 forma:
1411 3188 1486 3272 (vid.
1514 3208 1581 3266 1¹3·
1603 3191 1638 3248 de

380 3315 459 3358 anno
486 3314 578 3372 1321,
606 3315 631 3356 2.
656 3291 824 3375 februarii).
851 3298 997 3356 Termino
1021 3300 1115 3372 igitur
1137 3315 1194 3373 per
1222 3315 1277 3358 nos
1308 3301 1459 3373 legittime
1483 3302 1638 3372 assignato,

380 3412 410 3464 et
433 3405 571 3463 discretis
595 3405 671 3462 viris
694 3405 842 3476 magistro
867 3406 1006 3474 Martin0,
1030 3404 1246 3463 archidiacono
1271 3407 1309 3463 de
1333 3406 1435 3464 Vaska
1451 3412 1480 3464 et
1497 3407 1638 3478 magistro

380 3511 523 3583 Georgio,
548 3510 702 3567 canonicis
725 3510 853 3567 ecclesie
875 3511 1081 3582 zagrabiensis
1105 3527 1163 3585 pro
1187 3519 1274 3586 parte
1291 3513 1429 3587 capituli,
1445 3529 1480 3570 ac
1495 3512 1638 3584 magistro

380 3618 509 3686 Thoma,
533 3616 700 3690 principali
722 3616 842 3672 notario
873 3616 1005 3673 civitatis
1036 3616 1205 3704 GrecensiS,
1238 3635 1295 3692 pro
1326 3621 1393 3693 ipsa
1424 3621 1549 3678 civitate
1573 3631 1637 3678 cum

380 3724 490 3781 litteris
512 3723 609 3796 ipsius
631 3723 764 3780 civitatis
787 3737 881 3795 super
903 3722 963 3779 hoc
993 3724 1023 3780 in
1054 3729 1159 3782 nostra
1179 3703 1349 3798 ¹presencia
1370 3726 1551 3795 constitutis,
1575 3739 1637 3798 pre

380 3831 453 3888 dicti
472 3834 686 3904 procuratores
710 3827 838 3901 capituli
861 3829 1027 3900 pecierunt,
1052 3835 1085 3886 ut
1109 3831 1225 3888 tributa
1248 3830 1409 3888 filarchina
1426 3833 1478 3890 vel
1495 3850 1638 3907 quocum·

380 3954 440 4011 que
466 3936 560 3994 modo
584 3941 692 3993 vocata
716 3939 745 3991 et
768 3933 915 3991 salinaria
944 3951 1044 4007 queve
1074 3937 1232 3993 occasione
1261 3952 1403 3996 mensure
1426 3940 1500 3997 salis
1523 3941 1639 4012 exigere

380 4045 568 4118 inceperunt,
591 4042 771 4114 permittant
794 4040 932 4113 capitulo
958 4042 1117 4116 percipere
1148 4042 1318 4100 secundum
1348 4045 1513 4119 privilegia
1537 4061 1639 4120 regum

380 4151 523 4222 Vngarie,
546 4164 606 4221 que
630 4147 769 4220 predicto
792 4146 929 4220 capitulo
960 4153 1030 4204 sunt
1060 4162 1209 4206 concessa.
1244 4149 1389 4222 Magister
1411 4151 1437 4208 T
1439 4153 1549 4211 homas
1571 4166 1639 4210 vero

380 4264 449 4314 ante
471 4255 575 4311 omnia
598 4254 755 4324 allegavit,
779 4251 863 4325 quod
895 4253 1004 4310 civitas
1034 4254 1162 4311 haberet
1193 4255 1345 4328 quasdam
1374 4257 1493 4315 litteras
1518 4259 1638 4334 regales,

381 4361 494 4434 quibus
517 4359 667 4418 contineri
687 4358 816 4428 dicebat,
841 4359 924 4432 quod
949 4360 1032 4417 cives
1055 4358 1223 4418 Grecenses
1246 4376 1307 4419 non
1337 4368 1497 4422 teneantur
1520 4379 1639 4439 respon·

380 4465 453 4523 dere
476 4481 581 4522 coram
604 4466 710 4538 aliquo
735 4465 842 4533 iudice,
867 4472 971 4538 preter
996 4481 1108 4538 regem.
1141 4465 1200 4524 Sed
1225 4469 1316 4526 nobis
1338 4475 1369 4526 et
1392 4471 1538 4528 omnibus
1559 4469 1639 4542 regni

380 4573 539 4630 nobilibus
562 4572 665 4628 visum
696 4578 749 4640 est,
781 4570 864 4643 quod
894 4572 998 4629 littera
1029 4574 1113 4646 regia
1144 4575 1269 4632 eciamsi
1300 4575 1507 4648 exhiberetur,
1531 4577 1638 4649 inqua

380 4681 479 4736 banus
503 4677 665 4736 Sclauonie
688 4691 749 4734 uon
773 4677 960 4749 exprimitur
991 4679 1181 4752 nominatim,
1205 4696 1265 4738 non
1290 4681 1414 4740 videtur
1440 4699 1496 4756 per
1519 4699 1569 4741 eas
1590 4681 1638 4738 ba·

380 4791 469 4841 natus
492 4783 697 4841 iurisdiccioni
720 4775 899 4860 ordinarli)e
923 4782 1066 4855 derogari
1089 4801 1144 4858 per
1166 4787 1339 4844 clausulam
1360 4789 1544 4860 generalem,
1573 4801 1636 4844 cum

380 4891 411 4948 in
434 4907 528 4961 regno
553 4889 686 4962 Vngarie
710 4887 968 4946 excellentissima
991 4889 1124 4962 dignitas
1154 4891 1193 4948 sit
1224 4893 1362 4951 banatus.
1395 4893 1549 4965 Ceterum,
1572 4893 1637 4966 quia

380 5005 510 5068 utraque
533 4994 754 5066 iurisdiccione,
778 4994 923 5052 videlicet
942 4995 1084 5070 delegata
1107 5003 1137 5054 et
1152 4997 1309 5057 ordinaria
1324 4999 1539 5074 fungebamur,
1554 5002 1637 5059 inter·
