3782 5812
399 473 526 536 CCXVI
546 483 549 500 '
929 471 1116 546 Argumenta.
1161 464 1173 505 ·'

397 763 455 814 373.
474 755 551 804 Anno
573 761 647 814 1395,
670 761 710 809 15.
729 751 828 804 martii.
847 752 1002 819 Zagrabiae.
1022 752 1157 802 Emerleus
1176 753 1252 803 aulae
1274 751 1365 818 regiae
1384 752 1467 810 miles,
1487 752 1560 802 circs
1570 676 1679 730 ¹³¹8&-

475 841 634 892 Grecleases
653 841 757 904 regium
775 855 881 892 oensem
899 855 950 906 pro
968 841 1056 891 tribus
1074 842 1149 892 annis
1167 841 1305 898 exsolvis,
1326 845 1436 892 testatur
1452 867 1550 880 ······
1614 847 1674 897 352

398 959 457 1012 374.
477 951 552 999 Anno
575 959 649 1011 1395,
670 949 714 999 26.
732 947 827 1015 aprilis
854 949 953 1000 Budae.
974 949 1158 1014 sigismundus
1177 949 1331 1014 Hungariae
1350 954 1398 998 etc.
1418 963 1474 1006 rex,
1490 948 1561 998 cives

477 1037 637 1088 Greclteases
655 1037 688 1086 de
706 1036 813 1088 iniuriis
831 1051 847 1086 a
865 1037 966 1088 vicario
978 1035 1104 1100 Johannis
1123 1036 1240 1104 episcopi
1259 1037 1374 1102 zagrab„
1388 1035 1479 1094 illatis,
1493 1049 1557 1101 pro·

476 1125 542 1192 tegit
549 1149 1554 1167 ·························································
1616 1131 1674 1180 353

397 1241 456 1292 375.
477 1235 553 1282 Anno
574 1237 647 1295 1395.
667 1232 691 1281 6.
703 1229 786 1294 Junii.
800 1231 954 1298 Zagrabiae.
969 1231 1148 1282 Commuuitas'
1161 1231 1277 1282 civitatis
1290 1231 1386 1282 montis
1400 1229 1559 1280 Greclteusis

476 1335 564 1370 coram
583 1319 692 1370 Detrioo
711 1319 805 1370 Babek
824 1320 892 1370 bano
911 1325 1003 1370 costra
1021 1321 1149 1384 quosdam
1167 1319 1337 1383 nobilesqni
1355 1335 1382 1369 se
1395 1317 1560 1385 inpossessi-
1614 1309 1619 1316 ’

480 1424 542 1459 ones
561 1407 704 1458 Petrouina
722 1413 749 1458 et
767 1407 894 1472 HrastlsJa
913 1407 1112 1468 intromiserim,
1126 1410 1161 1458 de
1173 1424 1264 1459 earum
1277 1408 1450 1474 occupatione
1468 1412 1495 1458 et
1512 1407 1556 1457 de-

476 1497 592 1548 tentione
610 1496 769 1547 contradicit
776 1520 1548 1538 ············································

397 1605 457 1664 376.
477 1605 553 1652 Anno
574 1611 650 1666 1395.
673 1612 712 1655 10.
722 1602 805 1668 Junii.
824 1602 978 1668 Zagrabiae.
998 1603 1151 1668 Capitulum
1170 1603 1275 1669 zagrals.
1290 1604 1432 1653 nonnullos
1445 1601 1555 1662 nobiles¹

478 1692 524 1756 qui
543 1690 681 1742 eutationi
702 1691 838 1740 cuiusdam
858 1691 1005 1758 particulae
1032 1697 1118 1743 terrae
1135 1691 1240 1744 civibus
1257 1691 1454 1742 Greclteusibes
1474 1689 1560 1741 tactae

476 1779 701 1838 contradixerant,
725 1780 758 1829 ad
780 1779 909 1830 indiciam
926 1781 1021 1830 tanate
1039 1780 1104 1830 citat
1119 1804 1555 1820 .........................

400 1898 459 1949 377.
481 1891 556 1939 Anno
578 1891 653 1950 1395,
676 1895 715 1938 to,
736 1885 818 1951 Junii.
838 1887 991 1954 Zagrabiae.
1012 1888 1167 1956 Capitulum
1186 1887 1294 1954 ragrab.
1308 1888 1450 1939 nonnullos
1462 1901 1561 1954 posses·
1626 1879 1629 1894 '

480 1991 552 2036 sores
568 1977 603 2026 de
623 1976 698 2026 (Mra
717 1975 745 2025 io
763 1975 946 2027 controversia
961 1983 1092 2029 metarum
1103 1977 1172 2030 inter
1187 1977 1258 2044 ipsos
1270 1983 1298 2028 et
1311 1976 1381 2028 cives
1391 1977 1560 2029 Greclreoses.

481 2067 513 2115 ad
534 2065 662 2115 iudicium
681 2064 743 2114 bani
762 2065 827 2116 citat
847 2091 1555 2108 ········································

405 2174 464 2231 378.
483 2175 560 2222 Anno
582 2181 656 2235 1395,
679 2182 718 2224 1ο.
738 2169 820 2235 Junii.
849 2173 1002 2237 Zagrabiae.
1031 2173 1184 2239 Capitulum
1203 2173 1309 2240 zagrab.
1329 2173 1362 2223 de
1379 2172 1561 2223 controversia

480 2267 610 2312 metarum
646 2261 819 2326 possessionis
855 2261 1000 2312 Petrovina
1035 2262 1243 2313 contradictores
1275 2263 1307 2312 ad
1337 2260 1466 2312 iudicium
1495 2260 1560 2310 bani

478 2355 556 2401 vocat
563 2373 1446 2390 ··················································
1445 2345 1449 2354 ’
1458 2375 1554 2390 ······

400 2447 460 2502 379.
479 2441 555 2488 Anno
578 2446 652 2502 1395.
676 2447 715 2486 10.
734 2436 815 2500 Junii.
835 2438 991 2502 Zagrabiae.
1011 2429 1164 2506 Capitulum
1182 2439 1290 2505 eagrab.
1304 2439 1444 2490 nonnullos
1458 2442 1559 2487 coutra-

484 2526 606 2586 dictores,
633 2525 682 2590 ¹qui
700 2526 794 2576 erectis
821 2527 897 2577 metis
924 2527 1096 2592 possessionis
1122 2527 1249 2592 llrasthje
1274 2526 1498 2586 contradixerant,
1526 2525 1561 2574 ad

481 2615 609 2665 iudicium
627 2615 690 2665 bani
706 2615 772 2666 citat
784 2639 1555 2656 ············································

400 2706 458 2764 380.
479 2707 555 2754 Anno
572 2713 645 2768 1395,
668 2714 707 2768 19.
725 2702 809 2767 Junii.
830 2703 983 2769 Zagrabiac.
1003 2703 1127 2754 Delficus
1145 2701 1238 2753 Bubek
1256 2703 1346 2763 banus,
1369 2716 1473 2752 causam
1492 2701 1561 2751 inter
1626 2695 1628 2702 ’

480 2792 550 2844 cives
568 2793 730 2842 Greclienses
749 2797 776 2842 et
793 2794 933 2842 nonnullos
952 2805 1114 2857 possessores
1133 2793 1165 2841 de
1185 2792 1267 2848 Odra,
1286 2795 1417 2858 prorogat
1423 2815 1556 2830 ········

401 2881 460 2939 381.
480 2882 557 2931 Anno
578 2889 651 2944 1395,
673 2891 694 2930 1,
712 2879 876 2947 septembris.
896 2879 1035 2944 strigonii.
1053 2879 1237 2945 sigismundus
1255 2879 1410 2945 Hungariae
1428 2883 1477 2930 etc.
1501 2893 1558 2936 rex,

479 2967 593 3034 Johanni
612 2969 644 3018 de
663 2967 737 3020 Senis
757 2966 858 3019 vicario
877 2967 996 3033 episcopi
1014 2967 1121 3034 zagrab.
1140 2983 1171 3017 nc
1190 2967 1258 3018 cives
1272 2968 1433 3020 Grcchenses
1445 2967 1472 3016 in
1485 2980 1561 3016 exac-

480 3057 552 3107 tione
570 3056 733 3108 decimaruot
753 3058 842 3117 „ultre
870 3057 989 3122 ipsorum
1017 3057 1169 3106 libertatem
1187 3061 1213 3106 ct
1232 3056 1445 3112 consuetudinem
1464 3055 1498 3106 al>
1516 3069 1559 3105 an·

483 3146 557 3208 tiquo
580 3145 772 3211 approbatam“
793 3149 922 3210 aggravet
950 3151 975 3194 et
1001 3147 1064 3198 eccl
1093 3145 1262 3196 interdictum
1290 3152 1320 3196 ut
1345 3150 1458 3204 revocet,
1485 3158 1560 3210 prae·

480 3233 547 3298 cipit
564 3258 1552 3276 ·······················································

401 3324 460 3381 382.
480 3325 555 3373 Anno
577 3332 651 3386 1395,
673 3333 695 3372 1.
715 3273 882 3388 septembris.
910 3321 1065 3388 Zagrabiae.
1094 3323 1225 3372 Martinus
1253 3322 1328 3382 Dcrs
1348 3322 1497 3380 vieebanns,
1517 3337 1558 3370 ne-

481 3411 549 3462 faria
567 3411 686 3461 facinora
705 3411 869 3475 aliquorum
877 3410 1111 3461 inhabitatorum'
1104 3427 1131 3462 in
1153 3411 1288 3470 Lomuica,
1309 3411 1412 3462 civibus
1431 3411 1560 3462 Grecheu·

479 3500 552 3550 sibus
569 3515 714 3564 corumque
733 3499 921 3565 iobagionibus
939 3501 972 3550 de
992 3499 1133 3551 Petronioa
1153 3499 1236 3557 illata,
1254 3499 1337 3549 refert
1350 3524 1551 3540 ············

403 3590 462 3648 383.
483 3591 559 3639 Anno
581 3599 655 3652 1395,
674 3599 714 3646 15.
729 3588 847 3639 octobris
866 3589 1021 3654 Zagrabiae.
1035 3589 1158 3639 Detricus
1169 3589 1261 3638 Bubelr
1272 3588 1355 3638 banus
1368 3593 1449 3638 metas
1462 3602 1560 3654 posses-

483 3677 563 3728 sionis
584 3677 681 3727 civium
701 3673 899 3744 Grccliensluni,
927 3691 1007 3740 cluam
1034 3677 1176 3728 Petrovina
1204 3682 1307 3736 vocant,
1336 3677 1455 3742 capitulo
1472 3689 1560 3742 ragra-

480 3765 565 3816 utensi
584 3765 746 3815 reambula'ri
764 3771 790 3816 et
808 3779 890 3816 novas
908 3771 988 3816 metas
1006 3765 1083 3832 erigi¹
1103 3766 1177 3816 iubet
1192 3791 1555 3806 ·····················

403 3855 461 3915 384.
480 3855 556 3904 Mun
579 3863 652 3916 1395,
673 3853 860 3911 1398106111.
879 3853 1032 3919 Zagrabiae.
1050 3853 1205 3920 Capitulum
1223 3855 1328 3919 ragrab.
1348 3854 1560 3904 reambulatiset

487 3943 581 3992 erectis
600 3942 675 3991 noetis
693 3941 721 3991 in
739 3942 902 4008 possessione
920 3943 1036 4009 llrastjo
1055 3942 1262 3993 contradictores
1280 3944 1313 3991 ad
1327 3942 1455 3994 iudicium
1468 3942 1561 3992 banale

478 4035 573 4081 euocat
584 4055 912 4070 ···················
914 4048 916 4054 ·
924 4055 1556 4072 ····································

403 4120 461 4179 385.
481 4121 556 4168 Anno
577 4128 652 4182 1395,
672 4129 713 4169 22.
732 4118 892 4169 novenbris.
910 4119 1063 4182 Zagrelsiae.
1082 4119 1236 4185 Capitulum
1250 4119 1355 4185 ragrab.
1370 4117 1561 4170 reambulando

482 4205 668 4273 possessionem
687 4206 864 4263 Peuovian.
878 4205 988 4257 Detrioo
1008 4207 1101 4258 Bobclr
1120 4207 1188 4258 bano
1206 4207 1295 4264 refert,
1314 4207 1350 4256 ad
1369 4221 1482 4270 eumque
1500 4219 1561 4256 con·

483 4295 639 4363 tradictores
657 4294 878 4345 reambulationis
896 4294 961 4344 citat
979 4319 1556 4336 ·································

405 4402 463 4460 386.
482 4401 559 4450 Anno
580 4403 655 4463 1396,
674 4401 698 4451 8.
718 4399 791 4451 maii.
819 4400 973 4464 Zagrabiae.
1001 4401 1125 4452 Detricns
1153 4403 1246 4452 Bubck
1272 4401 1357 4452 bouus
1382 4399 1409 4450 in
1428 4415 1507 4450 causa
1526 4401 1558 4448 dc

482 4487 558 4540 metis
573 4488 647 4541 ciues
658 4489 818 4538 Greohenscs
836 4489 906 4540 inter
921 4495 950 4538 et
969 4492 1098 4553 quosdam
1110 4506 1270 4556 possessores
1284 4489 1311 4540 in
1324 4489 1424 4556 Oresja,
1439 4488 1561 4554 partibus

483 4579 516 4627 ad
534 4576 662 4628 iudicium
681 4577 860 4643 comparendi,
880 4579 1021 4632 terminum
1040 4579 1166 4644 praefigit
1177 4603 1556 4620 ······················
1615 4577 1667 4639 369

405 4685 464 4743 387.
485 4685 561 4734 Anno
583 4685 657 4748 1396,
681 4693 721 4748 19.
738 4682 823 4747 *Junii.
840 4684 997 4750 Zograbiae.
1014 4685 1195 4735 Fideiussores
1220 4686 1407 4736 nonnullorum
1425 4683 1560 4734 hominem

484 4773 517 4822 de
536 4773 677 4839 clergo-w,
696 4788 762 4836 qous
779 4772 876 4823 civitas
895 4774 1001 4838 sagral).
1020 4774 1070 4824 sab
1089 4774 1143 4824 fide
1161 4773 1275 4824 iussoria
1293 4789 1308 4822 e
1326 4772 1479 4823 carceribus
1496 4771 1560 4822 eori-

483 4867 561 4921 serat,
578 4876 668 4913 curm
686 4861 814 4912 vioebano
832 4861 950 4912 Martiae
968 4863 1045 4932 Ders,
1065 4863 1201 4928 spondeat,
1217 4862 1323 4911 eosdem
1336 4859 1450 4911 vinculis
1463 4859 1560 4910 serua

480 4951 637 5018 mancipari,
656 4950 679 5001 si
697 4951 730 5000 cle
748 4949 798 5000 hac
812 4965 846 5000 re
863 4949 939 5001 litem
957 4967 1016 5002 crim
1034 4950 1143 5002 civitate
1161 4949 1254 5014 aliquo
1272 4949 1351 5000 modo
1371 4947 1478 4999 inierint
1482 4973 1557 4993 ·····
1615 4953 1668 5006 310
