3600 5804
592 601 665 659 Doc.
688 615 758 679 214.
780 635 822 644 —-
844 601 900 660 An.
924 613 1013 680 1347.

759 797 843 863 214.

273 937 351 986 Anno
372 943 446 997 1347,
465 935 489 985 6.
509 935 663 987 decembris,
682 936 836 1003 Zagrabiae.

195 1064 329 1140 Jacubus
351 1067 430 1139 episc.
458 1067 576 1140 zagrub.
600 1066 645 1124 ius
658 1073 836 1140 patrortatics
858 1064 1010 1139 m'grendae
1024 1065 1185 1139 parochiae
1206 1083 1228 1122 s.
1245 1063 1398 1142 lohannes

453 1175 484 1229 t'n
506 1191 583 1230 nova
607 1173 679 1230 uilla
704 1168 880 1246 Zagrabiae,
901 1171 1026 1246 capitulo
1048 1171 1154 1228 tribuit.

253 1333 388 1416 Jacobus
412 1333 462 1391 dei
484 1340 514 1391 et
537 1335 706 1423 apostolice
721 1333 802 1392 sedis
818 1334 922 1407 gracia
945 1334 1152 1407 zagrabiensis
1168 1333 1337 1408 episcopus
1356 1333 1430 1393 Uni-

162 1438 264 1496 versis
287 1445 317 1496 et
339 1439 469 1511 singulis
500 1441 694 1514 presencium
726 1440 872 1498 noticiam
903 1440 1056 1498 habituris
1090 1440 1222 1498 salutem
1250 1439 1279 1497 in
1304 1439 1431 1498 domino

161 1546 396 1619 sempiternam.
418 1543 570 1618 Quamvis
593 1547 689 1604 sancti
713 1545 762 1604 dei
786 1545 879 1603 laude
902 1545 996 1619 digna
1011 1561 1029 1604 a
1045 1546 1211 1604 christiano
1234 1546 1354 1620 populo
1370 1547 1431 1604 sint

161 1649 337 1708 extollendi
370 1653 400 1708 in
431 1651 529 1722 terris,
561 1653 615 1724 qui
645 1667 704 1725 pro
735 1652 803 1726 ipso
834 1653 953 1726 populo
983 1653 1199 1710 intercessores
1226 1649 1432 1710 efficacissimi

162 1757 302 1814 existunt
339 1757 371 1814 in
406 1758 488 1829 celis,
523 1757 649 1832 expedit
682 1763 785 1816 tamen
817 1757 945 1815 illorum
975 1763 1152 1816 sanctorum
1184 1757 1349 1830 specialius
1379 1772 1434 1832 pa·

162 1863 295 1921 trocinia
318 1863 472 1936 invocare,
497 1865 550 1937 qui
574 1864 604 1922 in
628 1863 734 1922 celesti
757 1865 857 1939 patria
881 1865 1077 1938 prerogativa
1100 1865 1283 1922 choruscant
1305 1880 1362 1939 pre
1383 1880 1430 1922 ce·

160 1969 236 2026 teris
260 1969 416 2044 ampliori.
441 1969 639 2028 Beatissimus
662 1971 766 2044 itaque
788 1971 943 2053 Johannes
966 1971 1110 2044 baptista,
1134 1969 1340 2028 sanctificatus
1365 1985 1429 2028 ma·

160 2076 218 2133 tris
242 2076 274 2134 in
298 2081 397 2148 utere,
420 2076 599 2150 predicatur
621 2082 651 2134 et
667 2076 813 2148 creditur,
833 2092 906 2134 nam
921 2077 1007 2134 iuxta
1023 2074 1194 2134 Salvatoris
1210 2091 1335 2134 vocem:
1351 2077 1431 2134 inter

159 2187 251 2239 natos
275 2183 444 2240 mulierum
467 2197 528 2240 non
558 2182 692 2240 surrexit
720 2183 820 2240 maior
851 2197 895 2252 eo,
926 2187 956 2239 et
986 2181 1057 2240 ideo
1087 2182 1219 2239 dubium
1241 2196 1302 2239 non
1326 2182 1428 2240 existit

159 2289 260 2362 ipsius
285 2289 405 2347 meritis
428 2295 459 2346 et
481 2289 625 2363 precibus
648 2289 774 2362 plebem
798 2287 917 2346 domini
939 2289 1045 2361 parari
1075 2286 1255 2362 perfecciuS,
1279 2303 1339 2361 que
1365 2289 1431 2346 eius

159 2393 314 2467 implorat
337 2394 490 2452 auxilium
513 2399 578 2452 toto
601 2392 701 2450 corde.
733 2392 783 2450 Ad
813 2392 1044 2466 implorandam
1076 2393 1171 2466 igitur
1193 2392 1328 2465 gloriam
1351 2393 1431 2451 eius·

159 2499 233 2557 dem
258 2499 378 2557 domini
402 2499 593 2574 precursoris
615 2499 645 2556 in
669 2499 768 2569 terrie,
793 2504 823 2556 et
838 2503 870 2556 ut
886 2499 985 2556 honor
1007 2505 1111 2556 nostre
1134 2497 1262 2556 ecclesie
1284 2511 1430 2572 augmen·

158 2611 243 2664 tetur
265 2611 298 2663 et
320 2605 487 2663 comodum
517 2609 701 2680 procuretur
729 2603 991 2678 precludaturque
1021 2605 1052 2662 in
1084 2609 1234 2677 quantum
1264 2610 1310 2662 est
1334 2605 1432 2680 possi-

159 2711 225 2768 bile
248 2710 489 2768 maleiactomm
512 2710 622 2781 aditus,
645 2710 837 2768 honorabilis
861 2711 910 2767 vir
933 2709 1077 2768 dominus
1091 2709 1255 2792 johannes,
1275 2710 1426 2768 archidia-

158 2831 256 2874 conus
281 2816 320 2873 de
343 2816 495 2888 Guercbe,
518 2817 608 2874 nobis
631 2817 791 2873 humiliter
814 2816 1011 2890 supplicavit,
1038 2822 1188 2888 quatenus
1211 2815 1373 2874 ecclesiam
1398 2817 1427 2874 in

158 2925 279 2981 honore
303 2923 442 2980 eiusdem
466 2923 594 2995 gloriosi
618 2922 808 2996 precursoris
833 2920 1060 2980 hedificandum
1084 2921 1122 2978 de
1145 2937 1227 2980 novo
1261 2923 1358 2996 ipsius
1381 2939 1429 2980 ar·

157 3029 335 3086 chidiaconi
361 3029 521 3086 laboribus
544 3035 575 3086 et
598 3029 740 3102 expensis
764 3029 794 3085 in
817 3028 885 3085 loco
909 3027 1036 3098 decenti,
1057 3029 1088 3084 in
1112 3029 1268 3086 territorio
1295 3027 1427 3087 fratrum

157 3143 339 3194 nostrorum
362 3135 569 3206 zagrabiensis
596 3135 733 3208 capituli,
765 3135 794 3191 in
827 3135 896 3192 loco
930 3133 1008 3191 ville
1037 3133 1075 3190 de
1098 3148 1180 3192 novo
1216 3135 1430 3207 congregande

157 3258 255 3316 supra
278 3242 383 3298 vicum
408 3240 588 3298 eorumdem
613 3239 745 3297 fratrum
761 3246 938 3298 nostrorum
955 3255 1063 3297 versus
1082 3247 1210 3310 montes,
1227 3239 1427 3312 dignaremur

157 3347 291 3420 aliquali
316 3346 443 3420 speciali
467 3346 664 3419 prerogativa
687 3345 840 3402 decorare.
871 3345 966 3403 Cuius
994 3360 1050 3402 nos
1073 3344 1193 3402 devotis
1216 3345 1361 3418 precibus
1383 3347 1427 3404 in-

157 3454 275 3521 clinati,
298 3453 337 3509 de
360 3451 540 3510 eorumdem
573 3451 705 3510 fratrum
735 3458 913 3510 nostrorum
940 3453 1069 3510 consilio
1107 3457 1212 3510 tenore
1236 3453 1429 3526 presencium

157 3557 368 3619 concedimus.
392 3563 425 3615 ut
448 3559 545 3632 ipsius
569 3559 695 3616 ecclesie
719 3557 912 3616 hedificande
934 3563 1036 3616 rector
1060 3574 1116 3632 per
1139 3563 1281 3632 tempora
1297 3559 1328 3616 in
1345 3558 1426 3616 futu-

157 3682 228 3723 rum
252 3666 364 3722 existat
386 3671 415 3722 et
438 3671 566 3722 vocetur
589 3663 755 3722 efficaciter
785 3666 938 3738 plebanus
970 3671 1000 3722 et
1023 3665 1080 3722 illa
1104 3666 1247 3724 libertate
1269 3671 1299 3723 et
1322 3682 1428 3739 prero-

157 3772 266 3842 gativa
290 3770 431 3842 gaudeat,
457 3785 519 3843 qua
539 3771 633 3828 ceteri
655 3771 780 3844 plebani
803 3772 834 3828 in
857 3772 969 3829 nostris
992 3777 1022 3828 et
1046 3771 1173 3829 ecclesie
1193 3777 1297 3830 nostre
1312 3775 1427 3831 tenutis

159 3877 357 3950 prefulgent;
380 3877 477 3948 salvo
510 3875 593 3949 quod
625 3877 672 3933 ius
703 3882 882 3950 patronatus
913 3876 1051 3934 eiusdem
1082 3878 1210 3936 ecclesie
1239 3877 1278 3934 ad
1302 3878 1427 3937 eosdem

158 3983 273 4041 fratres
296 3983 493 4054 zagrabiense
517 3982 689 4056 capitulum
714 3983 864 4056 pertineat
888 3981 982 4055 pleno
1005 3982 1079 4040 iure.
1096 3982 1348 4056 Quibusquidem
1364 3983 1423 4043 fra·

158 4091 261 4146 tribus
284 4089 397 4146 nostris
420 4087 625 4158 concedimus,
649 4087 732 4162 quod
756 4089 858 4160 ipsam
881 4088 1041 4146 ecclesiam
1058 4087 1286 4146 hedificandam
1309 4091 1427 4162 possint

157 4201 186 4252 et
213 4195 340 4251 valeant
363 4193 478 4264 dotare,
502 4200 595 4268 prout
617 4192 735 4251 eisdem
763 4193 921 4251 videbitur
952 4192 1106 4266 expedire.
1132 4193 1286 4252 Volumus
1312 4201 1427 4267 autem,

157 4300 242 4374 quod
268 4301 337 4357 iura
360 4300 551 4372 parochialia
573 4299 612 4357 ad
637 4301 738 4373 ipsam
761 4299 924 4356 ecclesiam
957 4298 1186 4357 hedificandam
1209 4301 1426 4358 tantummodo

157 4408 216 4464 illa
241 4406 424 4479 pertineant,
449 4421 509 4478 que
532 4405 701 4462 consistunt
725 4406 756 4462 in
780 4405 856 4462 locis
878 4411 907 4462 et
931 4405 1030 4492 terris,
1054 4421 1114 4477 que
1137 4405 1207 4462 loca
1227 4411 1257 4462 et
1273 4407 1427 4464 territoria

96 4497 100 4506 ’
157 4518 242 4570 mete
266 4527 340 4569 vere
364 4511 461 4584 ipsius
484 4527 564 4568 nove
587 4511 672 4582 ville,
696 4511 814 4583 absque
833 4515 939 4568 nostro
955 4510 1134 4583 preiudicio,
1151 4511 1425 4584 comprehendunt.

156 4619 191 4676 In
215 4619 304 4676 cuius
326 4618 373 4675 rei
396 4617 578 4674 memoriam
603 4617 798 4690 presentibus
821 4616 960 4690 sigillum
985 4621 1127 4673 nostrum
1147 4615 1294 4674 duximus
1310 4633 1426 4692 appen-

159 4723 306 4782 dendum.
330 4723 446 4780 Datum
472 4721 629 4796 Zagrabie,
653 4721 703 4780 die
719 4728 805 4780 sexta
820 4723 934 4780 mensis
950 4721 1132 4780 decembris.
1149 4723 1241 4780 Anno
1256 4723 1426 4782 nativitatis

157 4829 278 4888 domini
301 4827 470 4886 MCCCXL
492 4829 633 4902 septimo.

246 4983 268 5032 E
287 4983 361 5032 libro
380 4982 505 5032 Statutor.
526 4981 604 5047 capit.
627 4981 730 5048 zagrab.
752 4981 842 5047 p.1v.
863 4998 882 5032 c.
903 4981 1008 5032 XXIII.
1031 4982 1105 5048 Joan.
1132 4980 1247 5052 Tkaldic.
1268 4981 1337 5032 Mon.
1364 4982 1425 5038 hist.

158 5071 236 5138 episc.
255 5072 362 5139 zagrab.
378 5087 401 5120 v.
421 5069 453 5120 11.
474 5086 500 5136 p.
522 5079 579 5132 142.

1287 5187 1316 5236 13
