3728 5806
1616 603 1659 610 —-.

395 700 477 756 xime
501 698 665 771 preteritis,
691 712 795 754 coram
820 697 910 753 vobis
933 697 964 753 in
988 711 1078 753 causa
1102 697 1181 753 inter
1204 696 1301 753 dictos
1325 696 1407 752 cives
1431 696 1472 751 ab
1488 710 1557 768 una,
1575 701 1661 768 parte

394 820 468 862 vero
491 805 532 861 ab
555 805 617 860 alia
652 805 799 874 Marcum,
824 802 925 860 filium
950 802 1089 874 Mykech,
1124 809 1270 872 vertente,
1294 801 1521 875 comparuisset
1545 807 1574 858 et
1597 806 1662 857 tan·

394 911 467 967 dem
494 911 524 966 in
556 909 692 980 birsagio
723 909 882 966 convictus
916 909 1128 977 remansisset;
1160 914 1189 965 et
1216 909 1342 982 insuper
1364 906 1492 980 prefatis
1516 906 1608 964 iudici
1632 911 1664 962 et

394 1017 502 1072 iuratis
538 1015 660 1072 civibus
694 1019 838 1072 octavum
876 1013 959 1071 diem
984 1013 1053 1071 festi
1079 1015 1159 1071 beati
1184 1013 1342 1070 Michaelis
1365 1011 1543 1084 archangeli
1566 1012 1663 1082 assig-

394 1122 521 1179 nassetis
545 1136 602 1194 pro
627 1121 758 1179 termino
782 1120 991 1195 comparendi,
1016 1121 1089 1177 licet
1111 1121 1187 1193 ipsis
1211 1120 1329 1192 integra
1346 1125 1376 1175 et
1392 1125 1538 1176 consveta
1553 1123 1662 1175 octava

394 1237 485 1301 atque
519 1233 643 1284 extensa
678 1233 772 1301 prout
808 1228 917 1285 ceteris
951 1227 1149 1284 causantibus
1180 1226 1264 1283 licite
1298 1224 1432 1282 debebat
1459 1224 1535 1282 dari.
1559 1225 1663 1298 Quare

393 1335 618 1392 committimus
640 1334 740 1404 vobis,
765 1341 915 1407 quatenus
938 1332 1116 1390 huiusmodi
1140 1333 1307 1389 terminum
1330 1331 1370 1388 ad
1387 1337 1512 1388 octavas
1528 1331 1664 1403 integras

393 1441 490 1497 sancti
527 1439 697 1510 Mychaelis
731 1439 883 1496 affuturas
917 1438 1096 1508 extendatis,
1128 1437 1213 1494 aliud
1248 1452 1309 1494 non
1338 1436 1457 1494 facturi.
1491 1437 1608 1494 Datum
1630 1438 1664 1494 iu

393 1553 494 1602 castro
528 1549 634 1602 nostro
670 1545 856 1616 Veyglecsth
892 1550 1010 1615 vocat0,
1045 1542 1121 1600 feria
1157 1549 1267 1615 quarta
1290 1542 1434 1616 proxima
1456 1551 1526 1598 ante
1548 1541 1664 1598 festum

395 1652 477 1708 beati
500 1651 601 1722 Egidii
625 1649 818 1708 confessoris.
842 1651 932 1707 Anno
955 1649 1072 1706 domini
1097 1648 1329 1706 MCCCLhXX.

480 1789 503 1834 Α
523 1793 611 1850 tergo:
631 1785 860 1836 Reverendissimo
880 1785 906 1835 in
926 1785 1032 1835 Christo
1052 1785 1131 1849 patri,
1150 1784 1257 1834 domino
1277 1785 1422 1838 Demetrio,
1439 1783 1577 1841 cardinali,
1592 1784 1660 1834 Stri-

392 1874 521 1940 goniensi,
541 1880 631 1924 nostro
655 1876 759 1924 devoto.

482 1997 622 2063 Originale
641 1997 667 2047 in
688 1998 786 2057 charta,
806 2013 819 2047 a
841 2005 916 2063 tergo
930 1997 1086 2062 impressum
1105 2005 1143 2048 est
1156 2005 1285 2048 secretum
1305 1998 1425 2064 sigillum
1443 1999 1522 2063 regis.
1545 1998 1575 2047 In
1588 1997 1662 2048 arch.

393 2086 410 2133 l.
432 2101 452 2133 r.
473 2086 522 2134 civ.
542 2087 647 2151 zagrab.

983 2300 1074 2367 308.

500 2442 576 2490 Anno
599 2441 672 2497 1380,
693 2449 734 2502 29.
753 2441 917 2505 septembris.
937 2441 1090 2506 Zagrabiae.

430 2568 524 2623 Pauli
543 2567 665 2641 episcopi
685 2567 880 2640 zagrabiensis
900 2567 934 2624 de
948 2568 1110 2642 standandei
1126 2569 1183 2641 pia
1205 2569 1355 2626 sodalitate
1370 2577 1429 2642 pro
1452 2572 1572 2627 mortuis
1595 2572 1625 2626 in

824 2675 936 2731 ecclesia
959 2675 1076 2748 zagrab.
1101 2675 1222 2731 litterae.
1306 2687 1312 2700 ·

481 2817 595 2874 Paulus
629 2817 679 2875 dei
713 2823 742 2874 et
777 2819 946 2890 apostolice
982 2817 1065 2875 sedis
1098 2819 1202 2889 gracia
1240 2819 1403 2892 episcopus
1439 2821 1660 2892 zagrabiensis.

393 2925 545 2981 Omnibus
568 2924 695 2981 humani
718 2926 839 2996 generis
862 2925 892 2982 in
916 2925 1031 2981 Christi
1052 2923 1197 2981 videlicet
1220 2926 1323 2995 gracia
1347 2925 1548 2982 existentibus
1573 2933 1602 2983 et
1627 2928 1661 2985 in

393 3031 548 3102 ergastulo
571 3030 710 3103 corporis
732 3029 922 3102 degentibus,
947 3031 1061 3103 quibus
1086 3031 1281 3103 presencium
1298 3032 1462 3090 innotuerit
1485 3033 1587 3104 serieS,
1606 3034 1661 3091 be·

392 3137 596 3194 nedictionem
621 3141 781 3209 paternam
805 3152 875 3193 cum
899 3137 1006 3194 salute.
1030 3135 1110 3192 Cum
1134 3151 1192 3210 pro
1216 3142 1391 3194 vestrorum
1407 3137 1560 3195 bonorum
1583 3155 1662 3212 ope·

392 3257 462 3298 rum
484 3242 664 3299 ostensionis
688 3243 882 3299 exortacione
912 3247 942 3299 et
971 3242 1094 3300 Christo
1125 3243 1233 3299 sedula
1257 3259 1314 3316 pro
1338 3245 1448 3301 vestris
1471 3245 1602 3317 piaculis
1627 3247 1660 3304 in

392 3348 678 3404 remuneracionem
702 3347 804 3404 future
827 3348 893 3422 spei
917 3349 1110 3406 exhibicione
1134 3347 1246 3405 fratres
1261 3355 1292 3405 et
1306 3347 1365 3406 filii
1380 3349 1476 3406 nostri
1500 3349 1659 3409 karissimi

393 3453 464 3527 plus
488 3453 652 3510 solitorum
675 3453 801 3510 solliciti
824 3453 1030 3525 advertamus,
1055 3453 1138 3526 quod
1163 3469 1248 3511 mors
1268 3455 1423 3512 neminem
1439 3456 1585 3528 excludit,
1602 3458 1659 3515 sed

394 3559 539 3616 omnibus
562 3557 656 3614 finem
680 3557 794 3615 faciens
817 3559 978 3616 abreviato
1001 3561 1104 3633 sepius
1126 3562 1188 3618 vite
1204 3577 1297 3617 cursu
1312 3561 1469 3619 ordinario
1490 3569 1658 3636 antequam

394 3664 604 3736 unusquisque
635 3669 750 3720 crescat
781 3665 811 3720 in
844 3669 954 3721 etatem
976 3663 1153 3738 perfectam,
1171 3683 1353 3740 precurrens
1368 3668 1469 3740 rapiat
1485 3673 1513 3725 et
1530 3676 1658 3742 raptum

393 3770 501 3827 festine
524 3770 625 3827 tradat
640 3770 807 3843 sepulture.
824 3771 1004 3828 Recolentes
1025 3773 1122 3829 eciam
1142 3773 1259 3830 dictum
1276 3775 1408 3847 apostoli
1427 3775 1568 3833 dicentis:
1586 3793 1658 3850 pro·

392 3879 461 3951 prio
484 3875 551 3932 filio
574 3891 630 3932 suo
653 3892 714 3933 non
737 3877 877 3949 pepercit
893 3876 976 3948 deus,
993 3877 1047 3934 sed
1063 3893 1121 3951 pro
1138 3879 1227 3936 nobis
1243 3880 1388 3937 omnibus
1404 3881 1532 3938 tradidit
1546 3883 1659 3953 illum;

392 3988 421 4040 et
446 3965 528 4038 cum'
542 3997 626 4038 mors
650 3982 726 4054 ipsa,
751 3997 811 4054 que
833 3989 878 4039 est
902 3983 1047 4039 ultimum
1078 3984 1227 4054 terribile,
1258 3990 1324 4041 erat
1347 3985 1444 4042 eciam
1468 3987 1527 4059 ipsi
1550 3995 1659 4047 nostro

392 4088 541 4146 terribilis
564 4088 720 4158 salvatori,
745 4089 798 4160 qui
823 4089 927 4145 omnia
950 4088 1130 4161 presciebat,
1163 4097 1296 4146 attamen
1329 4095 1450 4164 patrem
1482 4108 1571 4149 suum
1594 4094 1657 4152 hiis

393 4195 497 4251 verbis
520 4193 683 4264 affabatur,
709 4195 789 4250 Luce
814 4195 970 4265 vicesimo,
1002 4194 1157 4267 inquiens:
1189 4202 1285 4268 pater,
1313 4196 1339 4252 si
1369 4197 1426 4266 vis,
1449 4197 1583 4256 transfer
1605 4216 1658 4257 ca·

392 4301 484 4357 licem
509 4301 588 4356 hunc
611 4315 629 4355 a
650 4315 716 4368 me;
734 4306 848 4372 quanto
866 4299 964 4371 magis
980 4314 1044 4369 nos,
1061 4301 1115 4372 qui
1131 4301 1228 4373 ipsius
1245 4301 1362 4371 mortis,
1379 4303 1466 4358 cuius
1483 4311 1593 4360 eventu
1610 4306 1657 4362 nil

393 4408 508 4466 cercius
532 4405 597 4462 fore
621 4407 851 4478 comprobatur,
875 4405 957 4462 diem
982 4411 1011 4462 et
1035 4405 1143 4462 horam
1167 4407 1288 4478 penitus
1315 4407 1502 4478 ignoramus,
1534 4417 1659 4482 oportet

392 4515 487 4571 nostri
504 4513 603 4569 exitus
619 4513 786 4569 terminum
804 4513 862 4584 piis
883 4517 913 4568 et
929 4511 1107 4569 salubribus
1123 4513 1270 4585 operibus
1285 4528 1320 4570 ac
1337 4515 1578 4572 elemosinarum
1595 4518 1659 4574 lar·

392 4620 564 4690 gieionibus
581 4619 750 4691 prevenire,
767 4634 805 4674 ne
819 4619 921 4674 subito
939 4619 1003 4676 eius
1019 4619 1198 4691 preocupati
1216 4618 1382 4689 invasione,
1403 4635 1570 4692 queramus
1585 4637 1658 4695 spa-

392 4725 473 4780 cium
499 4724 669 4797 penitencie
692 4731 721 4779 et
746 4723 882 4779 invenire
905 4738 1100 4795 nequeamus
1125 4722 1204 4780 Cum
1228 4724 1331 4796 itaque
1355 4725 1507 4795 universa,
1527 4742 1588 4798 que
1604 4729 1658 4785 hic

393 4847 458 4886 esse
492 4829 667 4898 creduntur,
703 4828 779 4885 facie
810 4829 841 4885 in
872 4828 1023 4885 nichilum
1053 4828 1228 4900 redigenda,
1259 4843 1295 4885 eo
1326 4828 1487 4887 dumtaxat
1516 4830 1659 4907 dempto,

393 4936 477 5010 quod
501 4935 592 4993 corde
616 4937 668 5008 pio
692 4936 793 5006 agitur
816 4951 872 5008 per
896 4934 978 5006 quod
1003 4932 1078 4990 deus
1101 4934 1217 5007 placari
1242 4942 1271 4992 et
1295 4933 1333 4991 ad
1351 4935 1561 4993 miserandum
1582 4937 1658 4998 faei-
