3728 5806
351 555 413 613 304
777 535 849 591 Dae.
867 549 942 611 324.
969 567 1005 575 -
1031 534 1087 589 An.
1111 527 1202 608 1384.

351 737 425 793 socii
449 742 478 792 et
502 735 699 792 concanonici
726 735 830 803 nostri,
862 749 940 806 quos
963 732 1002 788 ad
1027 731 1195 790 videndum
1220 735 1250 786 et
1271 727 1401 786 eandem
1426 727 1514 783 nobis
1538 724 1617 781 rele-

350 841 481 898 rendum
498 841 682 913 premissam
698 839 935 896 iuramentalem
953 839 1181 911 deposicionem
1199 851 1256 910 pro
1279 835 1370 891 dictis
1389 834 1528 904 utrisque
1544 847 1615 904 par·

350 948 433 1003 tibus
456 961 514 1019 pro
538 945 721 1002 testimoniis
745 944 925 1000 duxerimus
949 942 1151 1017 deputandos,
1175 942 1346 998 retulerunt
1362 940 1484 994 seriose.
1502 937 1618 993 Datum

350 1053 380 1109 in
404 1051 567 1124 quindenis
598 1050 668 1108 sesti
699 1051 781 1108 beati
812 1049 920 1132 Jacobi
952 1049 1094 1123 apostoli,
1123 1049 1183 1104 iam
1208 1046 1363 1120 predictis.
1387 1047 1477 1100 Anno
1500 1041 1619 1099 domini

351 1158 460 1214 MCCC
483 1159 692 1230 octuagesimo
716 1163 834 1230 quarto.

440 1275 580 1341 Originale
605 1275 632 1325 in
655 1275 753 1333 charta,
779 1289 793 1323 a
818 1283 893 1340 tergo
912 1277 1055 1342 vestigium
1074 1277 1193 1342 appressi
1213 1274 1368 1341 capitularis
1387 1271 1479 1337 sigilli.
1500 1269 1528 1320 In
1547 1268 1619 1317 arch.

351 1365 368 1412 l.
388 1379 409 1412 r.
429 1364 477 1413 civ.
497 1364 602 1428 zagrab.

948 1509 1037 1574 324.

457 1649 534 1697 Anno
557 1648 629 1712 1384.
653 1656 690 1708 14.
711 1647 832 1712 Augusti.
856 1647 886 1698 Iu
904 1648 1053 1700 Temesvar.

352 1776 502 1833 Elisabeth
533 1777 635 1848 regina
666 1777 843 1848 Hungariae
872 1777 980 1834 civibus
1013 1777 1221 1836 Grechensibus
1251 1776 1302 1834 sub
1316 1784 1414 1849 paena
1442 1772 1620 1848 infidelitatis

346 1883 493 1956 praecipit
519 1901 554 1938 ne
583 1883 732 1940 rebellibus
763 1879 859 1940 Paula
889 1885 969 1957 episc.
993 1885 1110 1958 zagrab.
1135 1886 1200 1942 item
1224 1883 1370 1957 Stepaam
1392 1889 1420 1938 et
1442 1879 1567 1938 Mcalaa
1588 1877 1622 1933 de

483 1988 572 2046 Zeeclt
602 1988 788 2058 adhaereant,
819 1990 905 2048 imma
926 1992 1043 2064 quasvis
1064 2007 1198 2066 sequaces
1220 2009 1317 2048 earnem
1339 1989 1491 2046 detineant.

445 2132 603 2189 Elizabeth
628 2132 677 2190 dei
701 2133 805 2206 gracia
827 2135 933 2206 regina
957 2135 1099 2208 Vngarle,
1124 2135 1260 2205 Polonie,
1282 2132 1445 2191 Dalmacie
1461 2136 1516 2188 etc.
1532 2128 1621 2186 Fide-

359 2240 442 2298 libus
465 2239 529 2296 suis
552 2237 654 2308 iudici,
685 2240 792 2296 iuratis
822 2245 852 2296 et
875 2241 1026 2298 universis
1049 2242 1169 2298 civibus
1192 2241 1231 2298 de
1253 2239 1413 2312 Zagrabia,
1436 2236 1569 2293 salutem
1591 2243 1622 2291 et

356 2347 502 2418 graciam.
522 2343 602 2416 Quia
618 2361 656 2401 ex
667 2345 821 2402 relacione
833 2346 1101 2418 quamplurimum
1122 2347 1277 2403 nobilium
1293 2350 1323 2402 et
1339 2343 1463 2412 civium,
1479 2341 1621 2398 fidelium

353 2458 532 2508 nostrorum
567 2450 766 2508 subditorum
803 2453 892 2509 nobis
927 2451 1015 2523 lacta,
1050 2453 1219 2510 certissime
1253 2465 1360 2509 sumus
1388 2447 1562 2518 informate,
1586 2455 1623 2504 ut

355 2557 477 2626 Paulus,
513 2557 677 2629 episcopus
711 2557 926 2629 zagrabiensiS,
964 2557 1145 2633 Stephanus,
1185 2558 1269 2615 filius
1303 2556 1435 2615 condam
1473 2553 1621 2627 Stephani

354 2662 515 2734 wayuode,
547 2662 693 2720 Nicotaus
724 2663 762 2720 de
794 2663 891 2721 Zeech
915 2669 943 2721 et
973 2664 1084 2722 fratres
1109 2681 1144 2722 ac
1167 2664 1307 2736 colligati
1329 2661 1521 2731 eorumdem,
1545 2667 1623 2716 tam-

355 2783 450 2840 quam
481 2769 619 2840 perversi
651 2768 814 2826 dolositate
845 2770 979 2827 rebelles
1003 2777 1068 2828 tam
1092 2787 1149 2844 per
1172 2771 1290 2827 litteras
1313 2774 1343 2826 et
1366 2769 1502 2837 nuncioS,
1526 2781 1623 2838 quam

356 2873 559 2946 personaliter
585 2877 664 2930 irent
687 2881 717 2930 et
739 2876 903 2932 circuirent
923 2875 1096 2933 seducendo
1119 2883 1242 2933 nostros
1265 2875 1373 2932 fideles
1400 2874 1540 2930 subditos
1565 2888 1622 2946 per

355 2981 496 3053 ipsorum
527 2980 648 3052 iniquas
678 2982 888 3052 suggestiones
920 2981 958 3038 ad
990 2998 1098 3039 eorum
1130 2990 1251 3056 partem
1279 2987 1308 3038 et
1332 2980 1473 3037 lavarem
1496 2980 1527 3036 in
1550 2994 1622 3035 con·

355 3090 475 3142 tentum
504 3090 607 3142 nostre
642 3086 817 3144 maiestatis.
849 3086 921 3144 ideo
951 3088 1130 3145 huiusmodi
1152 3087 1328 3144 dolositatis
1351 3085 1543 3159 iniquitatem
1569 3101 1624 3142 vo·

356 3189 453 3248 lentes
488 3191 678 3264 precogitata
712 3191 881 3266 prudencia
915 3195 1086 3266 prevenire,
1109 3195 1255 3252 volumus
1287 3200 1316 3250 et
1343 3192 1486 3249 fidelitati
1522 3197 1625 3248 vestre

355 3295 487 3353 firmiter
520 3297 721 3370 precipiendo
756 3297 949 3370 mandamus,
985 3305 1134 3372 quatenus
1168 3300 1273 3357 statim
1307 3299 1382 3356 visis
1419 3298 1625 3372 presentibus

356 3403 461 3459 habita
485 3403 614 3475 publica
637 3403 900 3476 promulgacione,
924 3405 954 3462 in
978 3405 1082 3463 medio
1104 3406 1200 3463 vestri
1227 3403 1345 3462 faciatis
1362 3404 1566 3477 proclamari:
1589 3409 1626 3460 ut

357 3509 462 3565 nullus
487 3509 651 3581 nobilium,
676 3511 862 3583 ignobilium
886 3518 915 3568 et
939 3512 1065 3569 alterius
1089 3513 1224 3570 cuiusvis
1247 3516 1352 3580 status
1385 3510 1571 3568 condicionis
1594 3515 1627 3566 et

356 3615 582 3687 preeminencie
614 3617 776 3673 hominum
799 3624 829 3674 et
851 3618 948 3674 eciam
965 3634 1003 3674 ex
1020 3619 1118 3689 vobis,
1138 3619 1197 3675 sub
1213 3633 1293 3692 pena
1308 3617 1498 3674 infidelitatis
1513 3615 1626 3672 audeat

358 3719 474 3776 eisdem
506 3722 661 3794 perversis
684 3729 714 3779 et
736 3723 909 3780 rebellibus
939 3723 1088 3781 adherere
1118 3724 1169 3780 vel
1197 3723 1313 3795 favore,
1337 3723 1462 3794 auxilio,
1486 3723 1626 3790 consilio,

357 3827 488 3883 servicio
513 3831 566 3882 aut
589 3827 695 3899 aliquo
718 3828 780 3885 alio
803 3828 941 3886 subsidio
964 3828 1070 3886 adesse
1093 3830 1124 3886 in
1148 3829 1349 3902 pertinaciam
1372 3828 1579 3902 perversionis
1594 3833 1627 3883 et

356 3931 537 3989 rebellionis
561 3932 758 4003 eorumdem;
783 3935 922 3992 volentes
947 3940 976 3992 et
998 3936 1234 4004 committentes,
1258 3941 1293 3991 ut
1315 3935 1342 3992 si
1365 3935 1419 4007 qui
1442 3951 1480 3991 ex
1495 3931 1625 4006 prefatis

356 4037 511 4108 perversis
533 4042 562 4094 et
586 4038 768 4110 rebellibus
799 4045 852 4095 aut
875 4055 983 4098 eorum
1006 4040 1226 4099 adherentibus
1250 4039 1424 4098 fautoribus
1446 4045 1476 4096 et
1499 4038 1627 4096 famulis

356 4141 395 4198 ad
420 4143 516 4200 vestri
538 4143 677 4200 medium
712 4144 899 4215 accederent,
929 4146 1001 4202 illos
1024 4146 1056 4203 in
1080 4147 1219 4220 personis
1243 4151 1273 4203 et
1294 4147 1389 4203 rebus
1412 4145 1572 4202 detineatis
1595 4151 1628 4202 et

357 4246 495 4305 detentos
526 4255 628 4306 nostre
661 4264 844 4307 conservare
877 4251 1025 4309 studeatis
1049 4253 1204 4310 serenitati
1225 4253 1255 4309 in
1280 4253 1403 4324 signum
1426 4259 1527 4308 vestre
1549 4251 1628 4307 fide-

358 4353 455 4410 litatis
484 4356 575 4411 nobis
605 4355 843 4426 observandum,
873 4357 903 4414 in
931 4372 993 4429 quo
1016 4359 1107 4416 nobis
1133 4364 1256 4431 gratum
1281 4359 1465 4430 obsequium
1489 4356 1625 4426 facietis;

358 4463 388 4515 et
411 4460 470 4516 hoc
494 4459 597 4532 ipsum
621 4461 810 4533 iniungimus
832 4463 938 4520 comiti
965 4464 1015 4520 vel
1039 4465 1214 4522 vicecomiti
1237 4470 1267 4521 et
1289 4463 1444 4521 iudicibus
1467 4463 1624 4520 nobilium

357 4565 521 4622 comitatus
552 4567 767 4638 zagrabiensis,
801 4567 908 4626 dantes
938 4569 981 4626 eis
1009 4571 1164 4628 similibus
1187 4571 1246 4627 sub
1270 4571 1432 4643 preceptis.
1455 4569 1572 4625 Datum
1596 4570 1628 4626 in

358 4669 565 4741 Themeswar,
601 4671 631 4728 in
658 4673 767 4744 vigilia
797 4672 866 4730 festi
890 4677 1114 4748 assumpcionis
1142 4677 1270 4748 virginis
1292 4676 1435 4748 gloriose.
1458 4676 1547 4732 Anno
1572 4674 1631 4732 do-

358 4777 435 4832 mini
459 4775 683 4832 MCCCLXXX
707 4785 825 4850 quarta.

447 4891 586 4957 Originale
606 4893 632 4942 in
651 4893 748 4956 charta,
768 4895 794 4945 in
813 4912 865 4960 qua
884 4911 1039 4963 appressum
1062 4905 1099 4948 est
1118 4899 1238 4966 sigillum
1257 4899 1342 4950 minus
1362 4898 1476 4965 reginae.
1496 4898 1527 4948 ln
1549 4899 1625 4950 arch.

358 4979 405 5032 lib.
424 4995 479 5048 reg.
499 4981 548 5032 civ.
569 4983 673 5048 zagrab.
