3600 5804
685 537 757 594 Doc.
782 533 833 614 64.
861 571 897 578 -
922 538 977 594 An.
1003 533 1092 614 1278.
1484 555 1521 609 55

274 735 378 792 eisdem
400 736 586 806 contulisset,
610 752 666 792 suo
688 737 787 809 regali
810 737 977 810 privilegio
1001 737 1220 796 confirmando
1245 738 1308 796 Nos
1332 740 1434 811 itaque
1456 753 1525 812 pre-

273 841 357 914 ceptis
378 841 494 898 domini
517 844 614 899 nostri
637 843 718 914 regis
741 843 1000 916 obtemperantes
1033 851 1065 901 ut
1097 844 1255 916 debemus,
1283 845 1424 902 misimus
1453 845 1524 902 Inus

273 949 401 1004 comitem
425 954 565 1005 nostrum
581 949 812 1019 zagrabiensem
828 949 867 1005 ad
886 948 996 1006 faciem
1013 949 1093 1007 dicte
1110 955 1198 1020 terre,
1215 955 1248 1007 ut
1265 950 1396 1008 eandam
1413 951 1524 1008 villam

275 1053 391 1125 Kobyla,
413 1055 505 1111 simul
529 1070 602 1112 cum
625 1063 706 1112 terra
730 1070 785 1111 sua
809 1055 1057 1113 rehambulando
1082 1073 1138 1130 per
1161 1063 1280 1114 veteres
1305 1063 1403 1114 metas
1426 1063 1456 1113 et
1472 1072 1524 1113 an-

276 1161 369 1232 tiquas,
391 1167 535 1218 statueret
558 1167 587 1218 et
611 1162 780 1234 assignaret
803 1161 931 1234 prefatis
962 1163 1084 1220 civibus
1116 1171 1267 1237 perpetuo
1296 1161 1523 1237 possidendam.

276 1265 327 1338 Qui
347 1266 466 1324 demum
489 1277 595 1324 nostro
620 1267 765 1325 mandato
789 1269 1016 1340 obtemperans,
1041 1273 1074 1324 ut
1098 1274 1226 1338 tenetur,
1243 1267 1397 1341 prefatam
1412 1269 1523 1325 villam

277 1372 385 1445 Kobyla
407 1390 476 1431 cum
500 1375 645 1430 omnibus
668 1373 864 1447 pertinenciis
887 1380 917 1430 et
942 1374 1184 1430 circumstanciis
1216 1373 1442 1431 reambulando
1468 1390 1524 1448 per

278 1479 400 1551 antiquas
421 1479 643 1551 distincciones,
667 1479 862 1552 presentibus
890 1481 1035 1536 omnibus
1059 1480 1275 1551 iobagionibus
1304 1481 1396 1536 castri
1418 1496 1524 1552 zagra·

280 1585 383 1656 biensis,
413 1587 587 1642 convocatis
617 1585 725 1642 vicinis
756 1591 786 1642 et
816 1586 1044 1656 commetaneis,
1076 1591 1168 1659 prout
1198 1584 1282 1642 idem
1321 1601 1424 1642 comes
1453 1587 1523 1642 lnus

280 1692 457 1760 personaliter
480 1691 570 1748 nobis
593 1693 742 1762 recitavit,
766 1691 872 1748 statuit
903 1698 933 1748 et
964 1693 1133 1764 assignavit
1164 1690 1280 1748 eisdem
1309 1692 1430 1749 civibus
1452 1708 1522 1766 per-

279 1803 357 1867 petuo
378 1798 601 1871 possidendam.
627 1797 688 1854 Nec
712 1813 748 1854 eo
772 1814 827 1855 nos
851 1799 993 1868 contenti,
1022 1797 1152 1855 fecimus
1182 1799 1272 1855 nobis
1296 1799 1436 1856 exhiberi
1460 1797 1522 1872 pri·

279 1902 407 1976 vilegium
435 1905 553 1961 domini
585 1905 680 1961 nostri
711 1905 792 1976 regis
823 1920 918 1977 super
948 1903 1118 1962 collacione
1149 1903 1268 1977 prefate
1298 1911 1379 1961 terre
1407 1904 1522 1960 Kobila

278 2008 436 2080 confectum,
467 2027 530 2083 quo
562 2011 698 2084 perlecto
728 2025 833 2067 coram
864 2010 1016 2066 universis
1048 2010 1265 2081 iobagionibus
1296 2011 1389 2067 castri
1418 2025 1521 2082 cagra-

279 2113 373 2173 biensis
394 2133 421 2174 er
445 2119 566 2191 plenius
590 2117 754 2183 intellecto,
778 2117 852 2188 quia
875 2117 1084 2190 comperimus
1109 2117 1139 2172 in
1163 2115 1280 2186 eodem,
1313 2115 1395 2188 quod
1420 2117 1521 2189 ipsam

275 2220 370 2279 villam
392 2224 515 2295 Kobyla
537 2223 681 2280 dominus
704 2238 758 2280 rex
782 2222 821 2279 de
844 2237 994 2280 consensu
1025 2224 1166 2279 omnium
1199 2223 1369 2278 barronum
1392 2237 1521 2279 suorum

272 2325 384 2394 prefatis
399 2330 519 2408 civibus
537 2337 687 2402 perpetuo
704 2329 868 2386 contulerit
884 2327 1111 2402 possidendam.
1136 2327 1199 2385 Nos
1215 2327 1378 2385 collacioni
1402 2327 1521 2386 domini

271 2436 354 2491 nostri
374 2437 453 2509 regis
476 2437 704 2493 consencientes
727 2443 756 2492 et
778 2436 981 2492 assencientes
1005 2433 1043 2491 ad
1069 2435 1205 2508 plenum,
1229 2433 1384 2508 prefatam
1409 2435 1519 2492 villam

272 2533 389 2612 Kobyla,
413 2544 484 2615 quia
507 2559 599 2599 nemo
623 2541 661 2598 de
678 2541 893 2613 iobagionibus
911 2541 1002 2598 castri
1018 2540 1225 2598 contradictor
1245 2541 1355 2610 extitit,
1378 2541 1419 2597 ab
1436 2541 1521 2597 omni

270 2635 466 2706 iurisdiccione
490 2649 582 2706 castri
605 2648 811 2720 zagrabiensis
841 2652 1002 2720 exceptam
1035 2647 1157 2719 penitus
1180 2651 1210 2703 et
1234 2651 1420 2719 exemptam,
1448 2661 1520 2703 cum

269 2751 400 2812 Omnibus
422 2756 610 2814 utilitatibus
633 2755 695 2810 suis
726 2759 756 2811 et
786 2753 982 2827 pertinenciis
1014 2752 1199 2826 supradictis
1230 2752 1350 2809 civibus
1371 2753 1520 2825 assignari

270 2847 386 2916 ¹ecimus
408 2871 436 2919 et
458 2860 644 2933 assignando
667 2860 851 2932 reliquimus
883 2861 949 2916 iure
980 2866 1131 2933 perpetuo
1163 2858 1390 2933 possidendam.
1414 2859 1519 2917 Retra-

268 2943 358 3050 dessdo
381 2983 486 3026 manus
510 2975 629 3024 nostras
652 2983 706 3023 seu
729 2967 850 3023 comitis
873 2966 980 3033 nostri,
1011 2967 1051 3022 ab
1083 2966 1167 3022 omni
1191 2965 1405 3023 iurisdiccione
1428 2973 1520 3038 atque

268 3059 335 3124 ¹¹³²ae
357 3084 416 3140 quo
438 3074 556 3145 exinde,
580 3074 702 3130 racione
726 3073 856 3130 banatus
879 3073 984 3142 nostri,
1002 3073 1091 3130 nobis
1111 3071 1330 3130 dinoscebatur
1345 3073 1519 3146 provenire,

270 3151 405 3250 νΨθῐὶῑθε,
427 3181 508 3254 quod
533 3179 571 3236 de
594 3187 696 3237 cetero
719 3179 813 3236 iidem
837 3180 919 3237 cives
950 3195 985 3236 ac
1019 3193 1210 3236 successores
1234 3194 1343 3236 eorum
1365 3177 1519 3252 prefatam

269 3245 367 3335 Wldlll
391 3287 515 3358 pacifice
538 3295 568 3343 et
591 3287 655 3344 sine
679 3287 901 3358 inquietacione
925 3285 1066 3359 qualibet
1099 3285 1222 3342 valeant
1246 3290 1398 3358 perpetuo
1421 3286 1518 3358 possi·

250 3370 317 3467 dere,
349 3388 399 3448 fn
419 3395 501 3450 cuius
524 3393 568 3449 rei
592 3393 776 3449 memoriam
800 3401 829 3449 et
852 3399 1035 3467 perpetuam
1060 3391 1241 3448 firmitatem
1265 3397 1421 3464 presentes
1448 3407 1518 3448 con-

240 3511 406 3577 cessimus
426 3500 543 3557 litteras
566 3499 662 3570 sigilli
685 3499 781 3555 nostri
813 3499 983 3555 munimine
1013 3498 1182 3554 roboratas.
1215 3495 1331 3552 Datum
1360 3495 1517 3568 Zagrabie.

235 3616 328 3674 Anno
362 3599 483 3663 domini
508 3604 591 3662 MCC
614 3604 842 3678 septuagesimo
866 3605 981 3676 quinto

321 3749 481 3818 Originate
500 3759 527 3808 in
547 3758 698 3806 membrana
722 3758 799 3806 valde
825 3771 969 3814 corrosum,
993 3757 1112 3822 sigillum
1138 3763 1163 3805 et
1187 3770 1250 3805 zona
1270 3755 1370 3804 desunt.
1395 3753 1424 3804 In
1447 3755 1517 3804 arch.

230 3832 310 3884 acad.
336 3835 448 3897 Scient.
470 3849 539 3898 Slau.
559 3845 651 3896 merid.
672 3847 765 3894 Exstat
783 3846 809 3894 in
833 3851 998 3911 transumpto
1024 3845 1114 3895 Caroli
1141 3843 1212 3910 regis
1238 3845 1326 3910 Huug.
1347 3845 1420 3893 dea.
1444 3853 1516 3902 1317.

233 3923 261 3972 1¹¹
276 3920 392 3976 archiv,
417 3937 436 3985 l.
456 3953 477 3986 r.
498 3936 548 3989 civ.
567 3936 671 4000 zagrab.

847 4147 912 4214 64.

318 4271 433 4340 Anno
456 4291 529 4349 1278,
549 4301 572 4349 3.
591 4291 714 4356 januarii.
734 4291 831 4340 Budae.

275 4385 469 4477 ladsslaus
493 4419 549 4476 IV.
573 4419 749 4493 Hungan‘ae
771 4427 818 4476 etc.
842 4438 904 4488 rex,
927 4419 1001 4474 cives
1023 4417 1057 4474 de
1078 4427 1170 4476 monte
1198 4417 1293 4476 Grech
1316 4419 1353 4475 ab
1375 4438 1451 4474 onem

687 4525 819 4583 dercemu
842 4526 950 4596 banalt',
972 4527 1077 4582 exiluit.

261 4735 266 4744 .
293 4636 395 4716 Nos
428 4663 614 4749 Lad(izlaus)
639 4671 688 4728 dei
711 4673 815 4744 gracia
837 4687 893 4728 rex
916 4671 1081 4743 Hungarie.
1112 4668 1329 4742 Significamus
1355 4672 1516 4741 universis,

223 4737 328 4803 quibus
368 4777 524 4850 expedit,
548 4777 741 4850 presencium
765 4793 821 4850 per
845 4783 990 4848 tenorem,
1008 4775 1091 4850 quod
1114 4775 1223 4834 fideles
1239 4778 1322 4834 cives
1337 4785 1459 4834 nostros
1478 4777 1517 4834 de

223 4851 313 4950 ,mne
350 4867 536 4952 Grecensi
561 4884 716 4957 cupientes
740 4885 771 4940 in
802 4884 864 4940 suis
895 4884 1030 4956 antiquis
1053 4883 1250 4941 libertatibus
1273 4899 1463 4953 conservare,
1487 4889 1517 4940 et

223 4949 443 5047 l¹¹¹³³¹¹de¹1tes
466 5005 504 5046 ex
527 4989 631 5046 animo
653 4989 840 5047 relevacioni
872 4989 1062 5060 corumdem,
1086 4990 1161 5064 ipsis
1184 4989 1305 5046 civibus
1328 5005 1366 5046 ex
1389 4988 1517 5062 speciali
