3728 5806
359 549 418 607 302
731 535 805 592 Doc.
823 551 895 612 321.
914 552 987 613 322.
1011 571 1052 579 =—
1072 538 1128 594 An.
1152 533 1244 614 1384.

356 734 461 786 nostro
485 727 647 788 Sclauonie
669 732 774 804 palam
800 732 900 790 facere
923 735 1119 807 proclamari.
1148 735 1261 792 Datum
1287 729 1396 812 B(ude)
1421 783 1427 792 .
1451 781 1458 792 .
1481 781 1488 793 .
1513 783 1519 793 .
1544 752 1622 793 mar·

357 836 431 892 tiris.
456 837 545 892 Anno
568 835 686 895 domini
710 838 934 896 MCCCLXXX
958 847 1076 912 quarto.

447 969 468 1018 E
488 975 651 1036 transumpto
671 972 796 1038 Stephani
816 979 842 1023 et
860 974 988 1039 Johannis
1006 976 1039 1022 de
1058 974 1177 1032 Lindwa,
1196 976 1332 1034 banorum,
1352 982 1381 1024 ut
1402 975 1477 1025 inira.

949 1185 1030 1251 321.

462 1327 538 1374 Anno
560 1326 633 1386 1384
656 1335 688 1375 to
705 1325 786 1391 Junii.
805 1325 957 1390 Zagrabiae.

358 1450 522 1526 Stephanus
552 1461 580 1512 ct
601 1451 759 1530 johannes
789 1455 822 1510 de
847 1454 964 1511 Ltudua
987 1453 1059 1510 bani
1077 1453 1235 1512 Slavonae
1257 1457 1377 1524 litteras,
1401 1475 1505 1514 atavam
1528 1477 1619 1514 mone·

702 1569 771 1630 tane,
793 1579 867 1634 quae
889 1561 1051 1633 respiciunt,
1074 1562 1275 1618 transcn'bunt.

445 1705 508 1762 Nos
539 1705 714 1779 Stephanus
745 1713 775 1763 et
804 1700 973 1789 J(ohannes
1007 1706 1046 1764 de
1077 1707 1214 1779 Lindum,
1247 1709 1334 1780 regni
1356 1708 1519 1767 Sclauonie
1543 1712 1622 1768 bani.

357 1803 518 1887 Memo)1·ie
540 1812 802 1884 commendamus,
836 1813 919 1885 quod
951 1814 1143 1884 laurencius¹
1174 1814 1257 1871 filius
1280 1815 1408 1886 Thome‚
1433 1815 1525 1873 iudex
1549 1817 1623 1872 civi-

357 1917 427 1973 tatis
451 1919 564 1974 montis
588 1917 758 1988 GrecensiS,
781 1919 820 1975 ad
845 1925 982 1976 nostram
1007 1921 1211 1992 personaliter
1235 1916 1397 1999 velniendo
1421 1924 1621 1996 presenciam.

356 2021 476 2080 litteras
507 2015 614 2098 Marie)
645 2025 749 2096 regine
780 2025 914 2088 maioris.
945 2027 1050 2097 sigillo
1081 2043 1137 2084 suo
1168 2029 1361 2100 consignatas
1385 2030 1475 2086 nobis
1499 2045 1621 2103 presen-

356 2130 442 2198 tavit,
479 2136 586 2202 petens
615 2145 670 2186 nos
702 2145 772 2186 curn
804 2131 951 2188 instancia
982 2139 1015 2188 ut
1046 2139 1184 2190 tenorem
1220 2127 1411 2210 (earumdem
1445 2136 1619 2192 litterarum

358 2229 578 2311 transumpmi)
609 2241 637 2292 et
668 2235 707 2292 de
731 2236 829 2294 verbo
852 2236 891 2293 ad
915 2239 1047 2294 verbum
1076 2239 1239 2298 transcribi
1263 2239 1403 2296 faciendo
1425 2240 1526 2297 eidem
1550 2240 1621 2297 dare

357 2339 563 2412 dignaremur.
587 2339 728 2412 Quarum
752 2347 840 2398 tenor
862 2343 933 2398 talis
956 2349 1017 2401 est:
1041 2337 1115 2422 (vid.
1138 2362 1183 2402 nr.
1202 2360 1273 2417 320.
1290 2361 1369 2403 anno
1390 2345 1480 2420 1384.
1499 2341 1619 2422 Budae.)

356 2446 420 2504 Nos
451 2447 546 2518 igitur
576 2448 662 2505 iustis
693 2454 723 2504 et
754 2449 812 2504 iuri
843 2451 985 2506 consonis
1016 2451 1224 2523 peticionibus
1247 2452 1381 2508 annotati
1406 2451 1564 2509 laurencii
1587 2467 1622 2508 ac

356 2551 444 2610 iustis
468 2598 473 2610 .
497 2598 503 2610 .
527 2599 533 2610 .
558 2599 564 2611 .
588 2555 761 2611 litterarum
785 2553 864 2611 dicte
893 2553 1017 2611 domine
1039 2561 1143 2613 nostre
1166 2559 1270 2629 regine
1294 2558 1489 2631 presentibus
1512 2559 1620 2616 litteris

356 2661 468 2716 nostris
491 2661 668 2733 patentibus
692 2661 782 2718 inseri
806 2669 836 2718 et
862 2661 901 2718 de
932 2663 1030 2718 verbo
1059 2663 1096 2720 ad
1130 2665 1262 2720 verbum
1287 2665 1449 2721 transcribi
1470 2663 1616 2734 faciendo,

357 2765 456 2823 eidem
470 2760 628 2845 (duximus
640 2760 869 2844 concedendas.)
887 2767 1044 2825 Presentes
1057 2776 1160 2826 autem
1176 2770 1287 2842 sigillis
1304 2771 1416 2826 nostris
1431 2771 1618 2841 absentibus,

356 2873 462 2944 sigillo
484 2874 624 2945 magistri
657 2873 772 2944 Basow,
804 2875 926 2932 comitis
958 2876 1054 2932 nostri
1089 2876 1251 2946 crisyensis
1283 2874 1413 2932 fecimus
1442 2877 1622 2947 consignari.

355 2977 472 3034 Datum
503 2978 661 3050 Zagrabie,
691 2980 825 3036 secundo
856 2979 906 3037 die
938 2980 1006 3037 festi
1038 2982 1177 3054 corporis
1208 2981 1330 3038 Christi.
1366 2983 1455 3038 Anno
1486 2982 1623 3040 eiusdem

355 3084 525 3142 millesimo
549 3085 741 3142 CCCLXXX
764 3093 884 3158 quarto,
909 3087 1094 3160 supradicto.

446 3219 585 3284 Originale
605 3219 631 3268 in
650 3221 740 3270 charta
760 3222 837 3272 valde
856 3223 983 3272 attritum.
1008 3223 1039 3272 In
1058 3223 1127 3272 arch.
1148 3223 1193 3272 lib.
1214 3239 1268 3289 reg.
1290 3223 1338 3274 civ.
1358 3223 1463 3289 zagrab.

949 3434 1034 3499 322.

461 3539 538 3586 Anno
561 3538 633 3598 1384,
655 3548 676 3586 2.
696 3537 772 3603 Juiii.
793 3537 888 3588 Budae.

363 3663 526 3738 Capitulum
549 3665 680 3723 badensis
702 3667 763 3723 eccl.
788 3667 926 3724 cambriam
947 3669 1023 3726 aliter
1037 3669 1204 3742 parociam
1220 3671 1436 3726 novovillanum
1458 3679 1486 3727 et
1499 3671 1545 3746 sr.
1562 3670 1623 3727 He·

769 3775 885 3831 remitas
907 3775 1009 3832 initum
1032 3775 1208 3834 transcribit.

445 3914 624 3988 Capitulum
648 3919 775 3976 ecclesie
798 3919 953 3976 badensis
978 3919 1136 3978 liniversis
1160 3919 1273 3977 Christi
1295 3919 1450 3996 fidelibus
1472 3927 1537 3978 tam
1553 3937 1622 3994 pre·

355 4021 493 4078 sentibus
516 4038 611 4093 quam
634 4023 744 4081 futuris
767 4026 960 4096 presencium
983 4026 1129 4082 noticiam
1159 4027 1318 4096 habituris,
1342 4027 1475 4082 salutem
1500 4027 1530 4084 in
1554 4041 1620 4083 om-

355 4127 441 4183 nium
465 4128 627 4186 salvatore.
657 4129 706 4185 Ad
730 4130 946 4187 universorum
977 4131 1122 4188 noticiam
1147 4131 1256 4188 harum
1281 4133 1359 4188 serie
1381 4132 1529 4188 volumus
1553 4147 1623 4204 per·

355 4234 485 4304 vemire,
510 4235 593 4306 quod
617 4236 754 4308 religiosi
778 4237 846 4306 viri,
870 4235 981 4293 fratres
1005 4237 1185 4294 Dominicus
1208 4243 1238 4294 et
1261 4237 1390 4307 BlasiuS,
1414 4237 1532 4294 ordinis
1562 4237 1623 4294 lra-

355 4347 439 4396 trum
462 4341 691 4398 Heremitarum
724 4343 803 4399 beati
828 4343 915 4399 Pauli
938 4344 1031 4416 primi
1055 4344 1212 4400 ileremite
1235 4343 1273 4399 de
1293 4344 1429 4400 claustro
1446 4345 1527 4400 beati
1545 4345 1622 4400 lau-

355 4447 450 4503 rencii
473 4447 610 4504 martiris
633 4463 732 4520 prope
755 4447 884 4518 Budam,
908 4449 975 4506 viee
999 4456 1029 4506 et
1052 4451 1229 4507 nominibus
1252 4451 1469 4506 universorum
1489 4449 1621 4507 fratrum

355 4551 494 4610 eiusdem
517 4551 642 4624 ordinis,
666 4553 705 4610 ad
729 4559 867 4610 nostram
890 4553 1067 4612 accedentes
1092 4557 1281 4628 presenciam
1306 4556 1513 4613 exhibuerunt
1533 4557 1623 4613 nobis

356 4657 508 4730 quasdam
528 4660 646 4716 litteras
675 4660 888 4732 privilegiales
919 4663 1105 4719 serenissimi
1138 4661 1287 4736 principis
1315 4661 1434 4719 domini
1465 4661 1622 4732 Lodouici,

355 4763 454 4820 incliti
477 4767 558 4838 regis
581 4765 747 4838 Hungarie‚
777 4767 927 4823 memorie
955 4767 1126 4839 indelende‚
1151 4768 1308 4850 dupplicis
1332 4768 1429 4840 sigilli
1452 4768 1500 4824 sui
1523 4769 1623 4826 muni·

354 4871 438 4928 mine
461 4871 631 4941 roboratas,
655 4874 843 4930 continentes
867 4873 897 4929 in
914 4889 946 4929 se
963 4874 1080 4931 litteras
1098 4874 1309 4947 privilegiales
1325 4873 1444 4930 domini
1460 4873 1621 4944 Demetrii,

355 4978 493 5051 episcopi
523 4978 737 5050 zagrabiensis‚
768 4978 960 5052 capitulique
990 4980 1050 5036 loci
1080 4979 1228 5051 eiusdem,
1259 4995 1353 5052 super
1384 4979 1519 5052 quadarn
1546 4994 1617 5037 con-
