3600 5804
348 585 408 644 208
770 581 843 640 Dec.
867 595 934 658 231.
962 614 998 622 -
1024 580 1079 637 An.
1106 591 1192 657 1555.

388 689 406 694 ..
423 689 606 696 —-—.-—..-
624 687 838 696 —-—-—-—-——-
846 686 977 693 -——

932 793 1014 859 231.

449 939 525 988 Anno
547 947 621 996 1355,
645 946 664 986 1.
684 935 783 986 martii.
802 934 899 984 Budae.

372 1083 571 1156 Margarerta
592 1083 714 1152 ducissa,
737 1082 810 1140 ciues
840 1080 1015 1140 Grechcnses
1037 1080 1067 1136 ia
1090 1097 1188 1137 cortem
1211 1077 1388 1136 libertatibus
1410 1075 1587 1142 conservari,

894 1187 1047 1261 praecipit.

431 1353 625 1426 Margaretha
648 1351 697 1408 dei
720 1353 824 1424 gracia
847 1365 1013 1424 regnorum
1044 1347 1214 1416 Sclauonie,
1243 1346 1370 1404 Croacie
1394 1349 1423 1402 et
1447 1342 1610 1401 Dalmacie

342 1457 470 1516 ducissa.
493 1458 653 1515 Fidelibus
676 1459 739 1514 suis
762 1458 914 1514 universis
937 1455 1074 1530 prelatis,
1098 1454 1276 1522 baronibus,
1300 1452 1482 1520 comitibus,
1497 1449 1607 1506 castel·

342 1565 421 1621 lanis
437 1571 467 1621 et
483 1564 565 1621 vices
581 1563 763 1620 eorumdem
779 1564 965 1636 gerentibus,
981 1563 1090 1620 aliisve
1106 1561 1261 1619 iudicibus
1276 1565 1306 1616 et
1322 1558 1497 1616 iusticiariis
1513 1556 1612 1613 dicto-

339 1687 411 1728 rum
433 1685 600 1743 regnorum
624 1676 800 1728 nostrorum
821 1676 883 1726 tam
907 1669 1099 1726 secularibus
1122 1683 1218 1740 quam
1246 1665 1460 1724 ecclesiasticis
1483 1677 1610 1736 presen-

341 1777 424 1834 tibus
447 1783 477 1833 et
500 1776 530 1833 in
554 1775 694 1834 futurum
718 1775 947 1846 constituendis,
971 1775 1086 1848 quibus
1108 1778 1266 1848 presentes
1294 1771 1536 1840 ostenderentur,
1561 1784 1609 1826 sa·

340 1881 439 1940 lutem
461 1887 491 1939 et
513 1881 662 1954 graciam.
687 1881 850 1952 Noveritis,
874 1881 959 1954 quod
981 1880 1159 1939 accedentes
1183 1880 1224 1937 ad
1252 1885 1392 1938 nostram
1415 1876 1610 1950 presenciam

342 1989 516 2046 Anthonius
539 1988 640 2053 iudex,
665 1989 813 2061 magister
836 1988 951 2058 Petrus,
975 1987 1059 2046 filius
1076 1988 1178 2060 Ligeri
1198 1993 1228 2045 et
1244 1987 1327 2044 Ivran
1343 1986 1506 2052 litteratus,
1524 1981 1610 2039 lilius

338 2095 496 2176 Johannis‚
519 2096 601 2153 cives
625 2095 802 2166 GrecenseS,
818 2095 849 2152 in
866 2095 1002 2170 propriis
1020 2109 1129 2152 eorum
1153 2109 1189 2150 ac
1204 2093 1422 2150 universorum
1446 2089 1608 2162 hospitum

338 2206 516 2258 nostrorum
540 2201 579 2259 de
602 2201 710 2259 eadem
734 2203 858 2259 civitate
881 2201 1027 2260 Grecensi
1043 2200 1191 2274 personis,
1208 2205 1311 2255 nostre
1327 2195 1493 2270 querulose
1510 2195 1605 2266 signi-

340 2305 472 2364 ficarunt
495 2307 655 2376 maiestati,
680 2306 763 2380 quod
789 2307 848 2380 ipsi
864 2321 883 2363 a
898 2307 1010 2364 nostris
1026 2305 1215 2363 officialibus
1231 2309 1338 2362 contra
1354 2303 1494 2376 ipsorum
1511 2300 1608 2360 liber·

338 2417 433 2468 tatem
457 2428 513 2485 per
534 2428 591 2470 nos
614 2413 760 2485 ignotam,
784 2411 902 2486 pluries
926 2411 1054 2471 luissent
1076 2411 1233 2469 molestati
1249 2416 1279 2468 et
1294 2408 1431 2468 infestati
1454 2406 1605 2474 indebite,

338 2523 474 2589 petentes
497 2533 562 2586 nos
584 2523 619 2574 ut
642 2519 726 2591 ipsos
746 2519 776 2576 in
800 2533 909 2575 eorum
932 2519 1130 2576 libertatibus
1154 2533 1172 2574 a
1195 2515 1468 2591 predecessoribus
1490 2513 1607 2571 nostris

338 2623 477 2680 felicium
499 2623 753 2681 recordacionum
776 2625 820 2680 eis
843 2625 980 2696 graciose
1008 2625 1159 2681 concessis
1190 2624 1392 2696 dignaremur
1414 2627 1444 2679 et
1467 2636 1522 2678 nos
1547 2619 1608 2678 rni-

336 2728 533 2787 sericorditer
555 2744 745 2786 conservare.
769 2729 849 2786 Cum
872 2729 966 2802 igitur
989 2745 1044 2787 nos
1068 2731 1215 2804 inspectis
1238 2745 1346 2788 eorum
1363 2728 1450 2786 iustis
1473 2733 1504 2784 et
1527 2727 1609 2798 legi-

336 2837 420 2894 timis
441 2835 586 2909 precibus
616 2835 753 2892 libertati
785 2851 803 2892 a
837 2837 948 2894 sanctis
980 2836 1250 2911 predecessoribus
1280 2835 1392 2894 nostris
1425 2835 1501 2907 ipsis
1532 2846 1608 2888 con·

336 2959 419 3000 cesse
450 2941 599 3013 derogare
630 2956 691 2999 non
724 2942 864 3015 velimus,
896 2941 949 3000 sed
981 2944 1089 3016 pocius
1129 2943 1261 3014 benigne
1295 2942 1452 3012 adherere,
1487 2938 1608 2996 idcirco

335 3049 477 3106 fidelitati
502 3054 604 3106 vestre
627 3047 759 3105 firmiter
790 3048 956 3122 preciendo
987 3048 1179 3118 mandamus,
1213 3054 1363 3120 quatenus
1398 3046 1523 3104 eosdem
1547 3045 1609 3102 ho·

335 3156 431 3229 spites
454 3161 575 3212 nostros
605 3159 712 3211 contra
743 3155 883 3228 ipsorum
914 3156 1091 3214 libertatem
1122 3153 1354 3227 privilegiatam
1384 3153 1436 3210 vel
1467 3153 1610 3210 cuiusvis

335 3259 560 3334 preeminencie
584 3260 816 3332 prerogativam
839 3261 870 3316 in
892 3261 989 3318 nullis
1019 3261 1119 3318 causis
1142 3276 1194 3317 seu
1218 3274 1381 3316 causarum
1409 3257 1546 3316 articulis
1574 3258 1610 3314 in

335 3365 447 3424 iudicio
468 3381 522 3422 seu
544 3370 630 3422 extra
653 3364 802 3422 iudicium
827 3367 1019 3439 perturbare,
1043 3382 1200 3438 agravare‚
1226 3366 1393 3424 molestare
1409 3373 1462 3423 aut
1478 3371 1609 3437 pertur-

334 3472 403 3529 bari
426 3470 527 3529 facere
550 3471 744 3543 aliquatenus
776 3474 1027 3545 presumpmatis,
1060 3474 1133 3546 quia
1163 3473 1310 3532 volumus
1334 3479 1364 3531 et
1387 3473 1609 3547 promittimus

334 3578 530 3652 presencium
552 3593 609 3650 per
632 3583 771 3636 tenorem
795 3578 921 3636 eosdem
943 3565 1080 3654 hospites
1104 3581 1136 3637 in
1158 3581 1352 3653 quibuslibet
1374 3595 1480 3637 eorum
1505 3579 1608 3637 liber-

334 3686 449 3742 tatibus
472 3701 552 3741 nunc
576 3690 605 3741 et
635 3683 749 3741 amodo
781 3689 810 3741 et
840 3700 948 3742 eorum
979 3687 1173 3758 posteritates
1194 3687 1225 3743 in
1248 3685 1389 3744 futurum
1417 3701 1609 3743 conservare

334 3789 542 3864 indempniter
564 3796 595 3846 et
617 3790 714 3847 illese.
740 3790 828 3848 Unde
851 3791 1006 3860 volumus,
1037 3797 1072 3848 ut
1105 3807 1160 3864 per
1184 3794 1340 3865 quoslibet
1363 3793 1402 3850 ad
1426 3807 1481 3850 nos
1505 3795 1609 3866 perti-

334 3903 440 3954 nentes
465 3897 496 3953 in
519 3896 717 3954 libertatibus
742 3897 881 3969 ipsorum
904 3903 1134 3969 conserventur,
1151 3905 1181 3955 et
1197 3900 1373 3973 specialiter
1397 3900 1477 3956 bano
1492 3907 1608 3958 nostro

333 4009 364 4060 et
387 4003 536 4075 magistro
559 4003 791 4060 tavarnicorum
814 4009 991 4060 nostrorum
1009 4011 1039 4061 et
1055 4004 1199 4078 deinceps
1214 4006 1284 4062 aliis
1304 4007 1418 4079 quibus
1441 4013 1607 4079 presentes

333 4107 575 4180 ostenderentur,
599 4108 692 4166 firmo
716 4108 826 4166 damus
849 4109 909 4166 sub
932 4109 1041 4180 edicto,
1065 4115 1099 4168 ut
1122 4111 1200 4168 nihil
1224 4117 1330 4168 contra
1346 4113 1487 4186 ipsorum
1503 4111 1606 4170 liber-

332 4221 428 4272 tatem
451 4230 542 4288 agere
575 4220 628 4272 aut
651 4231 688 4273 ex
713 4217 756 4273 eis
779 4215 1169 4294 quitquamxconlringere
1199 4216 1332 4274 debeant
1358 4225 1412 4274 aut
1435 4233 1606 4292 presump-

332 4327 418 4379 mant
441 4321 535 4380 modo
558 4322 695 4394 aliquali.
719 4323 835 4379 Datum
859 4321 952 4392 Bude,
972 4323 1003 4379 in
1018 4322 1153 4380 secunda
1174 4323 1328 4380 dominica
1351 4324 1605 4397 quadragesime,

332 4443 393 4500 qua
416 4433 556 4486 cantatur
584 4428 798 4485 Reminiscere.
821 4429 912 4486 Anno
935 4428 1053 4486 domini
1075 4427 1213 4486 MCCCL
1235 4429 1351 4502 quinto,

421 4579 560 4646 Originale
583 4582 609 4630 in
634 4581 792 4631 membrana.
819 4584 842 4631 A
867 4587 943 4646 tergo
963 4597 978 4630 a
997 4581 1081 4648 ligula
1101 4583 1267 4632 membraneo
1288 4582 1406 4650 fragmen
1425 4584 1545 4650 appressi
1565 4586 1602 4635 si-

330 4667 399 4734 gilli.
419 4668 449 4717 In
467 4668 566 4719 archiv.
587 4671 667 4718 Acad.
687 4670 781 4720 Scient.
805 4671 874 4720 Slav.
894 4669 986 4719 merid.
