3728 5806
648 535 722 593 Doc.
740 546 814 612 351.
841 568 878 577 -
904 535 959 592 An.
984 548 1072 611 1391.
1435 551 1494 611 325

232 732 326 803 igitur
349 733 426 805 ipsis
448 735 691 792 racionabilibus
714 735 814 792 causis
836 736 1047 807 reassumptis
1078 736 1142 792 imo
1172 735 1258 808 pacis
1281 737 1348 792 zelo
1373 743 1403 792 et
1427 750 1498 792 con-

231 838 336 895 cordie
358 840 469 896 unione
493 839 586 910 ducti,
610 841 751 898 volentes
775 841 839 897 sine
863 842 993 913 strepitu
1016 846 1046 897 et
1068 841 1170 914 figura
1190 841 1295 900 iudicii
1311 842 1498 914 premissum

231 944 295 1001 litis
326 950 355 1000 et
386 947 595 1003 controversie
619 945 761 1003 fomitem
785 945 823 1002 de
847 946 949 1003 medio
965 948 1063 1004 nostri
1079 948 1233 1020 extirpare
1249 954 1279 1004 et
1295 947 1417 1021 penitus
1432 962 1497 1004 era-

232 1049 343 1120 dicare,
368 1056 401 1106 ut
424 1052 520 1108 eciam
552 1051 591 1108 de
624 1053 783 1110 voluntate
814 1061 843 1108 et
875 1067 949 1109 sano
976 1053 1105 1109 consilio
1128 1068 1164 1109 ac
1187 1052 1360 1110 deliberato
1383 1051 1497 1109 iudicio

231 1157 372 1229 ipsorum
395 1157 526 1214 fratrum
551 1164 727 1216 nostrorum
752 1158 881 1232 capituli
905 1157 1035 1230 predicti
1059 1159 1208 1231 processit
1231 1157 1270 1214 ad
1294 1158 1390 1214 talem
1407 1157 1498 1214 deve·

231 1263 333 1319 nimus
357 1263 519 1321 concordie
542 1265 702 1321 unionem:
728 1264 810 1336 quod
835 1265 916 1322 inter
938 1263 1016 1319 alias
1040 1279 1146 1320 causas
1171 1265 1354 1338 peripsum
1380 1265 1494 1336 capitu·

232 1368 299 1424 lum
322 1375 428 1426 eontra
449 1384 505 1426 nos
528 1371 717 1442 commissas,
742 1371 845 1445 primo
871 1369 1024 1440 videlicet,
1049 1369 1131 1442 quod
1164 1371 1247 1427 idem
1271 1371 1443 1444 capitulum
1467 1371 1497 1428 in

232 1475 376 1530 omnibus
400 1476 511 1531 sanctis
535 1475 660 1546 synodis
684 1491 737 1548 per
763 1492 826 1532 nos
850 1478 1007 1548 hucusque
1038 1477 1203 1534 celebratis
1226 1483 1330 1550 preter
1352 1477 1496 1549 primam,

232 1580 346 1635 multas
366 1579 560 1652 rebelliones,
585 1581 710 1638 iniurias
734 1588 764 1638 et
786 1581 969 1638 insolencias
993 1581 1195 1638 multimodas
1225 1587 1331 1638 contra
1355 1597 1410 1639 nos
1426 1582 1497 1640 ada-

232 1693 404 1756 maverunt,
428 1702 484 1759 per
508 1703 584 1758 quas
608 1687 709 1743 clerus
733 1695 836 1744 noster
866 1703 904 1744 ex
935 1687 1045 1744 maiori
1076 1692 1164 1760 parte
1185 1689 1226 1744 ab
1250 1687 1430 1745 obediencia
1453 1695 1498 1745 est

231 1807 367 1862 aversus,
392 1793 553 1865 multaque
576 1809 614 1849 ex
638 1808 674 1850 eo
697 1785 959 1870 sustinue(ri)mus
983 1792 1095 1850 damna
1119 1797 1149 1850 et
1171 1794 1357 1850 sustinemus
1373 1793 1412 1850 de
1428 1809 1497 1866 pre·

232 1898 318 1954 senti.
340 1897 425 1968 ltem,
450 1897 596 1971 predictis
620 1915 680 1956 non
705 1900 845 1969 contenti,
870 1900 973 1973 primo
996 1901 1027 1956 in
1051 1900 1144 1956 curiis
1163 1900 1276 1972 regalis
1300 1906 1330 1956 et
1352 1899 1498 1972 reginalis

231 2005 427 2062 maiestatum
458 2006 713 2078 prelatorumque
745 2015 774 2063 et
804 2007 957 2063 baronum
988 2007 1136 2080 ipsorum,
1169 2011 1326 2079 postremo
1357 2022 1432 2063 vero
1466 2007 1497 2064 in

232 2111 317 2168 curia
340 2125 468 2168 romana
491 2127 594 2168 coram
620 2111 747 2169 domino
770 2121 875 2170 nostro
899 2129 982 2186 papa
1004 2121 1034 2170 et
1065 2113 1130 2169 eius
1161 2128 1249 2169 sacro
1276 2113 1409 2185 collegio
1432 2127 1497 2170 car·

233 2217 384 2274 dinalium
409 2218 440 2274 in
463 2218 644 2275 consistorio
668 2219 796 2292 publico
819 2218 919 2275 multa
941 2226 1047 2276 contra
1063 2234 1118 2276 nos
1135 2227 1364 2292 proposuerunt
1378 2218 1497 2290 illicita,

232 2323 261 2380 in
287 2339 321 2380 11
346 2329 433 2396 parte
456 2339 517 2380 non
540 2323 699 2381 modicum
724 2325 787 2380 imo
810 2325 941 2382 nimium
965 2340 1020 2382 nos
1044 2324 1243 2396 diffamando
1268 2330 1397 2398 propter
1420 2340 1497 2397 quas

232 2429 466 2486 diffamaciones
490 2437 519 2487 et
543 2431 775 2503 proposiciones
805 2445 860 2487 nos
891 2446 951 2488 non
982 2430 1120 2488 modicas
1150 2431 1288 2504 oportuit
1318 2431 1423 2488 subire
1446 2447 1498 2487 ex·

232 2551 351 2609 pensas.
376 2535 461 2597 item.
485 2536 637 2608 quasdam
660 2536 829 2610 particulas
852 2541 940 2607 terre,
963 2553 1058 2594 unam
1079 2537 1300 2609 Bokaniapolia
1322 2536 1362 2593 ad
1386 2536 1498 2594 villam

231 2649 371 2699 nostram
394 2641 568 2714 Chycheria
591 2649 732 2700 vocatam
757 2643 944 2716 pertinentes
967 2649 997 2701 et
1020 2644 1115 2701 aliam
1132 2659 1226 2716 penes
1241 2643 1428 2725 Jellenowcz
1444 2644 1497 2700 ha·

232 2749 331 2806 bitam
355 2756 385 2806 et
407 2749 557 2806 nonnulla
580 2755 678 2823 prata,
701 2765 801 2822 agros,
825 2751 921 2807 silvas
944 2754 974 2806 et
996 2750 1107 2806 rubeta
1123 2750 1204 2807 circa
1219 2755 1249 2806 et
1264 2764 1363 2822 prope
1379 2749 1497 2821 Vgram

232 2855 355 2912 habitos
379 2863 408 2912 et
439 2856 605 2913 existencia
635 2863 826 2932 occuparunt
856 2863 885 2912 11
916 2855 1112 2912 (11111111111
1143 2863 1308 2928 occupatos
1331 2870 1385 2910 seu
1409 2870 1497 2911 occu-

233 2969 314 3035 pata,
349 2963 488 3034 arbitrio,
520 2962 757 3030 deliberacione,
792 2961 980 3019 discussione
1011 2971 1040 3017 et
1071 2961 1275 3034 disposicione
1310 2961 1497 3018 venerabilis

232 3069 293 3126 viri
316 3068 435 3126 domiui
458 3069 581 3137 llathie,
606 3069 756 3142 prepositi
780 3069 968 3126 chasmensis
992 3073 1021 3124 et
1045 3067 1181 3124 canonici
1209 3067 1424 3139 zagrabiensis
1443 3082 1497 3124 no-

233 3181 367 3232 strarum
391 3175 592 3232 ecclesiarum
615 3181 644 3231 et
667 3175 801 3232 aliorum
824 3191 881 3249 per
912 3175 1016 3247 ipsum
1047 3173 1086 3231 ad
1118 3175 1173 3231 hec
1200 3174 1286 3230 iuxta
1309 3143 1368 3230 sue·
1386 3173 1496 3229 volun-

233 3281 304 3338 tatis
327 3281 455 3338 libitum
477 3280 701 3352 eligendorum,
725 3281 774 3337 hic
798 3279 942 3338 videlicet
962 3279 1119 3352 Zagrabie,
1137 3280 1167 3336 in
1183 3279 1252 3336 loco
1274 3283 1379 3336 nostro
1397 3279 1497 3336 cathe-

234 3387 315 3443 drali
338 3387 368 3443 in
393 3386 525 3443 termino
549 3402 604 3460 per
626 3387 731 3459 ipsum
754 3385 916 3443 dominum
939 3387 1134 3460 prepositum
1156 3385 1298 3459 partibus
1321 3385 1373 3442 vel
1389 3400 1497 3441 eorum

233 3493 382 3565 legitimis
413 3493 666 3566 procuratoribus
700 3492 885 3566 assignando
919 3495 1040 3566 penitus
1071 3500 1101 3549 et
1131 3508 1187 3565 per
1217 3491 1322 3549 omnia
1351 3490 1497 3548 duximus

234 3598 399 3657 tradendos
422 3605 452 3656 et
474 3598 721 3670 committendos,
737 3599 801 3656 imo
818 3599 968 3656 tradimus
985 3605 1014 3656 et
1030 3599 1253 3656 committimus
1269 3613 1326 3670 per
1340 3602 1497 3671 presentes

235 3706 291 3764 tali
312 3706 438 3764 vinculo
462 3705 662 3777 obligaminis
684 3705 851 3777 interiecto,
876 3705 959 3778 quod
991 3706 1016 3761 si
1046 3721 1102 3762 nos
1129 3705 1158 3761 in
1183 3704 1320 3776 arbitria,
1345 3703 1497 3761 delibera·

234 3815 320 3870 cione
342 3827 397 3870 seu
419 3811 623 3886 disposicione
646 3812 794 3885 predictis
817 3811 930 3886 prefati
946 3811 1064 3868 domini
1079 3810 1194 3868 Mathie
1210 3811 1360 3884 prepositi
1376 3817 1405 3866 et
1421 3810 1497 3867 alio-

234 3935 314 3990 rum,
337 3923 371 3976 ut
395 3918 569 3993 predictum
593 3926 646 3990 est,
663 3920 839 3993 peripsum
859 3917 1115 3976 assumendorum
1132 3922 1161 3973 et
1177 3915 1391 3988 eligendorum
1408 3921 1496 3986 stare,

233 4039 416 4099 permanere
440 4031 469 4082 et
492 4041 690 4098 perseverare
713 4025 856 4082 nolemus
879 4030 930 4081 aut
955 4023 1117 4097 quibusvis
1133 4022 1227 4080 modo
1251 4029 1281 4079 11
1303 4023 1407 4080 111111
1424 4039 1497 4096 que·

234 4131 308 4201 sitis,
332 4131 429 4204 ipsius
452 4131 590 4202 arbitrio
614 4131 834 4188 deliberacioni
849 4138 879 4188 et
899 4129 1097 4204 disposicioni
1120 4129 1218 4202 ipsius
1241 4127 1359 4186 domini
1383 4129 1497 4186 Mathia

234 4237 385 4310 prepositi
407 4243 437 4294 et
460 4237 594 4294 aliorum
625 4253 681 4310 per
712 4238 815 4310 ipsum
846 4237 885 4294 ad
916 4237 972 4293 hec
1002 4235 1217 4308 eligendorum
1248 4235 1399 4292 contraire
1428 4251 1497 4309 pre-

234 4343 467 4415 sumpserimus,
499 4349 610 4400 extunc
645 4359 723 4416 pena
758 4343 892 4402 duorum
924 4342 1060 4400 millium
1082 4341 1270 4399 florenorum
1300 4342 1366 4399 auri
1397 4341 1498 4399 eidem

234 4449 371 4522 capitulo
394 4464 450 4522 per
473 4463 528 4506 nos
551 4447 632 4506 infra
655 4450 744 4506 unius
767 4450 839 4506 anni
860 4449 1001 4522 spacium
1032 4453 1105 4505 tunc
1133 4447 1311 4504 immediate
1334 4449 1507 4528 sequentis,¹

236 4555 374 4633 plenarie
397 4559 522 4612 etcum
545 4555 656 4613 effectu
678 4555 959 4629 persolvendorum
989 4555 1209 4612 convincamur
1240 4569 1276 4610 eo
1298 4553 1388 4624 iacto,
1417 4555 1497 4627 ipse-

235 4678 295 4734 que
311 4661 455 4719 dominus
471 4662 647 4735 prepositus
663 4663 781 4719 litteras
798 4677 867 4719 suas
883 4661 1081 4718 memoriales
1102 4666 1132 4717 et
1155 4659 1375 4716 testimoniales
1391 4667 1497 4716 contra

235 4781 300 4839 nos,
324 4767 350 4825 si
373 4768 404 4825 in
427 4767 574 4841 predictis
590 4767 720 4825 arbitrio
737 4772 766 4824 et
782 4767 987 4841 disposicione
1003 4767 1066 4824 suis
1081 4781 1142 4823 non
1158 4765 1387 4839 persisterimus
1403 4765 1498 4821 simul

236 4890 306 4931 cuin
337 4874 532 4948 presentibus
562 4875 622 4947 ipsi
652 4875 791 4948 capitulo
822 4874 896 4930 dare
918 4873 1072 4930 tenebitur
1102 4878 1133 4929 et
1162 4871 1325 4943 assignare.
1357 4869 1406 4927 Ad
1437 4885 1497 4944 que

235 4981 339 5038 omnia
371 4987 401 5038 et
431 4980 553 5052 singula
582 4981 806 5054 premissorum
837 4981 1060 5038 inviolabiliter
1090 4977 1285 5036 observanda
1320 4993 1375 5034 nos
1406 4993 1497 5052 spon·
