3600 5804
596 556 669 613 Doc.
692 569 763 630 250.
790 589 826 598 -
851 557 906 614 An.
932 553 1021 634 1369.
1378 575 1436 636 235

1046 665 1056 670 ..
1071 665 1434 674 --.-.-.-...-—-.—.-.--.—.

762 748 851 816 250.

259 891 334 938 Anno
357 889 431 951 1369,
451 899 474 937 2.
494 888 574 954 Junii.
595 888 626 939 111
645 889 790 939 Vorouche.

169 1017 334 1075 Ludovr'cus
357 1019 535 1090 Hungan'ae
557 1027 604 1076 etc.
628 1038 682 1076 rex
704 1019 812 1076 ct'vt'bus
840 1007 1058 1089 Grcclzeltsr'bus,
1081 1022 1165 1089 botru,
1187 1040 1261 1095 quac
1284 1023 1440 1080 Frcmcisco

169 1125 372 1180 m'cesimatore
394 1125 482 1181 occiso
513 1133 728 1198 occupaverant,
760 1133 794 1182 ut
813 1125 957 1182 Puchocio
980 1133 1008 1183 el
1027 1126 1117 1183 Petro
1140 1127 1269 1192 radiant,
1286 1131 1438 1203 praecipit.

257 1285 432 1344 Lodouicus
455 1286 505 1345 dei
528 1288 632 1360 gracia
654 1303 709 1345 rex
733 1288 897 1360 Hungarie.
928 1287 1086 1346 Fidelibus
1110 1289 1172 1346 suis
1208 1289 1309 1361 iudici,
1333 1291 1440 1348 iuratis

168 1399 198 1449 et
220 1392 374 1450 universis
397 1392 520 1450 civibus
543 1410 579 1450 ac
601 1393 779 1467 hospitibus
809 1393 941 1452 civitatis
972 1393 1134 1452 Grecensis
1156 1394 1194 1452 de
1219 1395 1370 1468 Zagrabia
1393 1413 1439 1454 sa-

170 1499 266 1554 lutem
291 1502 322 1554 et
344 1499 488 1570 graciam.
513 1499 624 1557 Nostre
646 1503 676 1556 et
698 1499 828 1572 reginali
849 1500 1071 1571 maiestatibus‚
1089 1500 1260 1560 Puchocius
1276 1508 1306 1560 et
1322 1503 1438 1574 Petrus,

168 1604 291 1674 Gallici,
315 1605 404 1677 gravi
428 1605 610 1662 detexerunt
633 1605 691 1662 sub
719 1605 847 1678 querela
870 1611 900 1662 et
924 1621 1032 1663 eorum
1057 1606 1289 1666 subvocandam
1307 1623 1439 1682 conque·

168 1711 280 1768 stivam
314 1711 502 1768 relacionem
532 1711 643 1768 litteris
674 1713 822 1786 primarie
846 1711 1003 1784 magnifici
1027 1713 1088 1770 viri
1113 1712 1193 1771 Petri
1218 1713 1328 1786 Zudar,
1351 1716 1438 1788 regni

167 1817 332 1875 Sclauonie
357 1818 436 1888 bani,
461 1823 663 1892 extremoque
695 1819 822 1892 capituli
850 1819 1059 1891 zagrabiensis
1082 1819 1261 1878 efficacibus
1282 1821 1438 1894 approba-

167 1929 246 1994 runt,
263 1923 348 1996 quod
365 1940 436 1981 cum
453 1924 483 1981 in
501 1923 551 1981 die
567 1941 640 1982 cene
656 1923 782 1995 domini,
796 1925 857 1982 iam
875 1925 991 1998 elapso,
1008 1925 1087 1982 inter
1098 1925 1294 1984 Franciscum
1308 1926 1440 1984 condam

168 2031 424 2088 tricesimatorem
449 2036 478 2087 et
502 2031 606 2104 ipsum
629 2030 764 2102 Petrum,
788 2030 935 2102 Gallicos
959 2030 1069 2089 eodem
1094 2031 1257 2090 Francisco
1274 2034 1438 2091 suscitante

168 2143 197 2194 et
233 2143 378 2194 movente
415 2137 550 2210 quedam
582 2137 741 2194 contencio
768 2141 798 2194 et
821 2135 937 2195 sedicio
967 2138 1062 2195 vestri
1093 2138 1123 2195 in
1156 2137 1259 2196 medio
1289 2139 1439 2196 ventilata

169 2243 329 2314 extitisset,
361 2243 489 2315 quidam
512 2244 607 2300 homo
639 2243 826 2301 Laurencius
849 2244 982 2316 nomine,
1004 2245 1130 2317 iobagio
1153 2245 1294 2317 magistri
1317 2244 1438 2303 Nicolai

166 2347 280 2420 Sclaoi,
311 2351 375 2406 vini
409 2350 527 2407 insania
556 2348 695 2419 infectus,
727 2348 766 2406 de
795 2349 901 2407 medio
931 2351 1066 2408 aliorum
1090 2351 1260 2422 hominum,
1285 2353 1338 2424 qui
1362 2352 1438 2410 inibi

167 2463 238 2513 tunc
274 2461 416 2529 pretextu
447 2456 642 2513 amiracionis
674 2457 771 2530 ipsius
799 2471 909 2529 guerre
941 2458 1175 2528 concurrissent,
1208 2463 1334 2530 repente
1366 2473 1437 2532 pro·

168 2561 309 2632 siliendo,
333 2562 437 2635 ipsum
461 2563 658 2620 Franciscum
683 2563 712 2620 in
736 2567 824 2635 tergo
855 2562 941 2620 letali
972 2563 1089 2620 wlnere
1112 2563 1285 2635 sauciasset,
1309 2581 1365 2639 per
1388 2581 1439 2623 ne·

168 2668 284 2725 minem
308 2666 348 2724 ad
372 2667 405 2726 id
428 2668 543 2741 petitus
567 2673 596 2725 et
620 2668 772 2740 choactus,
797 2667 851 2726 sed
874 2669 1003 2742 propria
1026 2668 1187 2726 dumtaxat
1211 2670 1288 2726 meri
1304 2687 1358 2727 seu
1374 2671 1438 2728 vini

167 2774 252 2831 rabie
284 2789 438 2832 venenosa
477 2774 654 2845 concitatus,
686 2791 742 2848 per
773 2773 856 2847 quod
888 2774 990 2832 winus
1029 2773 1153 2832 tandem
1184 2779 1255 2849 post
1284 2775 1437 2849 pusillum

168 2887 291 2954 tempus
314 2879 398 2938 idem
421 2882 613 2952 FranciscuS,
638 2898 676 2938 ex
699 2887 788 2955 parte
811 2881 886 2939 dicti
910 2881 991 2938 Petri
1015 2897 1071 2955 per
1093 2882 1197 2939 omnia
1221 2881 1359 2952 intactus
1375 2883 1438 2956 spi-

167 2988 261 3044 ritum
294 2987 462 3058 exalasset;
493 2993 671 3058 asserentes,
701 2991 735 3045 ut
768 3003 824 3046 vos
856 2988 1001 3045 universa
1025 2989 1106 3044 bona
1129 2988 1269 3061 ipsorum
1294 2987 1438 3045 Puchocii

169 3102 198 3152 et
221 3095 312 3166 Petri,
337 3093 542 3166 Gallicorum,
566 3093 758 3152 familiarum
782 3099 968 3166 nostrorum,
993 3099 1057 3151 tam
1081 3093 1212 3151 mobilia
1228 3108 1323 3167 quam
1339 3093 1438 3151 eciam

170 3200 354 3272 immobilia,
379 3201 474 3258 vestri
492 3201 523 3258 in
548 3200 651 3258 medio
675 3202 789 3272 habita,
813 3201 935 3258 racione
960 3201 1042 3258 necis
1058 3215 1111 3258 seu
1130 3201 1237 3257 mortis
1254 3199 1327 3257 dicti
1344 3201 1437 3257 Frau-

169 3308 238 3364 cisci
264 3307 478 3378 abstulissetis,
504 3306 612 3364 eadem
636 3322 694 3380 pro
719 3307 809 3364 vobis
832 3306 996 3364 vendicare
1020 3306 1196 3363 mollientes
1220 3311 1250 3363 et
1266 3311 1437 3378 satagentes

167 3420 232 3470 toto
258 3415 335 3471 nisu.
359 3413 448 3471 Unde
472 3430 543 3472 curn
566 3413 677 3471 exinde
700 3413 787 3471 nulla
811 3413 1014 3470 determinata
1037 3413 1152 3470 veritas
1174 3411 1228 3469 sed
1250 3412 1357 3484 ingens
1372 3427 1438 3468 am-

167 3521 302 3592 biguitas
334 3519 400 3577 fore
432 3526 599 3592 censeatur,
631 3521 672 3578 ob
704 3521 824 3592 hocque
854 3519 989 3576 velimus
1017 3533 1148 3576 unacum
1172 3517 1298 3576 domina
1322 3518 1436 3590 regina,

166 3627 313 3698 genitrice
349 3633 452 3684 nostra
483 3633 514 3684 et
545 3628 716 3684 baronibus
746 3626 860 3684 nostris
889 3641 982 3698 super
1013 3625 1072 3681 hiis
1096 3623 1279 3694 deliberare,
1302 3623 1437 3681 evidenti

166 3739 196 3790 et
219 3733 409 3791 incumbenti
434 3732 472 3789 de
495 3733 612 3790 eisdem
643 3732 828 3790 documento
861 3724 950 3788 antea
973 3731 1135 3787 cerciorari
1158 3729 1311 3800 volumus,
1336 3727 1436 3786 fideli-

166 3839 283 3910 tatique
306 3844 408 3895 vestre
439 3837 616 3895 firmissime
646 3837 803 3910 edicimus,
835 3843 984 3911 quatenus
1008 3835 1113 3892 statim
1137 3834 1210 3891 visis
1242 3834 1436 3908 presentibus

166 3945 269 4002 omnia
293 3949 324 4002 et
346 3945 485 4018 quelibet
508 3943 663 4002 dictorum
688 3945 832 4002 Puchocii
856 3950 886 4000 et
902 3942 993 4012 Petri,
1010 3941 1214 4011 Gallicorum,
1232 3939 1435 3997 familiarium

165 4057 353 4123 nostrorum,
377 4053 459 4109 bona
482 4057 546 4108 tam
570 4051 700 4108 mobilia
723 4067 817 4124 quam
841 4048 1017 4108 immobilia
1045 4047 1156 4120 quovis
1179 4046 1304 4104 nomine
1327 4045 1435 4118 appel·

166 4159 236 4229 lata,
270 4175 327 4232 per
357 4173 413 4216 vos
444 4162 588 4231 pretextu
619 4157 852 4230 premissorum,
885 4155 925 4212 ab
954 4153 1071 4212 eisdem
1101 4153 1215 4224 ablata,
1240 4151 1435 4226 presentibus

167 4265 316 4337 magistro
340 4265 466 4347 Jacobo,
501 4263 567 4322 filio
591 4263 672 4321 Petri
697 4263 735 4320 de
762 4261 943 4335 Noginchal,
974 4260 1045 4318 aule
1067 4259 1215 4332 reginalis
1237 4256 1357 4332 juvene,
1381 4257 1435 4314 ho·

167 4371 248 4428 mine
272 4375 378 4427 nostro
401 4370 537 4445 speciali,
570 4371 727 4442 signanter
756 4368 795 4426 ad
820 4369 851 4426 id
879 4367 1030 4425 destinato
1053 4371 1083 4422 et
1107 4363 1283 4422 testimonio
1307 4361 1434 4436 capituli

166 4477 383 4548 zagrabiensis,
408 4476 490 4549 quod
514 4493 572 4549 per
594 4477 698 4550 ipsum
721 4473 759 4532 ad
784 4475 816 4532 id
838 4473 1005 4532 transmitti
1028 4471 1172 4529 iubemus
1196 4485 1251 4543 per
1266 4473 1433 4544 presentes,

167 4581 256 4640 dictis
279 4582 421 4652 Gallicis,
445 4581 652 4640 familiaribus
676 4581 797 4653 nostris
818 4581 882 4638 sine
905 4579 991 4636 omni
1014 4592 1110 4648 mora,
1127 4591 1235 4633 recusa
1250 4581 1280 4632 et
1296 4573 1434 4647 dampno

166 4691 326 4746 restituere
349 4693 379 4746 et
401 4689 559 4762 resignare
586 4689 670 4745 omni
702 4703 774 4744 cum
804 4687 915 4744 effectu
943 4684 1100 4753 debeatis;
1132 4681 1171 4739 de
1202 4680 1347 4754 dampnis
1377 4695 1435 4753 per

166 4811 221 4852 vos
245 4796 321 4869 ipsis
345 4796 501 4853 immerito
525 4795 620 4852 illatis
644 4793 761 4852 eisdem
786 4791 1014 4861 satisfacientes,
1037 4805 1093 4846 nec
1117 4786 1243 4845 eosdem
1264 4785 1434 4843 familiares

166 4907 286 4959 nostros
320 4901 507 4959 Puchocium
531 4907 561 4959 et
585 4900 710 4958 Petrum
734 4899 838 4957 medio
861 4902 1010 4970 tempore,
1042 4909 1203 4967 quousque
1227 4907 1290 4964 nos,
1314 4897 1348 4949 ut
1372 4907 1435 4948 me-

167 5008 321 5079 minimus,
355 5023 449 5082 super
480 5007 649 5081 pretaxatis
684 5004 937 5074 deliberabimus,
968 4999 1120 5074 impedire
1151 4998 1289 5056 audeatis
1312 4999 1343 5056 in
1367 5013 1435 5070 per·
