3600 5804
797 539 870 595 Dor.
895 535 965 612 196.
994 572 1028 580 -
1055 537 1223 616 An.1344.

930 785 935 796 .
971 733 1056 799 196.

488 891 563 940 Anno
585 900 658 952 1344.
678 906 701 954 9.
722 891 885 955 septembris.
905 892 1058 958 Zagrabiae.

383 1019 542 1076 Libertatis
557 1019 747 1094 privilegium
770 1020 926 1094 hospitibus
948 1022 978 1077 in
1001 1039 1078 1078 noua
1102 1023 1183 1092 or'lla,
1207 1023 1308 1098 „Lapa
1333 1023 1399 1080 πμ
1431 1021 1638 1096 congreganda,

776 1145 795 1182 a
817 1127 943 1202 capitulo
965 1129 1082 1201 zagrab.
1105 1130 1255 1203 elargitur.

470 1271 650 1346 Capitulum
669 1272 795 1330 ecclesie
810 1272 1025 1345 zagrabiensis.
1043 1272 1204 1332 Universis
1220 1274 1416 1346 presencium
1432 1275 1575 1332 noticiam
1591 1275 1639 1332 ha-

382 1380 492 1437 bituris
519 1377 652 1438 salutem
683 1379 714 1436 in
745 1378 871 1436 domino
902 1380 1131 1453 sempiternam.
1163 1379 1248 1437 Ordo
1279 1385 1361 1437 recte
1393 1380 1640 1438 consideracionis

381 1485 529 1558 exposcit,
554 1490 586 1540 ut
610 1484 661 1556 hii,
685 1485 739 1558 qui
763 1483 800 1541 de
821 1484 901 1559 stipe
924 1486 1130 1543 ecclesiastica
1151 1493 1368 1556 sustentantur,
1393 1493 1458 1544 toto
1482 1501 1571 1560 posse
1592 1503 1641 1543 sue

382 1591 509 1649 ecclesie
532 1591 683 1649 honorem
706 1597 919 1664 promoveant,
944 1591 1110 1650 utilitatem
1133 1591 1292 1650 attendant
1314 1599 1344 1650 et
1365 1599 1481 1649 statum
1505 1593 1570 1649 eius
1591 1593 1641 1649 bo-

381 1712 456 1754 num
479 1703 628 1770 appetant
651 1695 851 1770 profuturum
874 1697 1071 1770 presentibus
1094 1703 1124 1754 et
1147 1697 1267 1756 futuris.
1292 1699 1360 1756 Hiis
1382 1699 1478 1771 igitur
1501 1699 1638 1772 pensatis,

382 1809 497 1860 terram
521 1807 667 1874 nostram,
691 1817 771 1859 nunc
794 1802 965 1876 pronubis
995 1803 1146 1874 inutilem,
1177 1821 1216 1862 ex
1247 1809 1379 1876 utraque
1407 1809 1495 1877 parte
1518 1804 1568 1861 vie
1590 1821 1640 1878 pu·

383 1909 465 1983 plice
488 1907 526 1965 de
549 1908 619 1965 vico
641 1913 747 1968 nostro
770 1908 950 1982 prodeuntis
973 1925 1083 1968 versus
1106 1917 1234 1982 montes,
1259 1927 1277 1968 a
1301 1911 1386 1968 curia
1409 1911 1578 1968 canonicali
1593 1909 1643 1966 ha-

382 2015 545 2072 bitacionis
568 2013 687 2074 domini
710 2013 859 2088 Stephani
882 2015 1091 2074 archidiaconi
1108 2015 1146 2074 de
1162 2017 1304 2086 Warasd,
1321 2017 1519 2074 concanonici
1542 2016 1642 2082 nostri,

382 2121 412 2178 in
437 2137 498 2194 qua
521 2125 567 2178 est
590 2119 702 2178 domus
727 2121 851 2195 lapidea
874 2138 931 2195 per
954 2123 1059 2195 ipsum
1082 2122 1244 2180 dominum
1268 2121 1459 2196 Stephanum
1484 2121 1642 2180 hedificata

381 2233 411 2284 et
435 2227 555 2297 situata,
580 2242 618 2284 ex
641 2243 721 2284 nunc
745 2227 932 2302 deputamus
954 2244 1012 2302 pro
1044 2228 1122 2288 villa
1152 2237 1257 2287 nostra
1281 2229 1380 2286 libera
1409 2234 1439 2286 et
1463 2244 1521 2303 pro
1546 2227 1643 2300 hospi-

382 2333 465 2390 tibus
488 2333 520 2390 in
542 2348 578 2390 ea
602 2331 790 2391 collocandis
814 2336 974 2408 perpetuis
998 2335 1193 2407 temporibus
1216 2334 1424 2408 optinendam
1450 2335 1529 2392 Ante
1545 2335 1644 2392 omnia

381 2439 476 2511 igitur
498 2437 538 2496 ad
562 2439 701 2513 ipsorum
726 2444 903 2498 nostrorum
925 2442 1085 2516 hospitum
1108 2441 1173 2498 sive
1197 2441 1313 2499 civium
1334 2457 1423 2499 usum
1451 2440 1643 2499 concedimus

382 2553 412 2602 et
435 2545 587 2603 donamus
609 2552 705 2604 totam
730 2551 845 2604 terram
869 2552 973 2605 nostre
996 2548 1227 2605 communitatis
1250 2546 1288 2604 de
1314 2546 1478 2605 Bukoucha
1495 2563 1565 2604 cum
1581 2547 1642 2603 suis

382 2653 568 2712 utilitatibus
591 2660 621 2712 et
644 2653 840 2728 pertinenciis
864 2655 1121 2727 quibuscumque,
1145 2653 1242 2724 salvo,
1268 2653 1352 2726 quod
1374 2660 1551 2712 nostrorum
1573 2669 1643 2711 con·

382 2759 559 2817 canicorum
582 2759 670 2818 vinee
694 2764 723 2816 et
745 2760 879 2816 aliorum
903 2774 1172 2832 quorumcumque
1195 2765 1414 2816 extraneorum
1437 2758 1561 2828 ibidem,
1591 2773 1643 2815 no·

381 2871 443 2923 stre
473 2865 663 2924 ordinacioni
695 2873 725 2922 et
756 2865 963 2938 disposicioni,
994 2865 1072 2922 sicut
1103 2866 1258 2934 hactenus,
1294 2865 1505 2934 subiacebunt,
1539 2879 1645 2936 ymmo

381 2972 479 3028 eciam
503 2972 562 3044 ipsi
586 2971 723 3046 hospites
746 2987 816 3028 suas
848 2972 961 3042 vineas,
990 2972 1097 3044 vigore
1128 2977 1307 3028 nostrarum
1330 2971 1506 3028 litterarum
1528 2971 1644 3026 obtine-

381 3078 466 3135 bunt.
489 3078 576 3152 ipsos
601 3083 706 3135 autem
730 3077 882 3151 hospites
896 3078 995 3135 libere
1026 3078 1102 3134 ville
1132 3082 1236 3134 nostre
1267 3077 1415 3134 volumus
1444 3084 1513 3134 ante
1544 3075 1645 3132 omnia

380 3185 438 3242 hac
462 3184 662 3258 prerogativa
685 3183 829 3256 gaudere,
853 3182 1062 3252 concedentes,
1088 3190 1121 3240 ut
1144 3183 1203 3256 ipsi
1226 3183 1384 3240 annuatim
1408 3181 1549 3240 kalendis
1565 3182 1646 3249 maii,

380 3295 450 3348 ante
473 3289 649 3363 prandium,
673 3305 730 3362 per
753 3304 825 3346 suos
848 3294 981 3361 quatuor
1004 3288 1292 3362 compromissarios
1308 3287 1368 3345 sibi
1384 3288 1509 3345 valeant
1533 3287 1645 3360 eligere

382 3397 532 3468 villicum,
557 3396 611 3469 qui
634 3411 686 3452 eos
710 3401 739 3452 et
763 3396 903 3469 ipsorum
926 3395 1065 3467 singulos
1096 3411 1132 3451 ac
1162 3394 1240 3452 alios
1262 3393 1453 3451 habitatores
1477 3393 1594 3451 ibidem
1616 3394 1643 3450 iu

383 3503 505 3560 casibus
528 3518 547 3559 a
571 3503 636 3559 iure
659 3517 721 3559 non
743 3501 991 3575 discrepantibus
1015 3501 1128 3558 habeat
1145 3505 1175 3558 et
1189 3501 1288 3573 possit
1303 3500 1439 3558 iudicare
1456 3501 1487 3558 in
1504 3501 1644 3557 omnibus

383 3609 482 3667 causis
505 3609 652 3667 civilibus
675 3619 705 3665 et
728 3609 942 3666 criminalibus
962 3608 1096 3666 civiliter
1125 3608 1225 3678 motis,
1242 3606 1390 3665 adhibitis
1406 3621 1513 3664 secum
1530 3606 1646 3664 duobus

383 3717 504 3774 civibus
527 3715 742 3784 assessoribus,
767 3713 884 3772 ibidem
907 3715 1180 3772 commorantibus.
1204 3714 1237 3770 ln
1260 3714 1360 3771 causis
1383 3721 1488 3770 autem
1505 3713 1643 3772 crimina·

385 3824 474 3893 tibus,
498 3823 576 3880 sicut
599 3822 764 3894 sanguinis,
789 3821 950 3890 latrocinii,
974 3819 1056 3890 furti,
1074 3819 1205 3878 incendii
1229 3825 1259 3877 et
1282 3819 1439 3876 similibus
1455 3834 1528 3876 cum
1546 3826 1644 3876 nostro

384 3929 483 3988 iudice
508 3929 648 3987 seculari.
668 3929 736 3986 Hoc
759 3942 913 4001 expresse,
938 3926 1022 4000 quod
1046 3927 1179 3999 quilibet
1201 3925 1278 3983 civis
1301 3926 1367 3982 sive
1386 3926 1510 3998 hospes,
1526 3938 1645 3982 causam

384 4051 471 4094 suam
494 4035 622 4093 civilem
645 4035 696 4092 vel
719 4035 913 4092 criminalem
946 4033 1080 4090 civiliter
1103 4039 1230 4104 motam,
1253 4047 1272 4088 a
1295 4031 1452 4105 presencia
1473 4031 1572 4088 villici
1599 4029 1646 4085 vel

384 4142 493 4202 iudicis
517 4149 703 4212 nostrorum,
731 4147 761 4198 et
777 4156 795 4198 a
811 4147 943 4212 utroque
959 4155 996 4196 ex
1012 4154 1105 4196 causa
1127 4139 1309 4196 racionabili
1333 4137 1431 4211 possit
1454 4136 1493 4194 ad
1512 4142 1646 4194 nostrum

384 4263 514 4307 examen
538 4247 690 4305 deducere
714 4247 995 4320 quocienscumque
1015 4253 1045 4302 et
1068 4243 1328 4318 quandocumque
1351 4241 1534 4316 expedierit,
1558 4242 1647 4316 depo·

383 4355 450 4411 sitis
474 4355 577 4428 primo
600 4359 670 4410 ante
694 4352 827 4410 iudicem
857 4367 948 4409 suum
980 4351 1143 4410 duodecim
1175 4350 1308 4408 denariis
1338 4355 1461 4407 monete
1489 4357 1563 4407 tunc
1585 4364 1647 4407 cur·

384 4461 487 4518 rentis.
511 4459 709 4532 Quicumque
739 4465 844 4516 autem
875 4474 1000 4515 causam
1030 4473 1119 4516 suam
1149 4473 1211 4514 non
1242 4461 1372 4530 propter
1394 4471 1574 4529 gravamen,
1598 4453 1647 4512 sed

387 4565 500 4624 frivole
535 4566 644 4622 voleus
668 4564 822 4622 declinare
853 4580 982 4622 examen
1013 4564 1062 4621 sui
1092 4563 1210 4634 iudicis
1234 4571 1264 4620 et
1287 4563 1406 4622 dehoc
1430 4563 1521 4620 nobis
1544 4561 1648 4619 consti·

388 4673 466 4744 terit,
499 4673 594 4730 talem
625 4673 819 4730 remittemus
850 4671 889 4729 ad
920 4687 1012 4728 suum
1043 4670 1176 4728 iudicem
1200 4669 1462 4742 condempnatum
1486 4669 1598 4726 iterum
1620 4668 1647 4723 in

388 4779 552 4837 duodecim
583 4779 724 4849 denariis,
756 4785 790 4835 ut
820 4794 923 4852 supra,
953 4777 1112 4835 solvendis
1143 4791 1199 4834 suo
1231 4774 1334 4845 iudici,
1365 4776 1444 4832 sicut
1472 4775 1583 4848 primo.
1606 4772 1648 4829 De

389 4886 591 4960 proventibus
614 4892 719 4942 autem
741 4883 1058 4957 condempnacionum
1091 4881 1269 4941 huiusmodi
1292 4887 1323 4938 et
1345 4882 1415 4939 aliis
1437 4881 1516 4939 iuste
1540 4894 1644 4955 prove·

386 4992 542 5052 aientibus
566 4991 660 5052 iudici
684 4991 899 5066 undecumque
915 4991 1037 5048 racione
1053 4989 1100 5048 sui
1116 4989 1278 5062 iudicatus,
1299 4989 1424 5047 villicus
1448 4987 1561 5046 habeat
1576 4985 1646 5043 duas
