3824 5806
417 760 488 801 nem
516 746 697 819 episcopum
728 747 968 819 zagrabieosem,
999 747 1154 821 prelatum
1186 763 1303 819 eorum,
1334 750 1366 808 in
1395 749 1505 807 eodem
1536 749 1587 807 die
1614 749 1683 810 testi

383 853 388 863 '
417 851 586 908 nativitatis
608 851 727 910 domini
750 861 780 910 et
802 853 932 925 singulis
956 851 1065 910 diebus
1085 855 1327 912 ecclesiasticum
1349 855 1545 913 interdictum
1563 855 1682 930 imponi

418 962 448 1013 et
471 957 556 1030 ipsos
579 958 849 1028 excommunicari,
880 975 995 1016 necnon
1028 965 1139 1017 octavo
1169 960 1219 1017 die
1250 960 1388 1018 eiusdem
1420 961 1488 1019 sesti
1521 962 1603 1019 beati
1629 962 1682 1044 Jo-

418 1062 534 1132 hannis,
558 1079 636 1120 nunc
660 1063 776 1136 elapso,
801 1063 939 1137 plurima
971 1063 1078 1122 funera
1101 1063 1317 1123 detunctorum
1342 1067 1502 1139 utriusque
1525 1083 1616 1124 sexus
1639 1069 1681 1124 ci-

416 1169 502 1224 vium
527 1169 739 1242 predictorum
764 1171 828 1227 sine
850 1171 935 1228 omni
959 1170 1052 1244 culpa
1075 1186 1183 1228 eorum
1206 1171 1245 1228 de
1263 1172 1422 1230 cimiteriis
1444 1179 1474 1230 et
1495 1174 1589 1230 sacris
1605 1173 1682 1231 locis

416 1276 577 1333 exhumari
602 1281 631 1332 et
654 1275 748 1333 effodi
775 1292 811 1332 ac
840 1278 870 1333 in
894 1292 1008 1349 aquam
1030 1283 1061 1334 et
1083 1277 1160 1334 alias
1184 1277 1280 1336 veluti
1312 1277 1451 1350 Paganos
1473 1279 1610 1336 adinstar
1632 1295 1682 1336 ca·

417 1382 606 1440 daverorum
630 1382 800 1440 bestiarum
824 1382 1044 1440 miserabiliter
1066 1382 1105 1439 ad
1129 1382 1343 1440 devorandum
1365 1384 1494 1441 canibus
1518 1389 1547 1441 et
1570 1385 1681 1442 volati-

416 1488 500 1545 libus
522 1488 580 1544 celi
612 1489 710 1562 proici
741 1487 903 1556 fecissent;
931 1488 1053 1562 ipsique
1082 1488 1165 1545 cives
1195 1487 1233 1545 de
1265 1489 1362 1562 portis
1386 1489 1525 1547 eiusdem
1547 1490 1681 1547 civitatis

415 1595 457 1652 ob
480 1599 599 1652 melum
622 1595 772 1668 ipsorum,
795 1593 940 1652 videlicet
962 1593 1079 1652 domini
1110 1595 1248 1668 episcopi
1278 1601 1309 1651 et
1339 1595 1476 1668 capituli,
1504 1595 1587 1653 exire
1618 1609 1681 1653 non

416 1699 572 1771 auderent,
596 1701 725 1774 propria
747 1701 887 1773 ipsorum
911 1700 1051 1773 potencia
1075 1698 1237 1770 mediante,
1261 1700 1293 1758 in
1317 1699 1523 1773 preiudicium
1540 1700 1682 1773 ipsorum

416 1804 509 1862 valde
533 1819 698 1878 magnum;
721 1805 775 1863 lite
798 1811 901 1863 tamen
925 1806 1004 1863 inter
1032 1805 1116 1878 ipsos
1147 1803 1305 1878 pendente.
1338 1803 1439 1879 Super
1460 1819 1523 1878 quo
1545 1811 1681 1863 vestram

416 1911 589 1970 amiciciam
613 1911 808 1985 presentibus
838 1911 973 1984 petimus
1005 1910 1178 1982 diligenter,
1209 1917 1360 1982 quatenus
1390 1915 1529 1968 vestrum
1552 1911 1683 1969 mittatis

416 2019 575 2077 hominem
597 2033 656 2092 pro
684 2019 859 2076 testimonio
889 2017 1090 2090 fidedignum,
1122 2033 1184 2090 quo
1217 2023 1357 2091 presente
1388 2017 1503 2075 Paulus
1535 2018 1587 2076 vel
1615 2019 1682 2090 lly-

416 2124 513 2195 chael,
537 2123 594 2182 filii
617 2125 720 2181 Mathe
751 2123 790 2181 dc
822 2123 979 2196 llilrulich,
1011 2129 1063 2180 aut
1093 2123 1240 2181 Nicolaus
1272 2124 1425 2181 litteratus
1454 2123 1493 2182 de
1522 2123 1681 2195 Banelelre,

415 2232 481 2288 sive
504 2230 670 2302 Emericus,
694 2229 778 2287 filius
800 2229 920 2288 Nicolai
952 2229 990 2287 de
1020 2230 1157 2303 Nespesa
1186 2245 1239 2287 seu
1263 2230 1432 2302 Gregorius
1458 2246 1497 2288 an
1520 2229 1683 2302 Georgius,

415 2336 473 2394 filii
497 2336 620 2393 Martini
643 2335 682 2393 de
705 2335 820 2407 Oresia,
843 2337 909 2394 sive
933 2336 1072 2406 llichael,
1096 2336 1180 2393 filius
1211 2335 1340 2395 Chumlr
1363 2337 1401 2394 de
1424 2337 1588 2406 Kosnicha,
1612 2337 1682 2394 aliis

416 2440 604 2511 absentibus
629 2441 723 2498 homo
746 2449 858 2512 noster,
881 2443 922 2498 ab
945 2442 1090 2499 omnibus
1114 2443 1228 2514 quibus
1244 2443 1395 2500 incumbit
1417 2457 1536 2500 meram
1557 2441 1596 2499 de
1612 2458 1684 2516 pre-

415 2547 517 2606 missis
542 2557 726 2620 expereatur
749 2548 920 2618 veritatem,
943 2563 1038 2621 quarn
1069 2546 1193 2604 tandem
1224 2549 1315 2606 nobis
1341 2549 1548 2606 amicabiliter
1571 2549 1682 2606 rescri-

416 2654 504 2711 batis.
529 2652 687 2710 Presentes
710 2659 813 2710 autem
838 2654 950 2726 sigillis
973 2654 1085 2711 nostris
1108 2654 1289 2711 absentibus
1311 2655 1415 2727 sigillo
1440 2655 1580 2726 magistri
1600 2656 1684 2712 Mar·

416 2761 472 2818 tini
495 2761 574 2817 Ders
597 2759 739 2818 vicebani
769 2767 799 2818 et
828 2761 950 2818 comitis
980 2761 1076 2820 nostri
1109 2761 1316 2833 zagrabiensis
1348 2761 1477 2819 lecimus
1500 2762 1684 2835 consignari

415 2869 530 2926 Datum
561 2866 719 2940 Zagrabie,
743 2867 773 2924 in
799 2866 877 2925 festo
908 2867 1152 2942 Epiphaniamm
1183 2865 1309 2926 domini.
1337 2869 1426 2925 Anno
1449 2867 1589 2926 eiusdem
1613 2869 1685 2926 mil·

415 2973 527 3032 lesimo
550 2972 628 3030 CCC
650 2973 850 3045 nonagesimo
873 2974 1013 3047 septimo.

504 3107 644 3172 Originale
663 3106 691 3156 in
709 3107 807 3158 charta.
827 3111 850 3159 A
870 3115 945 3176 tergo
963 3109 1105 3176 vestigium
1123 3110 1215 3176 sigilli.
1229 3109 1259 3160 ln
1271 3109 1381 3159 archivo
1393 3108 1440 3158 lib.
1454 3123 1509 3174 reg.
1524 3107 1574 3157 civ.
1587 3123 1685 3174 zagra-

416 3197 519 3248 biensis.
534 3197 627 3246 Exstat
647 3195 729 3247 eciam
749 3197 775 3248 in
795 3204 854 3248 actu
875 3198 1080 3257 transactionali,
1099 3213 1180 3264 supra
1197 3203 1349 3248 memorato.

1007 3483 1095 3551 397.

522 3644 596 3691 Anno
619 3649 692 3704 1397,
711 3642 734 3692 8.
752 3641 873 3706 januarii.
894 3641 1047 3707 Zagrabiae.

421 3771 501 3828 Cives
531 3771 712 3838 Grcchcnses,
743 3771 796 3843 qui
815 3788 904 3826 ntanu
930 3777 1046 3827 amiato
1070 3788 1169 3826 aream
1191 3771 1313 3844 capidali
1333 3769 1494 3827 invadendo
1516 3769 1612 3826 domos
1635 3788 1682 3826 ca-

414 3878 579 3934 nonicorum
602 3875 812 3946 succcmlemnl,
833 3894 926 3934 arcem
949 3877 1132 3949 episcopalem
1155 3884 1184 3933 et
1202 3879 1264 3934 eccl.
1287 3877 1478 3933 cathedralem
1501 3878 1683 3944 invaseram,

407 3984 510 4057 plures
532 3983 681 4040 canoru'cos
703 3997 852 4056 ceruixque
874 3983 1097 4056 consanguineos
1119 3990 1148 4041 ct
1160 3983 1330 4056 faciciliares
1358 3983 1591 4051 verberaverunt,
1614 3982 1682 4039 occi-

541 4088 648 4145 derunt
675 4095 722 4144 etc.
743 4096 802 4162 per
819 4087 988 4164 Jolcanncm
1014 4088 1130 4162 aograb.
1157 4089 1237 4161 episc.
1265 4088 1552 4146 excommunicantur.

503 4251 659 4334 Johannes
676 4247 726 4306 dei
742 4255 773 4306 et
784 4250 952 4322 apostolice
964 4250 1045 4308 sedis
1057 4251 1160 4324 gracia
1173 4251 1336 4324 episcopus
1349 4249 1564 4322 zagrabiensis,
1577 4247 1682 4305 decre·

418 4364 519 4417 torum
543 4355 660 4426 doctor,
684 4355 866 4413 secretarius
882 4356 1146 4429 cancellariusque
1169 4356 1252 4429 regie
1275 4355 1450 4413 maiestatis.
1467 4354 1628 4413 Universis
1651 4361 1681 4411 et

416 4463 545 4536 singulis
568 4461 744 4533 abbatibus,
768 4462 926 4535 prioribus
949 4467 1013 4519 tam
1041 4462 1260 4520 claustralibus
1290 4477 1383 4534 quam
1413 4459 1680 4530 conventualibus,

416 4569 581 4642 gardianis,
613 4567 755 4642 plebanis
787 4575 817 4625 et
848 4568 1047 4626 ecclesiarum
1079 4568 1250 4626 rectoribus
1278 4582 1334 4642 per
1356 4567 1513 4624 civitatem
1542 4571 1572 4622 et
1597 4564 1681 4622 dioc·

416 4676 510 4733 cesim
534 4680 672 4732 nostram
695 4675 924 4747 zagrabiensem
948 4674 1082 4732 ubilibet
1104 4674 1280 4732 constitutis.
1294 4689 1347 4731 seu
1365 4687 1474 4730 eorum
1490 4673 1560 4728 loca
1574 4687 1681 4744 geren·

417 4782 499 4840 tibus
522 4781 654 4838 salutern
678 4781 708 4838 in
732 4780 858 4839 domino
881 4787 910 4838 et
926 4780 1080 4838 mandatis
1095 4781 1207 4838 nostris
1224 4779 1357 4838 firmiter
1372 4777 1508 4836 obedire.
1524 4777 1682 4851 Quoniam

415 4888 483 4946 iure
514 4892 648 4959 cavetur,
680 4886 764 4960 quod
794 4893 899 4944 contra
931 4887 1093 4945 molientes
1123 4885 1238 4944 Christi
1269 4886 1425 4944 ministros
1448 4885 1628 4957 extinguere
1652 4889 1682 4942 et

419 4994 555 5052 maxime
570 4999 677 5052 contra
696 4993 898 5051 incendiarios
914 4999 944 5051 et
959 4999 1100 5067 raptores
1115 5009 1219 5052 rerum
1235 4991 1512 5052 ecclesiasticarum
1528 4997 1559 5048 et
1574 4995 1681 5048 contra
