3600 5804
552 547 625 604 Doc.
650 559 719 624 [μ
739 580 776 590 -
794 547 851 604 Ara
875 543 966 624 1328.
1330 567 1388 622 iar

133 725 223 816 tibus,
244 745 424 812 castellanis
446 747 530 804 vices
553 761 663 804 eorum
686 747 873 818 gerentibus,
896 746 1064 818 nobilibus,
1092 747 1213 805 civibus
1236 753 1265 805 et
1289 748 1389 805 cuius-

146 853 185 910 vis
210 859 299 910 status
329 852 507 910 hominibus
535 853 586 909 vel
618 851 805 910 condicionis
836 853 922 925 regui
953 850 1124 912 Sclauonie.
1157 852 1314 924 dyoecesis
1342 868 1389 910 za·

144 958 304 1030 grabiensis,
326 959 459 1016 salutem
481 965 511 1015 et
534 959 679 1031 graciam.
703 957 796 1031 Quod
820 973 891 1014 cum
911 973 966 1015 nos
990 957 1029 1014 ad
1053 957 1176 1014 laudern
1194 965 1224 1014 et
1240 959 1387 1015 honorem

143 1063 307 1120 sanctissimi
323 1065 404 1135 regis
420 1063 566 1133 Ladizlai,
583 1062 756 1120 fundatoris
771 1063 899 1120 ecclesie
915 1069 945 1120 et
960 1064 1158 1138 episcopatus
1174 1063 1389 1136 zagrabiensis,

144 1169 256 1226 eandem
288 1171 447 1228 ecclesiam
479 1175 508 1227 et
539 1171 752 1243 episcopatum
776 1169 806 1226 in
831 1169 976 1226 omnibus
998 1168 1195 1226 libertatibus
1219 1175 1248 1225 et
1271 1170 1391 1226 iuribus

143 1276 197 1332 suis
224 1275 323 1332 fovere
353 1283 383 1332 et
416 1283 518 1334 tenere
550 1277 696 1334 volumus
726 1292 780 1334 seu
809 1275 1011 1349 promisimus
1036 1282 1129 1348 prout
1153 1291 1209 1348 per
1233 1274 1391 1348 predeces-

144 1396 215 1438 sores
235 1389 352 1439 nostros
376 1383 462 1455 prius
487 1388 518 1439 et
540 1383 709 1454 antiquitus
732 1389 777 1440 est
801 1381 1000 1456 privilegiata
1023 1388 1053 1438 et
1073 1382 1238 1438 observata
1253 1381 1319 1437 sive
1336 1396 1391 1452 per

143 1487 287 1558 originalia
317 1497 369 1546 aut
400 1487 631 1546 confirmatoria
662 1489 693 1546 in
716 1497 853 1546 nostram
882 1487 1049 1560 recipimus
1076 1487 1297 1559 protectionem
1328 1502 1396 1560 spe·

142 1592 245 1650 cialem.
269 1592 384 1650 Idcirco
408 1593 551 1651 fidelitati
575 1599 677 1652 vestre
699 1594 908 1652 universitatis
933 1592 1064 1650 firmiter
1086 1598 1115 1648 et
1132 1591 1269 1650 districte
1285 1591 1395 1648 damus

144 1698 167 1753 in
183 1699 333 1768 mandatis,
350 1709 501 1772 quatenus
519 1701 549 1756 in
565 1699 653 1756 nullo
677 1699 843 1773 privilegia
866 1715 920 1756 seu
944 1699 1103 1756 libertates
1119 1697 1238 1772 prefate
1254 1698 1389 1766 ecclesie,

142 1805 250 1876 singula
271 1813 299 1862 et
322 1807 476 1874 universa,
500 1822 561 1879 que
585 1807 615 1863 in
637 1805 733 1879 ipsius
749 1806 878 1862 ecclesie
897 1805 1069 1878 privilegiis
1086 1803 1279 1862 continentur
1294 1804 1395 1876 impu·

141 1925 224 1980 guare
244 1919 272 1968 et
295 1911 414 1968 violare
438 1916 658 1984 presumentes,
691 1911 875 1984 quinymmo
898 1911 929 1968 in
953 1910 1098 1967 omnibus
1120 1910 1245 1967 auxiliis
1268 1915 1297 1966 et
1322 1924 1393 1966 cou-

142 2017 208 2073 siliis
230 2019 335 2074 vestris
360 2018 520 2091 oportunis
544 2033 614 2076 eam
637 2017 669 2075 in
691 2016 850 2090 premissis
866 2015 1005 2074 debeatis
1021 2015 1193 2074 confovere.
1210 2013 1393 2090 Specialiter

143 2121 278 2180 decimam
302 2131 422 2198 partem
448 2125 691 2182 marturinamm
715 2139 733 2181 a
756 2123 863 2180 multis
886 2119 1080 2196 temporibus
1104 2121 1241 2196 predicte
1265 2122 1393 2180 ecclesie

143 2244 191 2300 per
217 2230 445 2303 predecessores
476 2235 598 2288 nostros
629 2235 659 2287 et
688 2229 810 2287 nobiles
843 2228 929 2301 regni
953 2225 1115 2286 Sclauonie
1138 2227 1312 2286 ordinatam
1334 2242 1394 2302 pro

143 2335 247 2394 iusticia
275 2335 413 2394 eiusdem
446 2337 542 2408 regni,
574 2350 691 2394 necnon
716 2333 754 2392 de
785 2333 930 2392 omnibus
962 2333 1032 2390 aliis
1064 2334 1156 2390 rebus
1187 2333 1391 2392 decimalibus

143 2441 229 2498 adeo
248 2443 336 2500 vobis
363 2443 486 2500 collatis
519 2443 657 2515 plenarie
687 2442 752 2500 siue
782 2439 998 2509 diminucione,
1029 2440 1113 2498 omui
1146 2439 1390 2498 contradiccione

143 2548 305 2622 postposita,
336 2548 412 2606 dare
446 2557 476 2606 et
507 2547 687 2622 persolvere
718 2547 865 2618 debeatis,
895 2546 980 2604 aliud
1013 2545 1112 2604 facere
1144 2562 1205 2604 non
1235 2545 1388 2604 audentes.

145 2650 243 2710 Datum
266 2655 294 2712 in
318 2653 502 2726 wysegrad,
535 2653 612 2710 feria
643 2654 736 2711 tercia
760 2654 903 2726 proxima
930 2658 1000 2727 post
1024 2651 1137 2710 festum
1161 2651 1390 2710 Penthecosten.

145 2759 221 2815 Anno
240 2759 355 2817 domini
379 2758 629 2817 MCCCXXVIII.

154 2922 161 2934 “
221 2913 327 2965 Elibro
346 2915 436 2980 privil.
456 2923 568 2979 eppatus
587 2915 690 2980 zagrab.
711 2913 756 2964 iol.
780 2923 817 2975 lo.
845 2913 874 2962 ln
896 2913 995 2964 archiv.
1021 2912 1263 2977 archiepiscopatus
1286 2912 1390 2977 zagrab.

714 3213 802 3278 144.

234 3323 306 3370 Anno
327 3321 401 3378 1328,
421 3327 454 3375 27
481 3317 563 3386 Junii.
583 3319 660 3369 Albe.

149 3445 293 3519 (opitulum
323 3449 446 3519 albense,
469 3455 592 3522 peracta
624 3447 806 3522 iaquisitione
836 3446 870 3504 de
900 3453 994 3503 castro
1023 3445 1151 3502 Medned
1177 3447 1239 3503 eccl.
1274 3445 1391 3518 zagrab.

258 3555 406 3624 reddendo,
435 3554 569 3611 Carvium
592 3553 771 3627 Hungariae
793 3559 840 3609 etc.
864 3571 965 3625 regem,
993 3553 1136 3609 certibrem
1160 3551 1258 3610 reddit

220 3715 482 3773 Excellentissimo
505 3713 631 3772 domino
662 3730 727 3786 su0,
759 3714 885 3772 domino
918 3715 1042 3784 Karolo‚
1075 3713 1125 3772 dei
1148 3715 1253 3787 gracia
1277 3713 1392 3772 illustri

146 3821 200 3891 regi
221 3821 382 3895 Hungarie,
407 3823 579 3895 capitulum
602 3823 738 3880 albensis
765 3823 893 3879 ecclesie
923 3821 1082 3879 oraciones
1105 3821 1136 3879 in
1160 3820 1286 3877 domino
1310 3820 1391 3878 salu·

147 3933 221 3984 tares.
241 3929 367 3986 Litteras
390 3929 575 3986 excellencie
600 3935 700 3986 vestre
723 3945 795 3986 cum
818 3928 994 3985 reverencia
1010 3943 1071 4000 qua
1087 3927 1189 3984 decuit
1205 3926 1389 3999 recepimus,

147 4031 214 4090 hunc
227 4039 357 4092 tenorem
375 4035 578 4091 continentes:
595 4027 667 4110 (vid.
684 4051 728 4092 nr.
749 4051 818 4108 142,
834 4049 912 4091 auno
933 4033 1023 4106 1328,
1045 4049 1069 4090 1.
1087 4023 1180 4109 maii.)
1202 4031 1264 4089 Nos
1296 4033 1392 4103 igitur

148 4138 279 4197 mandatis
298 4147 399 4198 vestre
419 4141 605 4197 excellencie
630 4141 847 4214 obtemperare
872 4140 1010 4197 volentes
1033 4140 1149 4212 pariter
1176 4144 1203 4195 et
1229 4138 1390 4211 preceptis,

148 4259 228 4302 unum
243 4263 276 4304 ex
300 4249 397 4314 nobis,
423 4246 590 4304 discretum
615 4247 716 4304 virum
734 4247 918 4318 magistrum
934 4245 1081 4314 Blasium,
1101 4243 1321 4302 subcustodem
1344 4259 1391 4300 ec·

148 4349 224 4408 clesie
236 4361 333 4411 nostre
349 4369 421 4410 cum
437 4352 594 4436 Joachino,
610 4352 676 4409 filio
692 4352 811 4410 Tharne
831 4351 972 4424 Beriuoy‚
995 4352 1122 4409 homine
1146 4355 1257 4419 vestro,
1282 4349 1320 4406 ad
1338 4365 1389 4407 ve-

149 4457 296 4517 nerabilem
313 4466 433 4533 patrem
451 4457 630 4515 ladizlaum
646 4458 876 4530 zagrabiensem
900 4458 1081 4531 episcopum
1102 4463 1132 4514 et
1156 4455 1194 4512 ad
1218 4455 1390 4528 capitulum

151 4559 200 4619 loci
212 4564 340 4623 eiusdem
357 4580 414 4638 pro
431 4563 578 4622 faciendis
593 4563 847 4636 inquisicionibus
864 4563 1010 4620 duximus
1028 4561 1304 4620 transmittendum.
1329 4560 1389 4633 Qui

151 4665 257 4728 demum
275 4672 310 4729 ad
328 4687 382 4729 nos
398 4670 562 4728 redeuntes
578 4669 769 4728 concorditer
784 4677 814 4727 et
829 4671 896 4743 pari
913 4685 989 4726 voce
1005 4670 1190 4726 retulerunt:
1208 4666 1291 4740 quod
1309 4665 1390 4724 facta

151 4771 335 4850 inquisicione,
347 4784 412 4836 tam
425 4777 507 4851 apud
524 4777 645 4834 nobiles
661 4777 756 4848 regni,
769 4777 851 4833 cives
864 4777 1024 4834 civitatum
1037 4775 1197 4848 regalium,
1211 4789 1390 4831 communes

152 4883 272 4955 populos,
291 4885 401 4942 divites
421 4891 450 4942 et
463 4899 624 4958 pauperes,
637 4898 730 4955 quatu
743 4881 827 4956 apud
840 4883 1010 4954 religiosos,
1027 4879 1200 4938 sacerdotes
1216 4887 1245 4936 et
1261 4880 1390 4936 clericos

153 4989 222 5057 regni
242 4987 405 5063 Sclauonie,
425 5007 464 5048 ex
483 4988 672 5048 confessione
684 4995 714 5046 et
726 4989 878 5046 relacione
896 4987 1077 5045 eorumdem
1091 4986 1288 5055 resciverunt,
1305 4985 1388 5058 quod
