3600 5804
28 3144 32 3176 *v

32 3182 40 3227 l

48 3320 51 3338 v,

48 3356 53 3385 l

638 563 711 622 Dac.
736 559 789 622 68.
816 596 851 604 -
878 563 933 620 Aa.
958 558 1047 638 1287.

815 759 877 826 68.

321 851 365 898 An.
387 851 460 900 1287.
483 857 521 906 13.
541 853 591 898 oct.
604 847 757 912 Zagrabiae.

231 959 351 1030 loannes,
380 957 509 1014 Arlomli
520 959 615 1032 filias,
637 958 750 1032 confert
774 958 944 1014 niaansteria
966 977 987 1014 s.
1005 957 1115 1033 Jacabi
1135 943 1194 1012 arri.
1218 958 1400 1014 cisterciensis
1424 967 1478 1013 ter·

230 1083 284 1120 ram
309 1083 387 1121 suom
417 1064 583 1137 Padgrartie
613 1072 741 1120 nutritam
772 1071 800 1120 et
829 1063 926 1122 Saone
948 1066 1119 1138 contiguam,
1142 1081 1204 1120 cum
1228 1065 1286 1119 loco
1308 1081 1391 1138 quem
1414 1065 1479 1119 olim

230 1191 248 1227 s.
266 1172 407 1228 Martinus
429 1172 605 1228 inhabitasse
626 1172 761 1246 refertar,
784 1189 846 1228 cum
863 1173 974 1244 capelia
990 1172 1013 1228 b.
1033 1190 1058 1228 o.
1076 1171 1196 1228 Mariae
1211 1167 1312 1230 ibidem
1328 1178 1480 1240 exstructa,

305 1316 481 1389 Capitulum
505 1316 633 1373 ecclesie
657 1317 871 1388 zagrabiensis
896 1315 1056 1374 Universis
1080 1317 1193 1390 quibus
1217 1315 1343 1390 expedit
1367 1315 1481 1372 infide

229 1439 259 1480 ac
277 1423 446 1480 reverencia
468 1423 519 1480 dei
543 1424 715 1480 constitutis
737 1424 870 1480 salutem
894 1425 924 1480 in
948 1438 992 1492 eo,
1026 1424 1080 1495 qui
1103 1439 1176 1480 vere
1198 1422 1406 1496 penitentibus
1430 1435 1481 1477 ve-

230 1529 301 1586 niam
322 1530 451 1601 largitur
474 1535 680 1602 peccatorum.
701 1530 829 1587 Interest
846 1528 1068 1586 salvandorum
1084 1528 1183 1600 divini
1199 1529 1301 1586 cultus
1317 1527 1481 1599 invigilare

231 1636 362 1707 sagaciter
384 1635 589 1706 incrementis
613 1641 642 1692 et
665 1635 703 1692 ad
728 1651 765 1692 ea
789 1651 846 1709 per
869 1651 929 1708 que
951 1637 1102 1693 memoria
1118 1634 1168 1692 dei
1183 1635 1318 1692 nominis
1334 1639 1483 1707 augeatur

231 1741 257 1797 in
278 1741 495 1814 temporalibus
518 1741 664 1815 aspirare.
688 1741 785 1814 Igitur
809 1741 848 1798 ad
874 1741 1092 1798 universorum
1116 1741 1261 1799 noticiam
1285 1745 1389 1798 tenore
1412 1755 1482 1814 pre·

230 1848 351 1904 sencium
380 1847 528 1904 volumus
558 1847 728 1922 pervenire,
761 1848 845 1920 quod
874 1848 989 1905 nobilis
1012 1849 1062 1905 vir
1084 1863 1187 1904 comes
1209 1846 1372 1930 Johannes,
1396 1845 1480 1903 filius

228 1954 352 2022 artandi,
375 1954 413 2010 de
436 1969 547 2026 genere
574 1955 669 2026 Agha‚
692 1955 794 2012 anime
817 1971 871 2011 sue
887 1953 1054 2012 salubriter
1070 1955 1196 2027 cupiens
1212 1951 1387 2026 providere,
1407 1967 1480 2026 ope·

226 2059 361 2132 ribusque
391 2060 514 2134 pietatis
538 2059 621 2117 diem
644 2065 782 2118 extreme
805 2062 967 2134 prevenire
991 2061 1160 2130 messionis,
1183 2057 1221 2116 ad
1246 2065 1384 2116 nostram
1408 2073 1478 2131 per-

228 2166 361 2222 sonaliter
392 2165 539 2222 accedens
570 2167 770 2239 presenciam,
801 2166 958 2224 confessus
990 2171 1035 2223 est
1066 2167 1193 2223 oraculo
1224 2165 1295 2224 vive
1323 2165 1422 2222 vocis:
1446 2181 1478 2221 se

227 2271 368 2342 quandam
398 2273 585 2345 particulam
617 2279 696 2330 terre
720 2289 773 2330 sue
796 2275 854 2330 sub
879 2271 1060 2345 Podgradia‚
1084 2271 1277 2342 hereditarie,
1302 2271 1479 2344 contiguam

227 2391 297 2448 aque
319 2377 415 2448 Zavva,
439 2379 530 2436 metis
554 2378 728 2436 distinctam
754 2377 967 2452 infrascriptis
991 2395 1063 2435 cum
1084 2379 1153 2435 loco
1170 2387 1262 2450 quem
1279 2377 1356 2434 olim
1374 2375 1481 2433 beatus

228 2482 365 2541 Martinus
388 2485 486 2542 vitam
511 2485 614 2541 colens
637 2485 851 2542 heremiticam
867 2485 1054 2542 inhabitasse
1071 2483 1211 2554 refertur,
1229 2489 1344 2540 etcum
1361 2483 1482 2556 capella

228 2589 280 2643 sub
302 2590 415 2647 honore
438 2591 574 2662 gloriose
604 2591 733 2662 virginis
757 2589 874 2647 ibidem
898 2597 1080 2660 constructa,
1104 2590 1185 2646 circa
1209 2604 1303 2662 quam
1328 2589 1427 2646 eciam
1452 2590 1481 2646 in

227 2696 402 2753 concavitate
434 2695 596 2754 cuiusdam
627 2695 716 2753 ardui
748 2699 862 2754 montis
887 2703 1095 2754 constructum
1120 2701 1165 2752 est
1188 2695 1285 2752 altare
1309 2695 1367 2751 sub
1391 2693 1482 2751 titulo

225 2799 328 2868 prefati
357 2805 453 2860 sancti
483 2803 541 2874 dei,
573 2819 688 2861 necnon
713 2819 783 2860 cum
816 2803 982 2872 montibus,
1012 2803 1139 2875 eampis,
1170 2801 1268 2874 aquis,
1303 2800 1482 2858 nemoribus

225 2903 345 2979 aliisque
376 2910 562 2967 utilitatibus
586 2909 624 2967 ad
651 2911 821 2983 predictam
851 2919 931 2966 terre
954 2909 1140 2982 particulam
1164 2907 1388 2980 pertinentibus
1411 2921 1482 2962 con·
1529 2921 1533 2934 ·

226 3009 331 3084 tulisse,
361 3016 523 3074 tradidisse
554 3022 583 3073 et
612 3018 782 3087 assignasse
814 3016 966 3088 religiosis
990 3015 1065 3071 viris
1089 3013 1238 3070 fratribus
1263 3011 1407 3069 videlicet
1429 3027 1482 3068 seu

225 3121 374 3178 monachis
397 3121 514 3180 ordinis
537 3123 783 3179 chisterchiensis
806 3122 965 3192 universis
990 3121 1154 3179 investiens
1178 3120 1414 3194 quamprimum
1438 3119 1482 3175 vi·

225 3223 288 3274 “¹¹11
310 3223 367 3286 deo
388 3229 556 3286 amabilem
582 3228 709 3286 fratrem
733 3229 915 3311 Johannem,
940 3235 1011 3284 tunc
1034 3227 1180 3283 abbatem
1205 3225 1243 3282 de
1268 3225 1367 3282 insula
1387 3225 1482 3282 sancti

222 3307 335 3398 J³⁰⁰bh
366 3335 467 3407 plena,
499 3335 597 3392 libera
627 3343 656 3392 et
689 3343 838 3409 perpetua
862 3351 897 3392 ac
922 3333 1129 3405 irrefragabili
1154 3332 1345 3405 possessione
1370 3331 1429 3388 loci
1454 3337 1483 3388 et

220 3407 306 3496 terre,
331 3441 581 3513 utilitatuumque
604 3457 728 3498 suarum
755 3441 963 3514 predictarum
985 3441 1052 3496 vice
1075 3445 1105 3496 et
1128 3437 1251 3495 nomine
1275 3437 1483 3496 universitatis

213 3519 354 3614 fsdtsum
383 3549 576 3622 presencium
609 3547 846 3620 futurorumque
877 3547 994 3604 ordinis
1026 3546 1187 3618 prenotati,
1211 3545 1252 3600 ob
1275 3543 1483 3600 reverenciam

204 3668 295 3747 beate
344 3653 470 3726 virginis
501 3669 536 3710 ac
568 3653 697 3726 predicti
728 3655 824 3711 sancti
848 3653 897 3710 dei
921 3654 1029 3710 votens
1054 3651 1228 3725 predictum
1250 3651 1354 3707 locum
1378 3648 1485 3706 divino

203 3759 319 3845 officio
353 3774 403 3830 per
426 3759 537 3817 iratres
560 3761 723 3817 memorati
754 3760 871 3817 ordinis
898 3758 1047 3828 decorari,
1071 3757 1247 3815 conferreris
1270 3757 1486 3829 prenominato

206 3864 325 3937 aabati
355 3870 380 3921 et
401 3865 550 3923 fratribus
573 3867 636 3922 suis
659 3883 738 3922 nunc
762 3866 957 3939 presentibus
978 3873 1008 3922 et
1032 3864 1144 3922 futuris
1159 3864 1330 3921 claustrum
1349 3867 1379 3919 et
1394 3877 1485 3935 gram

207 3970 291 4038 giam
324 3972 493 4029 secundum
518 3987 637 4030 morem
662 3971 864 4046 professionis
888 3975 1028 4046 ipsorum
1054 3971 1231 4029 facultatem
1256 3969 1354 4028 libere
1378 3977 1408 4028 et
1431 3985 1485 4044 pa·

207 4069 295 4125 cilice
340 4074 452 4135 ibidem
481 4079 686 4137 construendi.
714 4079 841 4137 Addidit
865 4080 962 4136 eciam
987 4079 1102 4136 eisdem
1128 4078 1276 4135 fratribus
1300 4078 1403 4134 locum
1427 4093 1485 4150 pro

206 4171 412 4240 hedificando
445 4184 626 4242 molendino
655 4187 685 4243 in
717 4185 821 4242 rivulo
854 4201 910 4258 per
940 4186 1057 4242 vallem
1090 4183 1273 4256 Podgradya
1297 4183 1484 4240 decurrente.

208 4273 239 4329 lfa
274 4287 392 4345 autem
430 4290 541 4348 iratres
572 4291 645 4348 dicti
674 4291 791 4348 ordinis
817 4292 916 4364 ipsam
941 4298 1055 4348 terram
1080 4290 1208 4364 pacifice
1231 4287 1432 4362 possederant
1456 4299 1485 4346 et

199 4378 322 4486 Quiete,
352 4396 509 4470 sepefatus
533 4413 635 4454 comes
659 4399 813 4480 Johannes
837 4398 1004 4470 assumpsit
1027 4396 1152 4453 eosdem
1177 4395 1287 4453 fratres
1304 4402 1334 4452 et
1351 4396 1485 4468 populos

195 4493 352 4550 '1³⁵⁰OEOE
382 4503 412 4560 in
444 4503 554 4560 eadem
585 4513 668 4560 terra
699 4520 756 4577 pro
782 4510 921 4576 tempore
945 4503 1086 4560 existenti
1109 4520 1127 4559 a
1150 4503 1297 4560 descensu
1321 4503 1426 4559 banali
1450 4518 1485 4558 ac
1526 4545 1527 4552 a

188 4581 350 4654 ⁶⁰¹¹⁰Ctis
390 4609 564 4682 ponderum
600 4619 630 4667 et
660 4609 911 4679 marturinarum,
946 4610 1097 4683 recipiens
1130 4609 1256 4666 eosdem
1291 4609 1320 4666 in
1359 4609 1484 4666 terciam

196 4695 326 4801 limem
360 4717 609 4773 marturinarum
640 4717 699 4774 sibi
722 4715 760 4773 de
784 4732 871 4773 more
903 4718 989 4789 regni
1013 4718 1188 4791 approbato
1212 4717 1370 4774 cedentem
1394 4731 1486 4790 expe·

208 4794 263 4904 Q·
303 4805 499 4878 Astiterunt
529 4822 626 4879 eciam
655 4823 777 4879 nobiles
809 4823 867 4879 viri
893 4823 1037 4880 Nicolaus
1061 4831 1091 4880 et
1116 4823 1210 4892 Achk,
1237 4822 1346 4880 iratres
1369 4823 1486 4879 scilicet

207 4894 257 5008 ω
281 4917 436 4983 c0¹lritis
459 4927 607 5010 Johannis
630 4929 777 4999 carnales
802 4929 856 5000 qui
872 4929 1051 4986 huiusmodi
1067 4930 1268 4986 collacionem
1285 4945 1341 5002 per
1357 4928 1485 4986 fratrem

203 5009 350 5080 ¹p⁵⁰s¹¹¹11
392 5049 429 5090 ex
459 5034 513 5108 pia
542 5033 710 5092 devocione
740 5040 770 5092 et
793 5035 912 5092 salubri
934 5037 1095 5109 proposito
1119 5035 1233 5093 factam
1259 5051 1407 5093 consensu
1429 5050 1485 5092 suo
