3854 5806
711 575 857 633 Addendo.
885 607 922 618 -
948 575 1006 632 An.
1027 573 1118 652 1346.
1489 594 1549 656 451

283 777 450 833 sessionem
474 791 546 832 cum
570 777 633 833 suis
650 774 815 834 atinenciis.
834 781 925 848 prout
941 774 1088 848 sepefatis
1104 776 1224 832 civibus
1240 792 1277 831 ex
1294 777 1397 847 gracia
1414 767 1553 854 regali(s)

284 881 476 958 celsitudinis
501 881 643 938 extiterat
667 880 788 948 collata,
815 879 941 952 pacifice
965 879 1192 951 possidendam,
1212 881 1416 953 relinquendo
1434 881 1553 938 litteras

285 986 441 1059 siquidem
466 993 496 1044 et
520 987 731 1055 instrumenta,
759 987 785 1042 si
809 1001 869 1058 qua
893 1001 986 1058 super
1008 987 1075 1060 ipsa
1099 988 1290 1059 possessione
1316 987 1444 1043 haberet
1475 1002 1550 1058 quo-

285 1092 447 1165 quomodo
470 1093 605 1160 obtenta‚
631 1090 744 1148 frivola
767 1091 876 1148 haberi
888 1091 988 1148 voluit
1004 1097 1034 1162 et
1049 1091 1166 1148 nullius
1182 1091 1318 1148 efficacie
1337 1092 1385 1148 vel
1404 1093 1553 1149 momenti

285 1198 546 1272 quandocumque
570 1198 600 1255 in
624 1197 813 1255 contrarium
838 1197 1049 1271 predictorum
1074 1199 1190 1255 civium
1222 1215 1277 1272 per
1301 1200 1482 1271 quempiam
1510 1199 1554 1254 fo·

284 1313 352 1362 rent
379 1311 560 1376 presentata.
584 1304 702 1360 Verum
726 1304 798 1374 quia
815 1303 874 1360 hiis
892 1303 965 1360 visis
989 1310 1018 1360 et
1042 1302 1079 1359 ad
1103 1304 1232 1376 plenum
1248 1304 1390 1377 partibus
1406 1305 1554 1376 expositis

285 1409 379 1467 iidem
407 1407 531 1465 Nikolet
554 1413 584 1465 et
606 1409 684 1491 Jaxa
706 1423 761 1464 sua
786 1415 816 1465 et
841 1408 1038 1481 cohospitum
1062 1425 1188 1466 suorum
1211 1408 1421 1482 predictorum
1438 1410 1469 1466 in
1487 1425 1556 1481 per-

230 1557 232 1562 ,
284 1531 357 1572 sona
382 1515 420 1572 de
443 1515 629 1588 transcripto
653 1515 750 1586 ipsius
773 1515 903 1586 capituli
930 1514 1057 1570 ecclesie
1081 1515 1216 1572 albensis
1241 1531 1302 1571 non
1318 1508 1476 1592 (contenti)
1492 1515 1551 1572 ori-

284 1623 386 1694 ginale
422 1619 560 1678 eiusdem
592 1635 649 1692 per
678 1621 762 1692 ipsos
800 1620 965 1690 magistros
1004 1620 1197 1677 Demetrium
1236 1619 1497 1691 archydiaconum
1525 1625 1555 1676 et

284 1728 469 1800 Dyonisium
505 1731 721 1800 procuratores
752 1726 879 1800 capituli
904 1727 1040 1783 annotati
1064 1727 1211 1782 instanter
1246 1726 1392 1782 exhibere
1416 1725 1554 1798 postula-

286 1841 357 1891 runt
384 1840 414 1890 et
439 1833 522 1891 velle
544 1831 651 1889 videre
674 1849 706 1888 se
730 1837 760 1888 et
783 1832 920 1904 hospites
948 1838 1125 1903 prenotatos
1149 1847 1211 1904 quo
1235 1832 1325 1889 titulo
1348 1839 1378 1889 et
1402 1847 1465 1904 quo
1490 1833 1555 1889 iure

285 1941 365 1998 dicta
391 1939 543 2013 possessio
567 1938 690 1995 Cobilia
714 1939 810 2011 ipsius
833 1938 954 1994 comitis
979 1939 1037 1994 Vta
1061 1943 1090 1994 et
1107 1937 1240 1994 fratrum
1263 1953 1392 1994 suorum
1416 1945 1445 1995 et
1470 1937 1553 1995 dicto

288 2048 425 2119 capitulo
445 2045 517 2102 data
533 2043 625 2102 fuerit
641 2061 697 2118 per
712 2045 835 2101 eosdem
853 2051 882 2100 et
899 2059 961 2115 quo
976 2044 1101 2101 homine
1117 2044 1203 2116 regio
1219 2061 1271 2101 seu
1288 2044 1440 2117 pristaldo
1452 2050 1481 2101 et
1497 2046 1556 2101 sub

287 2153 464 2210 testimonio
488 2151 574 2206 cuius
597 2149 726 2223 capituli
752 2150 802 2205 vel
827 2155 1002 2218 conventus
1027 2158 1060 2206 ut
1083 2151 1170 2222 regni
1191 2150 1380 2207 consvetudo
1397 2151 1491 2223 exigit
1516 2152 1556 2208 ab

286 2259 424 2330 antiquo,
442 2264 511 2330 post
527 2257 729 2312 collacionem
746 2256 790 2312 eis
806 2254 919 2312 factam
941 2256 1134 2312 introiverint
1147 2257 1177 2313 in
1193 2255 1331 2326 eandem,
1351 2257 1421 2313 etsi
1439 2256 1556 2314 litteras

286 2363 518 2436 prohibitorias,
543 2361 759 2433 inquisitorias
793 2361 1059 2434 protestationales
1083 2367 1134 2416 aut
1156 2361 1278 2432 aliquas
1301 2361 1377 2418 alias
1412 2361 1555 2418 iuridieas

286 2469 446 2525 cauciones
471 2483 489 2524 a
512 2473 652 2539 tempore
677 2467 939 2539 preallegatorum
963 2465 1162 2523 dominorum
1186 2466 1333 2539 Stephani
1358 2473 1388 2524 et
1412 2467 1555 2537 Ladizlai,

267 2574 442 2646 quondam
473 2573 644 2630 illustrium
675 2587 784 2644 regum
819 2572 1023 2644 Hergates
1047 2589 1109 2644 quo
1133 2574 1355 2645 prememorati
1378 2573 1556 2630 Demetrius

285 2679 527 2751 archydiaconus
550 2686 579 2734 et
606 2678 771 2748 Dyonisius
801 2677 941 2748 magistri
965 2693 1019 2734 sua
1043 2689 1073 2734 et
1097 2679 1193 2750 ipsius
1218 2679 1346 2751 capituli
1370 2679 1401 2736 in
1425 2693 1556 2752 persona

286 2785 410 2843 eosdem
442 2786 525 2841 cives
558 2793 587 2840 et
614 2785 752 2857 hospites
787 2784 824 2840 de
856 2783 956 2842 Grech
993 2785 1165 2856 possedisse
1197 2787 1297 2857 ipsam
1329 2787 1554 2857 possessionem

286 2891 410 2948 Cubilia
424 2901 566 2948 vocatam
580 2898 609 2946 et
626 2892 655 2946 in
672 2889 779 2946 eadem
798 2891 890 2946 t'uisse
903 2891 1031 2962 proprio
1043 2907 1096 2946 ore
1110 2891 1293 2958 fatebantur,
1307 2899 1336 2947 et
1349 2893 1373 2948 si
1387 2907 1405 2948 a
1418 2899 1557 2965 tempore

288 2997 358 3054 Bele
382 2998 463 3069 regis
479 2998 585 3068 aliqua
602 3005 707 3053 contra
727 2997 811 3068 ipsos
828 2996 964 3069 hospites
981 2996 1018 3052 de
1035 2995 1136 3053 Grech
1154 2997 1183 3052 in
1196 2997 1243 3053 sui
1261 2998 1335 3052 iuris
1352 2999 1556 3070 patrocinium

286 3111 316 3161 et
340 3103 549 3160 defensionem
575 3101 658 3174 quod
683 3103 712 3158 in
738 3102 847 3158 eadem
871 3103 986 3158 habere
1010 3117 1041 3158 se
1065 3111 1232 3174 sperarent,
1250 3111 1279 3158 et
1301 3104 1461 3160 obstacula
1486 3117 1557 3176 pro-

286 3210 432 3266 hibitoria
457 3219 597 3280 tempore
632 3209 810 3265 statucionis
827 3209 930 3280 'ipsius
958 3209 1159 3280 possessionis
1183 3225 1239 3281 per
1263 3209 1450 3281 pristaldum
1474 3217 1557 3267 ante·

286 3315 403 3372 dictum
427 3315 486 3370 sub
513 3315 689 3370 testimonio
712 3315 847 3370 hominis
870 3314 942 3370 dicti
967 3314 1095 3386 capituli
1119 3315 1295 3387 hospitibus
1319 3314 1356 3371 de
1381 3315 1481 3373 Grech
1505 3332 1557 3372 an-

287 3421 398 3478 notatis
425 3419 511 3490 facte‚
535 3429 565 3476 et
589 3421 614 3476 si
634 3429 774 3492 tempore
798 3420 969 3486 concordie,
998 3436 1092 3492 quam
1116 3436 1187 3476 cum
1211 3422 1410 3494 preallegatis
1436 3423 1557 3479 Matheo

288 3533 318 3583 et
341 3525 488 3584 Farkasio
511 3542 605 3598 super
629 3527 705 3598 ipsis
729 3526 974 3598 possessionibus
998 3525 1122 3582 Cubilia
1146 3535 1175 3582 et
1199 3527 1356 3584 Sciuiblan
1382 3529 1498 3585 vocatis
1514 3527 1557 3584 fe-

288 3641 393 3689 cerant
417 3634 554 3704 hospites
586 3632 739 3704 prenotati
764 3647 868 3688 coram
892 3632 1001 3688 eodem
1032 3633 1170 3705 capitulo
1198 3635 1326 3690 ecclesie
1348 3634 1555 3705 zagrabiensis

288 3739 394 3810 aliquo
416 3739 672 3794 contradiccionis
695 3739 858 3794 obstaculo
882 3739 1078 3795 obviaverint
1099 3754 1153 3794 nec
1177 3755 1222 3806 ne,
1247 3740 1363 3811 pluries
1387 3747 1417 3795 et
1438 3740 1555 3812 pluries

288 3861 305 3902 a
328 3845 585 3917 procuratoribus
614 3844 687 3901 dicti
720 3845 847 3916 capituli
875 3845 1044 3917 prenotatis
1068 3861 1099 3901 se
1123 3853 1152 3901 et
1176 3845 1301 3902 eosdem
1325 3847 1462 3917 hospites
1486 3861 1555 3917 pre-

288 3952 438 4008 cabantur
463 3950 633 4007 informari.
658 3950 755 4007 iidem
781 3950 956 4007 Demetrius
983 3949 1226 4021 archydiaconus
1249 3957 1278 4007 et
1305 3951 1468 4022 Dyonisius
1492 3967 1556 4007 ma-

291 4057 378 4130 gistri
403 4057 523 4128 aliquas
547 4057 665 4113 litteras
689 4057 835 4112 exhibere
859 4057 910 4112 vel
926 4055 1071 4112 iuridicas
1087 4057 1247 4114 cauciones
1265 4059 1398 4129 presenti
1415 4058 1556 4130 ipsorum

290 4163 418 4233 negocio
444 4162 596 4234 proficuas
613 4171 643 4218 et
660 4163 741 4234 ipsas
759 4162 966 4234 possessiones
983 4177 1039 4219 suo
1055 4163 1115 4219 iuri
1134 4163 1287 4235 pertinere
1312 4162 1557 4220 demonstrantes

289 4267 470 4340 pretendere
489 4283 548 4324 non
570 4269 724 4327 valebant.
749 4268 802 4324 sed
822 4269 924 4324 solum
949 4283 1077 4326 suorum
1095 4269 1264 4324 verborum
1281 4267 1460 4340 prolacione
1475 4269 1554 4324 sicut

289 4373 375 4446 prius
408 4374 451 4428 sic
482 4379 512 4429 et
544 4388 624 4429 nunc
654 4388 761 4430 omnes
794 4373 912 4429 litteras
936 4375 965 4429 in
989 4373 1070 4431 facto
1097 4375 1326 4447 possessionum
1349 4373 1558 4445 predictarum

291 4485 457 4546 emanatas,
482 4495 544 4551 quo
567 4494 669 4552 supra,
694 4479 872 4536 combustas
896 4479 962 4536 fore
978 4480 1163 4552 allegabant.
1180 4479 1269 4537 Unde
1286 4480 1358 4550 quia
1376 4480 1558 4550 preallegati

291 4585 375 4641 cives
398 4596 428 4641 et
452 4585 589 4658 hospites
612 4584 650 4640 de
675 4583 776 4642 Grech
801 4584 954 4658 predictas
978 4587 1186 4658 possessiones
1214 4587 1337 4641 Cobilia
1353 4593 1382 4640 et
1399 4585 1557 4642 Sciuiblan

292 4697 417 4748 vocatas
440 4690 612 4747 efficacium
639 4691 912 4748 instrumentorum
938 4693 1051 4749 robore
1075 4691 1282 4748 mediantibus
1303 4692 1558 4764 procuratoribus

289 4798 351 4854 suis
376 4797 528 4853 annotatis
561 4799 620 4853 sibi
647 4798 798 4869 pertinere
822 4805 852 4854 et
875 4814 893 4854 a
916 4805 1056 4870 tempore
1080 4798 1259 4854 collacionis
1283 4795 1463 4852 earumdem
1487 4812 1559 4868 pos-

289 4904 462 4959 sessionum
486 4903 544 4959 sibi
570 4903 657 4968 facte,
682 4912 715 4959 ut
747 4903 840 4960 iidem
873 4904 1049 4961 Demetrius
1073 4903 1315 4974 archydiaconus
1339 4909 1368 4958 et
1392 4902 1558 4972 Dyonisius

289 5009 430 5081 magistri
453 5007 637 5080 fatebantur,
662 5025 788 5083 semper
810 5010 840 5066 in
862 5009 979 5067 eisdem
994 5008 1123 5083 pacifice
1139 5007 1310 5081 perstitisse
1327 5013 1356 5064 et
1372 5008 1436 5064 sine
1453 5007 1559 5078 aliqua
