3600 5804
633 529 705 586 Dor.
728 523 782 601 98.
809 560 844 568 —
871 526 926 583 An.
954 541 1035 602 1311.
1427 529 1466 602 83

226 727 329 784 minum
350 728 523 800 legitimum
553 727 736 799 assignasset
767 730 873 783 contra
905 728 1093 782 memoratos
1124 725 1206 782 cives
1238 723 1414 794 Grecenses,
1438 723 1469 780 in

226 835 307 889 nostn'
323 833 473 906 presencia
490 831 699 906 comparendi.
720 831 790 903 Quo
807 829 960 904 siquidem
976 830 1108 886 termino
1129 828 1317 900 adveniente,
1341 827 1469 902 prelatis

227 938 350 1006 partibus
372 955 475 996 coram
508 939 598 996 nobis
629 937 737 995 ordine
765 936 925 994 iudiciario
948 935 1208 1009 comparentibus,
1238 933 1366 1009 sepefati
1389 934 1472 992 cives

225 1055 306 1114 super
326 1045 490 1102 collacione
513 1044 730 1119 possesssionis
754 1043 815 1100 iarn
845 1041 924 1099 dicte
955 1041 1074 1098 litteras
1109 1046 1138 1098 et
1168 1041 1378 1112 instrumenta,
1410 1055 1470 1112 que

225 1146 325 1206 babere
346 1150 610 1223 dignoscebantur,
634 1165 694 1207 una
718 1163 790 1206 cum
820 1147 979 1206 nobilibus
1011 1147 1097 1218 regni
1127 1148 1217 1204 nobis
1250 1146 1470 1214 assistentibus,

224 1263 427 1324 presentarunt.
451 1259 592 1316 Primum
617 1256 763 1314 videlicet
786 1255 988 1329 privilegium
1012 1253 1158 1324 Ladizlai‚
1175 1253 1224 1311 dei
1240 1253 1351 1326 gracia,
1376 1267 1473 1326 quon·

224 1357 288 1418 darn
310 1364 385 1436 regis
407 1364 573 1434 Hungarie‚
598 1362 696 1420 lelicls
719 1361 952 1430 recordacionis,
976 1360 1034 1417 sub
1060 1361 1116 1418 hac
1133 1358 1249 1418 torma:
1271 1353 1345 1436 (viel.
1361 1375 1406 1416 nr,
1423 1357 1472 1416 60.

223 1462 258 1520 de
278 1482 350 1526 anno
376 1484 465 1538 1275,
493 1485 539 1527 ιι.
563 1461 715 1544 Augusti).
740 1469 824 1538 Item,
849 1471 1064 1540 presentarunt
1087 1465 1185 1523 eciam
1202 1464 1403 1540 privilegium
1420 1462 1474 1522 do·

223 1570 290 1628 ruini
300 1573 441 1655 Johannis
457 1575 530 1632 bani
546 1575 644 1632 tocius
656 1573 826 1644 Sclauonie‚
839 1573 996 1630 continens
1012 1572 1093 1630 hunc
1106 1577 1259 1630 tenorem:
1276 1563 1350 1648 (vid.
1365 1587 1409 1628 nr.
1425 1568 1473 1643 63.

224 1671 259 1730 de
279 1693 351 1737 anno
378 1673 479 1757 1275).
512 1681 598 1751 ltem,
629 1681 834 1738 exhibuerunt
866 1679 962 1736 eciam
995 1679 1113 1736 litteras
1144 1677 1265 1736 comitis
1296 1677 1376 1748 lnus,
1403 1681 1476 1734 tunc

225 1781 360 1854 temporis
382 1786 502 1843 comitis
525 1786 740 1858 zagrabiensis,
764 1787 842 1842 hanc
859 1784 969 1842 seriem
987 1786 1189 1842 continentes:
1214 1776 1288 1860 (vid.
1310 1799 1355 1840 ur.
1373 1781 1422 1840 62.
1439 1781 1477 1840 de

224 1895 296 1944 anno
321 1906 408 1964 1275,
434 1906 481 1960 27.
505 1884 711 1968 septembris).
735 1891 814 1966 Ipsis
846 1893 950 1964 itaque
983 1891 1193 1948 instrumentis
1217 1888 1362 1964 perlectis
1384 1894 1413 1946 et
1436 1887 1476 1946 ad

232 1988 344 2059 plenum
364 1997 534 2069 intellectis
557 2012 618 2055 non
643 1997 774 2054 inventis
798 1997 984 2067 cancellatis,
1016 1997 1134 2054 abrasis
1165 2011 1220 2052 nec
1248 1995 1277 2052 in
1301 1994 1406 2067 aliqua
1430 1995 1477 2051 sui

238 2103 310 2162 parte
330 2103 491 2174 maculatis
515 2101 655 2177 prelatus
678 2117 781 2160 comes
804 2103 971 2174 Farcasius,
996 2103 1049 2176 qui
1073 2117 1167 2175 super
1190 2100 1329 2175 predicta
1358 2115 1478 2174 posses·

242 2197 309 2259 sione
329 2207 367 2265 tus
389 2209 503 2266 habere
526 2209 683 2281 allegabat
705 2214 735 2266 et
758 2209 869 2282 agebat
893 2223 998 2266 coram
1019 2209 1109 2266 nobis
1132 2209 1280 2280 regnique
1309 2207 1476 2276 nobilibus,

245 2309 312 2364 onnt
331 2313 388 2381 iuri,
411 2313 657 2386 contradiccioni,
682 2315 737 2386 liti,
761 2315 876 2372 accioni
893 2321 923 2372 et
939 2315 1067 2372 cuilibet
1083 2314 1223 2372 materiei
1244 2313 1395 2387 questioni
1412 2317 1478 2370 orte

246 2398 295 2473 (vel
312 2413 434 2497 oriende)
457 2436 512 2494 per
536 2437 567 2478 se
590 2428 619 2478 et
643 2437 699 2495 per
730 2435 800 2478 suos
831 2435 1021 2478 successores
1052 2419 1187 2490 lineales,
1210 2421 1276 2478 sive
1304 2417 1478 2477 suscitande

245 2521 371 2582 Occasione
394 2525 529 2601 predicte
552 2527 753 2600 possessionis
784 2531 889 2584 contra
917 2527 1000 2584 cives
1037 2530 1226 2584 memoratos
1248 2539 1477 2596 recognoscens,

240 2621 341 2684 eosdem
370 2633 449 2690 cives
480 2633 510 2690 in
542 2633 733 2707 possessione
765 2631 902 2706 sepefata
933 2633 979 2691 lus
1012 2633 1127 2690 habere
1158 2631 1321 2703 integrum,
1352 2646 1408 2688 nec
1438 2629 1479 2687 ad

233 2723 298 2782 alios
317 2745 415 2804 preter
438 2739 511 2795 illos
534 2739 618 2795 solos
641 2739 724 2795 cives
748 2739 841 2812 pleno
865 2739 931 2796 lure
953 2739 1114 2812 pertinere,
1139 2737 1331 2796 renunciavit
1353 2751 1432 2810 pure
1449 2741 1478 2794 et

225 2825 403 2914 simpliciter,
427 2845 548 2918 penitus
572 2846 654 2902 etin
679 2849 743 2902 toto
767 2843 896 2902 eandem
928 2845 1153 2918 possessionem
1184 2843 1312 2917 pacifice
1338 2844 1414 2917 ipsis
1438 2843 1479 2900 ci·

217 2929 300 2992 ribus
326 2949 537 3023 relinquendo.
562 2951 692 3008 Litteras
716 2949 869 3022 siquidem
894 2957 924 3008 et
947 2951 1159 3020 instrumenta,
1179 2951 1204 3008 si
1221 2965 1281 3023 qua
1299 2965 1392 3024 super
1409 2965 1479 3024 pre·

203 3024 282 3094 dicta
308 3056 508 3118 possessione
534 3057 682 3114 haberent
706 3055 928 3128 quoquomodo
958 3063 1092 3130 optenta,
1117 3055 1231 3114 frivola
1263 3063 1293 3113 et
1317 3057 1403 3114 irrita
1425 3057 1478 3112 ha-

187 3129 259 3240 'beri
289 3158 411 3230 V01uit,
435 3177 470 3218 ac
493 3163 615 3219 innania
632 3167 661 3220 et
677 3161 793 3219 nullius
816 3155 958 3239 (valoris)
976 3163 1026 3219 vel
1051 3163 1198 3220 momenti
1219 3161 1479 3235 quandocumque

183 3248 211 3353 ω,
238 3260 457 3325 c0¹¹trarium
481 3267 691 3342 predictorum
723 3268 838 3324 civium
871 3284 927 3342 per
957 3269 1137 3342 quempiam
1170 3268 1269 3326 forent
1296 3273 1480 3342 presentata.

193 3338 250 3402 λῦε
286 3358 402 3434 igitur
435 3375 508 3431 visis
539 3379 567 3431 et
599 3372 799 3431 consideratis
827 3374 947 3430 iuribus
977 3375 1092 3432 civium
1125 3373 1337 3454 predictorum
1364 3375 1477 3447 quibus

200 3443 421 3536 iungebantur
443 3495 496 3536 seu
520 3480 686 3537 utebantur
716 3480 746 3537 in
778 3480 968 3553 possessione
999 3485 1179 3551 memorata,
1208 3482 1296 3553 regni
1319 3479 1479 3538 nobilibus

197 3556 419 3660 prebentibus
442 3600 623 3642 consensum
647 3591 676 3642 et
700 3599 868 3654 assensum,
884 3586 1066 3658 nemineque
1083 3585 1307 3644 contradictore
1331 3585 1478 3643 existente

196 3669 217 3709 ¹¹¹
234 3660 311 3780 ¹¹50
348 3697 446 3764 parte,
469 3690 638 3766 sepefatum
662 3691 887 3766 possessionem
913 3691 1027 3750 Kobila
1050 3696 1200 3763 vocatam,
1225 3705 1295 3750 cum
1327 3691 1479 3750 universis

195 3773 411 3887 pomnenciis
434 3805 464 3856 et
486 3799 672 3856 utilitatibus
688 3797 834 3863 eiusdem,
852 3799 1031 3856 auctoritate
1048 3798 1166 3856 domini
1182 3799 1278 3856 nostri
1294 3797 1413 3868 Karull,
1429 3796 1480 3854 dei

193 3877 297 3984 Κηφᾶ
336 3905 528 3962 serenissimi
551 3906 632 3978 regis
649 3905 814 3977 Hungarie‚
831 3911 923 3979 prout
940 3905 1132 3963 habebamus
1148 3905 1188 3962 ab
1206 3904 1316 3963 eodem
1337 3906 1367 3962 in
1395 3879 1480 3962 man·

192 3965 271 4088 d³¹fss
313 4016 365 4066 ac
386 4012 483 4070 eciam
506 4010 545 4068 de
569 4011 635 4070 iure
657 4018 687 4068 et
710 4012 829 4069 iusticia
852 4018 1001 4082 tenemur,
1017 4013 1188 4082 statuimus,
1211 4011 1436 4082 assignavimus
1452 4015 1482 4067 et

193 4077 400 4174 reliquimus
422 4117 550 4191 pacifice
573 4133 608 4174 ac
631 4119 733 4190 quiete
756 4122 907 4191 perpetuo
939 4117 1157 4191 possidendam
1187 4117 1331 4190 sepefatis
1361 4117 1482 4175 civibus

192 4193 388 4296 ‚efflumque
410 4226 620 4283 sucessoribus
643 4225 803 4294 universis,
828 4224 1055 4282 introducentes
1088 4224 1172 4297 ipsos
1199 4224 1281 4281 cives
1306 4223 1417 4281 tradita
1440 4224 1481 4280 ab

192 4301 243 4358 ¹9⁵⁰
280 4312 434 4388 <lumino
456 4335 561 4389 nostro
585 4329 738 4403 facultate,
762 4337 797 4388 ut
819 4331 1027 4405 premisimus,
1043 4331 1073 4386 in
1097 4330 1321 4403 possessionem
1344 4328 1482 4387 eiusdem

194 4407 421 4495 corporalem
442 4437 475 4494 In
498 4439 585 4495 culus
607 4438 651 4495 rei
674 4438 859 4495 memoriam
875 4445 905 4494 et
921 4441 1106 4512 perpetuam
1121 4435 1301 4493 firmitatem
1325 4439 1482 4508 presentes

196 4510 406 4600 contulimus
428 4543 525 4616 sigilli
548 4544 643 4601 nostri
668 4544 839 4601 munimine
862 4543 1031 4600 roboratas.
1055 4542 1172 4599 Datum
1195 4543 1226 4598 in
1246 4540 1434 4612 Brlzouicha,
1452 4541 1482 4597 ln

200 4609 338 4699 oetavis
362 4649 532 4723 Epiphanie
555 4649 681 4707 domini.
704 4651 792 4706 Anno
816 4647 954 4706 eiusdem
978 4649 1009 4706 M
1032 4648 1241 4706 trecentisimo
1267 4645 1438 4704 undecimo.

211 4845 262 4904 lna
293 4787 448 4866 Originate
473 4801 499 4851 in
521 4802 686 4860 membrana,
709 4817 722 4850 e
746 4800 813 4852 llava
843 4800 941 4850 sericea
969 4815 1032 4850 zona
1064 4801 1193 4866 dependet
1216 4799 1335 4864 sigillum
1354 4799 1481 4850 attritum.

250 4875 340 4952 feb.
359 4889 438 4938 Acad.
458 4889 551 4940 Scient.
574 4891 642 4939 Slav.
662 4889 753 4938 merid.
766 4890 858 4938 Exstat
878 4889 957 4938 etiam
977 4889 1002 4938 in
1022 4894 1186 4954 transumpto
1204 4887 1298 4938 Karoli
1313 4887 1384 4952 regis
1406 4887 1479 4938 Hun-

213 4949 301 5006 grrrae·
337 4978 367 5026 de
393 4993 460 5026 anno
487 4985 559 5035 1317.
579 4976 610 5026 ln
630 4977 700 5026 arch.
719 4977 767 5026 lib.
787 4993 841 5040 reg.
863 4977 911 5027 civ.
932 4976 1035 5040 zagrab.

1366 5084 1380 5114 ὴ
