3600 5804
789 509 861 566 Duc.
883 521 936 584 99.
966 543 1001 551 —
1029 509 1084 566 An.
1111 523 1195 586 1315·

955 721 1019 787 99.

371 893 381 901 -
460 862 535 909 Anno
556 869 629 919 1313,
652 869 689 910 10.
709 859 790 926 Junii.
810 859 839 910 Iu
859 859 993 926 Topusko.

353 986 447 1044 Pacta
470 989 546 1045 inter
568 988 743 1061 Stephanum
766 989 872 1046 brunum
895 997 923 1046 et
942 990 1098 1063 capitulum
1121 990 1305 1061 zagrubr'enre
1327 990 1361 1046 de
1384 997 1478 1047 castro
1498 990 1627 1047 Μειίυειί

765 1096 894 1152 ecclesiae
917 1095 1032 1168 uugrab.
1055 1095 1202 1152 reddendo.

440 1256 503 1314 Nos
526 1255 700 1329 Stephanus
723 1258 821 1315 banus
845 1255 1014 1316 Sclauonie.
1032 1257 1248 1330 Significamus
1264 1257 1416 1314 universis
1434 1257 1548 1329 quibus
1563 1273 1618 1314 ex-

352 1361 437 1437 pedit
461 1364 655 1436 presencium
687 1379 742 1436 per
774 1370 920 1432 tenorem,
945 1363 1031 1436 quod
1058 1378 1113 1421 nos
1137 1363 1364 1421 considerantes
1386 1363 1489 1420 anime
1512 1369 1620 1420 nostre

351 1467 580 1537 detrimentum,
612 1469 697 1542 quod
727 1485 765 1526 ex
795 1471 968 1527 retencione
991 1471 1084 1526 castri
1109 1470 1240 1527 ecclesie
1271 1471 1487 1542 zagrabiensiS‚
1511 1469 1626 1526 Medue

350 1575 460 1643 vocati,
484 1575 639 1631 incurrere
663 1589 833 1647 possemus,
858 1575 997 1633 volentes
1021 1577 1092 1633 huic
1122 1575 1296 1633 remedium
1329 1575 1468 1648 prebere,
1503 1591 1625 1632 assum·

350 1681 470 1754 psimus
494 1681 598 1752 ipsum
622 1685 757 1738 castrum
780 1696 867 1739 more
885 1682 1044 1740 castellani
1061 1699 1098 1739 ex
1115 1688 1203 1756 parte
1220 1682 1358 1739 eiusdem
1375 1681 1504 1738 ecclesie
1519 1687 1626 1738 tenere

350 1791 380 1843 et
403 1788 501 1843 eciam
532 1802 713 1844 conservare
741 1787 869 1844 ecclesie
901 1788 1085 1860 supradicte,
1112 1789 1327 1860 promittentes
1358 1787 1449 1844 firma
1480 1793 1509 1844 et
1542 1788 1627 1844 bona

352 1891 415 1948 fide
439 1897 543 1949 nostra
566 1892 721 1950 mediante
744 1893 873 1950 reddere
896 1899 926 1951 et
949 1895 1117 1965 restituere,
1134 1894 1239 1950 habita
1261 1903 1364 1950 tamen
1381 1893 1468 1966 prius
1484 1893 1626 1964 pecunia¹

352 2013 447 2070 quam
469 2014 528 2072 pro
551 1999 769 2072 redempcione
794 2000 890 2072 ipsius
914 2001 1004 2056 castri
1035 1999 1159 2056 nomine
1188 2007 1218 2056 et
1247 2000 1314 2056 vice
1346 2000 1473 2056 ecclesie
1503 1997 1627 2070 pretate

351 2105 499 2176 magistro
522 2106 633 2174 Marco,
657 2104 747 2162 fratri
771 2105 929 2177 quondam
945 2105 1046 2186 Janini
1064 2105 1273 2178 persolvimus
1289 2106 1432 2178 plenarie
1449 2112 1479 2161 et
1495 2105 1625 2176 integre,

350 2210 392 2266 ab
415 2210 543 2269 ecclesia
568 2216 747 2268 memorata.
770 2209 803 2268 Si
826 2226 901 2268 vero
929 2211 1035 2283 aliquo
1066 2227 1137 2267 casu
1169 2213 1389 2268 interveniente
1416 2211 1467 2268 vel
1493 2226 1627 2284 quomo-

350 2315 525 2391 documque
549 2333 603 2374 seu
626 2317 895 2389 qualitercumque
919 2317 1014 2374 modo
1037 2317 1155 2374 dictum
1179 2325 1315 2374 castrum
1338 2318 1468 2374 ecclesie
1485 2316 1627 2390 predicte

349 2437 409 2479 non
432 2421 660 2480 reddiderimus
683 2423 734 2480 vel
764 2439 825 2480 non
856 2423 1057 2480 redderemus
1088 2429 1141 2480 aut
1171 2424 1415 2481 alienaverimus
1439 2423 1481 2480 ab
1505 2423 1627 2492 eadem,

349 2543 462 2600 penam
478 2529 606 2601 periurii
622 2529 653 2585 in
669 2527 923 2602 transgrediendo
944 2534 1104 2602 assumpta
1120 2530 1313 2586 incurramus
1330 2533 1360 2586 et
1375 2529 1473 2586 eciam
1494 2530 1628 2586 ecclesia

350 2631 488 2706 sepefata
510 2649 528 2690 a
551 2634 708 2691 solucione
732 2635 837 2691 totalis
861 2635 990 2708 pecunie
1015 2650 1109 2706 quam
1126 2649 1184 2708 pro
1201 2634 1420 2708 redempcione
1443 2636 1540 2692 castri
1556 2651 1628 2708 pre-

350 2738 423 2796 dicti
447 2741 537 2797 nobis
560 2744 681 2798 tenetur
703 2746 733 2798 et
756 2740 849 2797 debet
872 2742 911 2798 sit
934 2741 1034 2798 libera
1058 2741 1180 2814 penitus
1203 2745 1233 2797 et
1256 2740 1401 2813 expedita
1431 2741 1502 2814 ipso
1535 2739 1627 2808 facto,

351 2850 380 2901 et
404 2845 491 2902 nullo
516 2861 654 2918 unquam
679 2851 818 2918 tempore
841 2847 931 2903 nobis
946 2853 976 2902 et
991 2848 1104 2903 uostris
1125 2846 1291 2910 heredibus
1307 2847 1337 2903 in
1355 2851 1419 2903 toto
1445 2847 1496 2903 vel
1519 2847 1628 2920 aliqua

352 2951 399 3008 sui
423 2957 511 3023 parte
534 2957 675 3009 teneatur
698 2966 755 3024 pro
779 2951 895 3008 eadem.
921 2953 1049 3026 Insuper
1064 2951 1210 3010 dominus
1226 2953 1389 3026 episeopus
1414 2953 1628 3024 zagrabiensis

352 3056 479 3113 ecclesie
510 3062 616 3114 contra
646 3073 702 3115 uos
731 3065 760 3114 et
790 3063 910 3115 nostros
941 3059 1130 3116 successivos
1163 3059 1336 3116 detentores
1370 3058 1504 3133 predicti
1534 3060 1627 3116 castn'

352 3163 566 3219 auctoritatem
591 3163 702 3220 habeat
727 3178 782 3236 per
805 3179 967 3220 censuram
991 3165 1232 3222 ecclesiasticam
1256 3164 1452 3238 procedendi.
1476 3165 1529 3222 Ad
1556 3182 1628 3223 con-

352 3269 564 3325 servacionem
588 3283 663 3325 vero
694 3268 832 3326 eiusdem
864 3270 954 3326 castri
983 3271 1121 3339 totalem,
1154 3271 1297 3344 quolibet
1320 3286 1400 3328 anno
1423 3271 1564 3344 petimus
1588 3274 1628 3329 ab

352 3373 461 3432 eadem
485 3375 613 3431 ecclesia
644 3375 732 3431 inille
765 3376 896 3432 cubulos
928 3375 992 3432 vini
1022 3381 1052 3432 et
1085 3377 1270 3448 quingentos
1294 3377 1425 3433 cubulos
1458 3376 1497 3433 de
1521 3377 1628 3446 blado,

352 3495 469 3537 necnon
493 3480 554 3536 XL.
579 3495 698 3536 marcas
730 3481 759 3537 in
793 3480 926 3538 denariis
956 3495 1014 3553 pro
1046 3481 1115 3538 aliis
1146 3483 1324 3538 necessariis
1349 3483 1399 3538 vel
1428 3485 1627 3555 opportunis,

353 3602 413 3659 que
436 3585 475 3643 ad
499 3587 768 3644 conservacionem
792 3587 883 3643 castri
906 3586 1019 3660 prefati
1042 3586 1243 3645 dinoscuntur
1264 3588 1425 3660 pertinere.
1442 3589 1478 3644 Et
1495 3590 1523 3647 si
1542 3591 1625 3647 idem

353 3692 497 3750 dominus
521 3692 692 3766 episcopus,
710 3708 769 3765 que
786 3692 864 3749 inter
879 3707 935 3748 nos
950 3697 980 3749 et
996 3693 1156 3749 ecclesiam
1173 3709 1262 3750 suam
1285 3699 1354 3750 sunt
1371 3693 1515 3751 ordinata
1531 3713 1628 3770 super

352 3797 434 3855 facto
457 3799 549 3855 castri
579 3797 719 3871 predicti,
750 3799 858 3856 habito
888 3798 1017 3855 consilio
1045 3815 1116 3855 cum
1147 3799 1298 3857 fratribus
1326 3801 1389 3857 suis
1412 3801 1437 3858 si
1461 3809 1628 3876 acceptare

354 3903 405 3960 vel
428 3903 575 3961 accedere
599 3881 742 3975 voluerit,
774 3906 863 3962 nobis
895 3906 1013 3962 litteras
1043 3921 1113 3966 suas
1144 3905 1313 3963 secundum
1338 3905 1472 3964 formam
1496 3923 1626 3980 presen-

353 4010 436 4067 cium
459 4009 533 4067 dare
562 4015 709 4081 teneatur,
739 3992 877 4084 alioquin
910 4017 1065 4084 presentes
1096 4013 1186 4069 nobis
1217 4013 1374 4070 remittere
1408 4011 1522 4070 debeat
1549 4014 1627 4072 inira

354 4132 500 4186 mensem,
524 4118 687 4189 negocium
708 4118 800 4175 castri
825 4119 981 4175 internos
1012 4123 1042 4173 et
1073 4116 1234 4174 dominum
1272 4119 1454 4192 episcopum
1474 4125 1505 4176 et
1531 4121 1628 4177 eccle-

354 4221 431 4278 siam
455 4224 597 4280 suumin
621 4224 718 4297 priori
741 4231 822 4281 statu
845 4230 1052 4298 permanente.
1076 4224 1192 4280 Datum
1216 4225 1246 4281 in
1275 4225 1434 4298 Thoptica,
1458 4225 1489 4282 in
1507 4227 1627 4284 octavis

355 4328 576 4386 Penthecostes.
602 4331 690 4387 Anno
713 4329 832 4388 domini
857 4330 1044 4387 MCCCXIII.

444 4503 466 4552 E
489 4503 561 4553 libro
589 4503 713 4568 privileg.
733 4509 845 4568 eppatus
863 4503 966 4568 zagrab.
987 4503 1078 4553 codice
1091 4503 1199 4552 membr.
1219 4518 1284 4552 saec.
1300 4502 1373 4552 XIV.
1387 4502 1432 4553 sol.
1452 4503 1495 4561 65.
1510 4504 1542 4553 In
1555 4504 1624 4554 arch.

356 4593 471 4658 archiep.
494 4594 598 4658 zagrab.
618 4595 692 4659 Joan.
712 4593 880 4658 Kukuljevic‘.
899 4593 985 4643 Arkiv
1005 4609 1032 4642 za
1052 4594 1156 4658 poviest
1179 4594 1309 4657 jugoslav.
1335 4593 1396 4642 libr.
1422 4591 1469 4641 111.
1502 4609 1564 4659 pag.
1585 4593 1624 4651 83.

356 4697 394 4730 nr.
415 4681 460 4730 VI.
481 4681 600 4730 Farlatti.
620 4681 687 4730 Illir.
706 4697 809 4731 sacrum
824 4687 840 4731 t.
855 4682 885 4730 V.
900 4697 923 4746 p.
939 4691 996 4744 397.

446 4770 628 4834 Obligationis
647 4771 725 4821 huius
744 4777 770 4820 et
789 4771 904 4834 qualiter
930 4771 1116 4835 dependendae
1140 4771 1237 4820 mentio
1262 4770 1291 4820 fit
1312 4771 1338 4820 in
1363 4770 1435 4821 libro
1454 4771 1623 4821 Statutorum

357 4859 468 4924 capituli
487 4860 591 4924 zagrab.
612 4875 635 4924 p.
656 4859 689 4908 ΙΙ.
709 4875 729 4908 c.
750 4859 783 4908 X.
803 4861 870 4924 Joan
889 4858 1003 4909 Thalete.
1025 4859 1092 4909 Mon.
1114 4859 1172 4908 hist.
1196 4859 1274 4923 episc.
1297 4859 1401 4924 zagrab.
1416 4864 1478 4908 tom.
1493 4858 1527 4908 11.
1543 4875 1568 4924 p.
1585 4867 1623 4914 70.

358 4963 417 4998 cum
436 4947 582 5014 capitulum
607 4949 711 5014 zagrab.
731 4963 798 4997 anno
823 4948 889 5006 1336
908 4948 1014 4998 condito
1033 4949 1148 5007 decreto,
1168 4947 1303 4998 ordinavit
1322 4949 1374 4998 ita:
