3728 5806
667 557 739 614 Doc.
758 553 834 634 336.
862 590 894 598 —
916 559 972 614 An.
996 554 1087 634 1389.
1445 574 1505 632 313

243 768 381 826 cumque
414 768 475 811 non
510 754 645 811 velimus
683 754 781 812 dictos
819 755 902 812 cives
938 759 1059 812 nostros
1089 756 1120 812 in
1154 755 1333 812 memoratis
1367 755 1509 828 expensis

244 872 302 932 pro
325 859 438 916 nostris
473 858 674 930 claritatibus,
705 864 740 917 ut
769 858 909 934 prefetur
940 859 1035 930 sactis,
1066 860 1236 934 dampnum
1268 861 1332 934 pati
1363 859 1508 932 aliquale,

244 963 387 1022 fidelitati
419 965 513 1037 igitur
543 971 644 1022 vestre
675 965 791 1023 iteratis
820 966 941 1024 vicibus
972 967 1195 1024 committimus
1229 966 1381 1038 vobisque
1415 966 1508 1024 serio·

243 1071 306 1128 sius
331 1072 522 1144 precipimus
552 1077 582 1128 et
614 1072 807 1144 mandamus,
835 1077 986 1146 quatenus
1019 1072 1137 1130 dictum
1169 1071 1331 1129 dominum
1362 1072 1510 1129 abbatem

244 1193 390 1235 amouere
413 1178 525 1249 velitis,
549 1182 583 1235 ut
606 1177 703 1236 dictas
725 1183 876 1237 trecentas
899 1193 1019 1236 marcas
1052 1178 1161 1249 eidem,
1184 1185 1218 1235 ut
1241 1178 1430 1252 premittitur
1453 1177 1510 1234 im·

244 1285 369 1359 positas,
393 1285 573 1342 memoratis
596 1286 709 1343 nostris
732 1286 853 1344 civibus
876 1284 914 1343 de
937 1285 1089 1358 Zagrabia
1105 1285 1265 1358 persolvat
1288 1285 1353 1342 sine
1377 1283 1509 1342 diminu-

244 1392 330 1448 cione
354 1391 493 1464 aliquali,
517 1391 656 1465 alioquin
679 1391 811 1450 eundern
827 1391 866 1450 ad
883 1392 1074 1450 solucionem
1090 1391 1244 1449 dictarum
1261 1406 1437 1448 marcarum
1454 1407 1510 1464 per

245 1497 428 1570 gravamina
451 1503 596 1555 consveta
626 1499 822 1572 compellatis
852 1505 882 1556 et
913 1497 1112 1570 asstringatis.
1143 1498 1177 1554 In
1209 1513 1280 1554 casu
1311 1503 1424 1568 autem,
1448 1511 1510 1569 quo

245 1619 303 1662 vos
326 1603 450 1662 easdem
473 1619 593 1662 marcas
616 1620 635 1662 a
658 1603 796 1678 sepefato
818 1606 931 1662 abbate
956 1605 1142 1676 exegissetiS,
1166 1609 1277 1661 extunc
1301 1603 1384 1676 ipsas
1400 1616 1510 1675 preno-

244 1711 316 1767 tatis
336 1711 449 1768 nostris
472 1711 594 1768 civibus
616 1716 646 1769 et
669 1712 844 1785 hospitibus
874 1710 912 1768 de
942 1709 1093 1782 Zagrabia
1123 1709 1197 1766 dare
1228 1715 1257 1766 et
1280 1709 1435 1780 assignare
1458 1707 1509 1766 de·

246 1816 347 1872 beatis
370 1831 441 1873 cum
464 1817 591 1886 effectu,
615 1822 645 1874 et
667 1816 751 1874 aliud
776 1833 834 1891 pro
859 1823 962 1874 nostra
988 1817 1091 1888 gracia
1114 1832 1174 1874 non
1206 1815 1324 1872 facturi.
1351 1815 1510 1871 Presentes

243 1936 328 1992 vero,
352 1923 378 1979 si
400 1937 487 1979 secus
510 1923 541 1980 in
565 1923 724 1996 premissis
748 1923 897 1994 faceretis,
921 1923 1010 1980 reddi
1032 1923 1174 1982 iubemus
1199 1921 1372 1995 presentati.
1393 1920 1509 1976 Datum

243 2027 414 2098 Waradiui,
450 2027 604 2086 dominica
627 2029 771 2103 proxima
801 2035 870 2086 ante
901 2029 1014 2087 festum
1046 2027 1273 2102 purificacionis
1305 2027 1392 2084 beate
1415 2025 1510 2084 Marie

244 2135 374 2207 virginis
394 2135 537 2206 gloriose.
563 2135 651 2192 Anno
675 2134 794 2192 domini
819 2135 1044 2192 MCCCLXXX
1067 2149 1156 2192 nono.

335 2267 476 2334 Originale
502 2269 529 2318 iu
555 2269 652 2320 charta
678 2269 803 2336 Sigillum
829 2270 914 2321 minus
940 2271 1012 2337 regis
1036 2287 1196 2337 appressum.
1218 2270 1248 2320 In
1266 2267 1366 2321 archiv.
1385 2267 1430 2318 lib.
1453 2284 1508 2335 reg.

243 2357 317 2408 civit.
337 2357 442 2424 zagrab.

832 2555 922 2621 336.

351 2695 427 2744 Anno
450 2696 524 2756 1389,
544 2705 584 2758 29.
605 2695 704 2744 marcii.
726 2695 813 2745 Crisii.

248 2823 285 2879 Iu
297 2823 433 2896 generali
446 2823 663 2896 congregatione
678 2823 813 2880 nobilium
830 2825 915 2895 regui
929 2824 1094 2893 Sluuoniue,
1113 2824 1201 2882 Crisir‘
1213 2825 1362 2894 celebrata,
1376 2825 1511 2882 salernu

247 2938 322 3002 pars
337 2929 508 2986 decimarum
530 2929 732 3002 episcopalium
747 2930 856 2986 ciuibus
878 2929 1092 3000 Greclzrnst’bus,
1115 2949 1202 3006 quum
1225 2939 1333 3004 semper
1354 2931 1511 3004 retegebant,

784 3037 976 3094 adjudicatur.

333 3197 536 3256 Serenissimo
566 3199 701 3272 principi
733 3199 860 3257 domino
890 3198 1096 3272 Sigismund0‚
1127 3200 1176 3257 dei
1212 3201 1314 3272 gracia
1337 3201 1403 3271 regi
1427 3200 1512 3256 Hun-

249 3307 343 3377 garie,
375 3304 543 3376 Dalmacie,
573 3304 700 3362 Croacie
724 3311 778 3362 etc.
801 3322 836 3362 ac
857 3305 1028 3363 marchioni
1051 3305 1361 3377 Brandemburgensi,
1386 3305 1512 3362 domino

247 3425 303 3468 suo
334 3409 478 3481 naturali,
509 3409 672 3468 Ladizlaus
702 3411 741 3468 de
772 3412 936 3484 Lossonch‚
960 3415 1046 3484 regni
1069 3410 1232 3470 Sclnuonie
1255 3413 1361 3482 banus,
1386 3411 1512 3468 domino

247 3531 303 3574 suo
334 3515 506 3573 reverendo
537 3515 677 3574 debitum
710 3517 895 3576 famulatum
925 3533 996 3576 cum
1028 3524 1178 3592 perpetua
1213 3517 1370 3575 fidelitate.
1402 3517 1512 3574 Vestra

249 3623 370 3680 noven't
401 3622 559 3695 celsitud0,
591 3623 710 3681 litteras
740 3631 859 3682 vestras
889 3629 1037 3698 patentes,
1070 3625 1237 3697 sigilloque
1268 3628 1373 3680 vestro
1395 3629 1512 3680 secreto

246 3729 449 3800 consignatas,
485 3729 709 3802 recepissemus
743 3729 773 3787 in
808 3731 865 3788 hec
899 3731 1010 3788 verba:
1034 3725 1108 3809 (vid.
1139 3747 1182 3788 nr.
1216 3744 1286 3803 333.
1318 3745 1397 3788 anno
1421 3729 1512 3804 1389,

248 3849 296 3907 31.
326 3827 478 3912 januarii.)
509 3834 572 3892 Nos
602 3835 697 3907 igitur
720 3837 832 3894 vestris
855 3836 1010 3894 mandatis
1034 3835 1220 3908 obedientes,
1244 3841 1278 3894 ut
1301 3842 1450 3906 tenemur,
1473 3835 1512 3892 ad

247 3945 387 3998 contenta
415 3939 590 3998 litterarum
620 3947 795 3999 vestrarum
817 3949 919 4001 vestre
942 3943 1117 4001 celsitudini
1140 3943 1244 4000 taliter
1281 3941 1512 4017 respondemus,

248 4045 330 4118 quod
355 4061 426 4104 cum
449 4047 570 4104 nobiles
594 4048 681 4120 regni
705 4047 867 4106 Sclavonie
892 4050 977 4107 iuxta
998 4055 1135 4108 vestrum
1152 4050 1370 4107 litteratorium
1386 4047 1512 4106 manda·

246 4157 313 4208 tum
343 4152 375 4209 in
398 4151 586 4224 quibusdam
617 4155 727 4211 vestris
750 4156 888 4213 serviciis
912 4156 1080 4227 tractaturi,
1104 4156 1134 4213 in
1164 4155 1243 4213 festo
1266 4155 1512 4213 annunciacionis

247 4257 335 4314 beate
370 4257 499 4330 virginis
534 4260 678 4332 proxime
712 4261 860 4333 preterito
893 4263 924 4319 in
948 4261 1082 4319 Crisium
1107 4262 1137 4319 in
1161 4277 1256 4318 unum
1291 4261 1512 4330 convenissent,

247 4363 371 4420 tandem
403 4364 504 4436 primo
536 4365 577 4422 ab
608 4365 724 4423 eisdem
755 4367 922 4439 nobilibus,
947 4366 1074 4424 demum
1104 4382 1178 4425 vero
1201 4367 1242 4424 ab
1265 4366 1334 4423 aliis
1357 4382 1375 4423 a
1398 4367 1512 4439 quibus

247 4469 357 4527 decens
380 4475 410 4528 et
433 4477 622 4543 oportunum
653 4471 747 4530 fuerit
774 4473 880 4546 palam
908 4479 937 4530 et
960 4474 1079 4530 occulte
1102 4472 1267 4545 diligenter
1299 4471 1513 4544 investigando

246 4576 350 4633 taliter
378 4577 562 4635 rescivimus
590 4583 620 4634 et
651 4579 711 4652 ipsi
742 4579 863 4636 nobiles
886 4580 1023 4636 unanimi
1047 4585 1077 4636 et
1100 4581 1169 4653 pari
1192 4595 1268 4636 voce
1291 4585 1362 4636 suut
1384 4579 1512 4650 atestati,

246 4682 331 4755 quod
354 4699 411 4756 per
435 4687 534 4740 totum
558 4698 689 4756 regnum
716 4683 879 4742 Sclauonie
910 4685 947 4743 de
971 4685 1091 4743 decima
1113 4687 1211 4759 ipsius
1234 4685 1352 4743 domini
1375 4685 1513 4760 episcopi

246 4788 454 4860 zagrabiensis
478 4793 541 4845 tam
565 4788 603 4846 de
626 4790 706 4846 vinis
730 4790 885 4862 quamde
910 4790 1051 4863 frugibus
1074 4792 1228 4849 sedecima
1251 4807 1323 4865 pars
1348 4791 1444 4864 ipsius
1461 4789 1513 4847 de-

246 4894 326 4952 cime
350 4886 508 4972 (exigi)tur
538 4911 594 4969 per
623 4897 679 4953 hos
703 4897 734 4953 in
758 4912 891 4969 quorum
915 4898 1069 4955 territorio
1091 4913 1144 4954 seu
1167 4897 1280 4954 tenutis
1303 4898 1368 4970 ipsa
1393 4896 1513 4954 decima

246 5000 403 5074 recipitur,
427 5000 532 5074 sicque
554 5017 593 5058 ex
616 5001 835 5059 consvetudine
855 5003 896 5059 ab
926 5003 1053 5075 antiquo
1076 5004 1249 5077 approbata
1272 5003 1425 5060 sedecima
1440 5017 1513 5075 pars
