3600 5804
796 508 868 564 Doc.
894 519 959 582 191.
987 540 1024 549 -
1049 507 1105 564 An.
1130 521 1217 584 1343.

1074 615 1158 620 ---—
1181 615 1204 620 —
1210 611 1638 620 —ffl-——ffl—

967 719 1046 786 191.

479 863 555 910 Anno
577 869 651 922 1343,
669 861 693 910 8.
712 859 835 926 Augusti.
856 858 944 908 Crisii.

409 990 550 1048 Ntcolom
571 987 663 1045 botrus
685 989 770 1044 totius
794 985 951 1045 Slooonioc
974 987 1005 1046 in
1026 988 1160 1061 generali
1180 989 1265 1061 regni
1285 988 1503 1061 congregatione
1527 986 1617 1043 Crisii

524 1095 665 1152 celebrata
687 1094 799 1150 modum
823 1095 956 1168 exigendi
976 1096 1146 1152 tricesimam
1169 1095 1325 1166 regritolcm
1340 1094 1490 1168 praefigit.

462 1239 526 1296 Nos
548 1238 694 1296 Nicolaus
718 1239 816 1296 banus
840 1239 937 1296 tocius
960 1237 1129 1297 Sclauonie.
1155 1240 1304 1296 Memorie
1324 1237 1581 1296 commendantes
1601 1243 1641 1293 te·

376 1361 449 1403 nore
473 1345 665 1420 presencium
698 1343 916 1416 significamus,
948 1345 1063 1417 quibus
1094 1344 1219 1418 expedit
1250 1345 1418 1402 universis:
1452 1343 1545 1416 quod,
1571 1357 1641 1399 cum

375 1467 455 1508 anno
479 1449 596 1508 domini
620 1449 786 1508 MCCCXL
810 1451 912 1522 terci0,
943 1451 973 1508 in
1005 1450 1168 1523 quindenis
1200 1451 1283 1507 'beati
1306 1450 1414 1531 Jacobi
1442 1448 1587 1522 apostoli,
1611 1449 1640 1504 in

375 1557 475 1614 Crisio
499 1555 691 1614 universitati
714 1556 868 1613 nobilium
892 1557 979 1629 regni
1002 1553 1165 1614 Sclauonie
1188 1556 1464 1629 congregacionem
1488 1556 1639 1613 celebras·

376 1677 480 1719 semus
502 1661 689 1734 generalem,
720 1662 750 1718 in
782 1660 891 1718 eadem
919 1667 1024 1719 nostra
1054 1662 1295 1734 congregacione
1323 1660 1499 1735 Stephanus
1522 1665 1553 1716 et
1577 1661 1639 1730 lly-

376 1767 466 1839 kycb,
490 1766 620 1824 condam
644 1766 761 1824 iudices
791 1766 830 1824 de
860 1767 984 1824 civitate
1015 1767 1169 1838 Grecensi,
1198 1767 1403 1840 personaliter
1426 1765 1639 1838 consurgendo

376 1873 414 1930 ad
441 1879 581 1931 nostrum
604 1872 750 1930 adeuntes
773 1879 981 1948 conspectum,
1014 1871 1219 1930 exhibuerunt
1249 1873 1339 1930 nobis
1369 1873 1488 1930 litteras
1513 1874 1639 1929 bonora-

378 1979 450 2038 bilis
473 1980 601 2053 capituli
633 1980 839 2052 zagrabiensis
870 1979 1006 2051 ecclesie,
1030 1985 1178 2053 patentes,
1208 1985 1238 2036 et
1269 1979 1345 2036 alias
1374 1978 1493 2036 domini
1517 1978 1639 2050 Duymi,

376 2086 499 2143 comitis
521 2085 627 2158 Vegle,
651 2085 796 2142 Modruse
820 2091 851 2142 et
874 2085 997 2158 Pasage,
1020 2086 1164 2144 similiter
1186 2091 1333 2158 patentes,
1359 2101 1454 2158 super
1477 2086 1637 2142 exaccione

376 2192 601 2249 tricesimarum
625 2191 750 2248 domine
775 2191 880 2264 regine
911 2207 968 2265 per
999 2190 1129 2248 eandem
1160 2190 1285 2248 domine
1311 2191 1417 2263 regine
1440 2191 1638 2248 clemenciam

376 2298 465 2356 nobis
496 2297 608 2354 rescire
638 2297 669 2354 in
700 2313 755 2354 suo
787 2297 915 2354 transitu
946 2298 1029 2354 ultra
1060 2303 1163 2370 partes
1199 2296 1371 2353 maritimas
1399 2295 1526 2353 adeunti
1557 2309 1637 2352 com·

376 2405 550 2476 missarum,
575 2404 688 2460 tenoris
715 2402 913 2478 infrascripti,
937 2409 1075 2478 petentes
1097 2404 1196 2460 verbo
1220 2404 1348 2476 proprio
1372 2410 1402 2461 et
1425 2403 1636 2460 universorum

376 2510 491 2568 civium
515 2509 554 2566 de
577 2509 700 2566 civitate
724 2508 862 2582 predicta
878 2507 1032 2580 Grecensi,
1055 2515 1090 2566 ut
1113 2509 1295 2566 earumdem
1318 2515 1457 2567 tenorem
1481 2509 1521 2566 de
1543 2507 1636 2564 verbo

376 2616 415 2673 ad
439 2617 572 2674 verbum
596 2616 790 2690 presentibus
821 2616 1051 2688 transsumpmi,
1077 2621 1107 2674 et
1136 2616 1175 2673 ad
1206 2617 1356 2673 maiorem
1388 2617 1540 2672 cautelam
1566 2614 1637 2672 iuris

376 2723 494 2781 iusticie
511 2723 658 2796 ipsorum,
676 2723 773 2779 eciam
790 2723 830 2780 ab
846 2723 998 2780 universis
1020 2722 1179 2780 nobilibus
1196 2728 1226 2779 et
1241 2694 1431 2794 ignobilibus
1455 2723 1542 2794 regni
1557 2719 1635 2779 Scla-

376 2828 475 2899 uonie,
500 2829 583 2885 iuxta
607 2835 745 2886 tenorem
766 2827 947 2885 earumdem
971 2829 1145 2886 litterarum
1172 2827 1319 2884 sciscitari
1343 2827 1507 2885 veritatem
1537 2826 1636 2899 digna-

376 2949 490 2992 remur.
517 2934 612 2992 Cuius
649 2934 775 3008 quidem
805 2935 937 3009 patentis
971 2935 1072 2991 littere
1108 2935 1237 3008 capituli
1271 2934 1478 3006 zagrabiensis
1508 2933 1635 2992 ecclesie.

377 3048 465 3098 tenor
489 3041 558 3098 talis
581 3047 643 3099 est:
667 3035 751 3118 (vide
774 3059 819 3100 nr.
847 3057 916 3117 190,
939 3057 1019 3099 anno
1048 3056 1137 3116 1343.
1162 3041 1212 3098 die
1238 3057 1262 3098 a.
1297 3035 1449 3116 Augusti.)
1481 3041 1636 3112 Tenorque

377 3148 551 3205 litterarum
576 3147 707 3222 predicti
731 3148 852 3206 comitis
875 3147 1000 3220 Duymi,
1017 3147 1089 3204 talis
1106 3151 1165 3205 est:
1187 3143 1272 3225 (vide
1294 3164 1338 3205 nr.
1359 3147 1428 3222 189,
1445 3164 1524 3205 anno
1551 3159 1634 3220 1343,

377 3253 427 3311 die
451 3268 478 3328 ·4.
502 3247 597 3334 Julii).
621 3253 685 3310 Nos
708 3254 811 3326 itaque
836 3253 988 3327 perceptis
1011 3254 1170 3310 tenoribus
1201 3255 1445 3328 prescriptarum
1470 3254 1635 3311 litterarum

378 3357 533 3416 dictorum
557 3358 685 3431 capituli
709 3365 738 3415 et
761 3359 882 3416 comitis
906 3358 1031 3430 Duymi,
1063 3375 1136 3416 cnm
1165 3361 1205 3416 ab
1237 3359 1354 3417 eisdem
1381 3359 1533 3416 universis
1554 3357 1635 3416 nobi·

378 3466 461 3522 libus
483 3466 571 3538 regni
593 3463 755 3523 Sclauonie
789 3465 951 3522 nobiscum
975 3465 1006 3522 in
1029 3471 1134 3522 nostra
1154 3466 1395 3538 congregacione
1415 3465 1635 3531 adherentibus,

378 3579 412 3628 ut
434 3571 532 3628 eciam
554 3587 592 3628 ex
615 3572 746 3643 reginali
770 3572 957 3644 benignitate
980 3571 1070 3628 nobis
1094 3572 1265 3629 iniunctum
1282 3572 1432 3642 extiterat,
1456 3570 1494 3628 de
1512 3570 1635 3645 premis·

378 3693 484 3735 sarum
506 3677 733 3734 tricesimarum
766 3677 928 3734 exaccione
959 3677 1085 3734 uberius
1116 3683 1146 3734 et
1177 3677 1309 3734 lucidius
1332 3677 1538 3734 voluissemus
1561 3675 1634 3733 veri·

380 3789 473 3841 tatem
497 3782 643 3856 indagare
666 3789 695 3840 et
719 3785 760 3840 ab
783 3784 859 3856 ipsis
883 3783 1138 3856 quesivissemus;
1166 3781 1291 3840 tandem
1314 3783 1409 3841 iidem
1433 3783 1552 3840 nobiles
1575 3782 1634 3838 uni·

379 3890 542 3946 versaliter
564 3889 785 3961 consurgendo,
817 3889 895 3945 inter
918 3904 950 3944 se
974 3893 1096 3946 matura
1116 3887 1343 3946 deliberacione
1374 3887 1543 3961 prehabita,
1568 3902 1633 3944 una·

379 3995 503 4052 nimiter
526 4001 555 4052 et
577 3996 608 4052 in
641 4010 700 4051 una
732 4009 806 4052 voce
839 3993 936 4051 dictas
967 3994 1137 4051 tricesimas
1168 3995 1253 4051 iuxta
1285 3993 1419 4051 formam
1452 4000 1482 4051 et
1504 4000 1634 4051 tenorem

380 4102 442 4158 iam
465 4099 618 4158 dictarum
649 4101 823 4158 litterarum
854 4099 982 4174 capituli
1013 4106 1043 4156 et
1073 4101 1195 4158 comitis
1226 4100 1351 4171 Duymi,
1380 4101 1421 4157 ab
1444 4115 1480 4157 eo
1502 4107 1634 4171 tempore

378 4207 465 4264 cuius
488 4206 639 4264 memoria
661 4206 714 4263 vix
738 4206 889 4276 existeret,
913 4205 1036 4277 exigere
1067 4207 1202 4264 extitisse
1226 4209 1415 4276 consvetum,
1439 4203 1633 4262 affirmarunt.

379 4311 468 4371 Unde
491 4327 547 4370 nos
570 4311 682 4369 auditis
717 4313 875 4370 tenoribus
898 4317 962 4370 tam
994 4313 1237 4387 prescriptamm
1269 4313 1454 4384 litterarum,
1478 4327 1569 4385 quam
1590 4325 1634 4366 re·

380 4419 553 4476 lacionibus
576 4419 792 4476 universorum
816 4419 969 4476 nobilium
993 4419 1080 4491 regni
1103 4417 1273 4488 Sclauonie,
1297 4417 1452 4491 predictas
1474 4417 1634 4474 tricesimas

380 4539 434 4581 seu
458 4525 609 4581 tributum
634 4524 828 4595 tricesimale,
849 4523 958 4580 eodem
983 4523 1122 4580 modoet
1138 4524 1197 4580 sub
1213 4523 1322 4580 eadem
1339 4521 1449 4594 forma,
1467 4529 1499 4579 ut
1522 4530 1634 4579 tenores

379 4631 443 4688 iam
467 4636 708 4687 memoratarum
741 4630 915 4687 litterarum
945 4630 1072 4703 capituli
1103 4635 1134 4687 et
1162 4630 1283 4686 comitis
1315 4629 1432 4701 Duymi
1462 4628 1561 4686 lucide
1588 4643 1635 4683 ex·

380 4737 568 4810 primuntur,
599 4737 779 4793 auctoritate
809 4736 905 4793 nostri
937 4737 1068 4794 banatus
1099 4741 1129 4793 et
1159 4737 1255 4794 eciam
1288 4736 1417 4808 reginali
1442 4734 1635 4794 sublimitatis

380 4842 548 4900 clemencia
578 4841 668 4898 nobis
699 4856 849 4911 concessa,
881 4847 1032 4914 perpetuo
1063 4843 1185 4914 exigere
1217 4843 1447 4913 committimus,
1468 4849 1498 4898 et
1527 4839 1634 4898 eisdem

380 4949 501 5005 civibus
524 4955 554 5004 et
586 4948 655 5004 aliis
686 4947 821 5004 cuiusvis
853 4954 948 5004 status
979 4949 1157 5005 hominibus
1189 4949 1227 5006 de
1258 4964 1353 5022 regno
1380 4949 1549 5016 Sclauonie,
1572 4961 1635 5020 pre-
