3728 5806
561 543 635 600 Doc.
658 537 729 618 283.
753 536 827 618 284.
855 573 892 582 -
917 535 1088 616 An.1378.

189 740 243 798 vel
267 739 345 797 duos
368 755 406 796 ex
430 740 522 797 vobis
544 740 769 810 transmittatis,
794 739 847 812 qui
870 739 911 796 ab
931 739 1076 796 omnibus
1100 738 1213 812 quibus
1230 737 1317 796 decet
1333 745 1362 795 et
1379 737 1459 808 licet,

189 845 355 917 diligenter
378 845 416 903 de
439 846 600 918 premissis
631 845 854 918 investigando,
886 845 982 902 sciant
1014 851 1043 900 et
1066 845 1223 916 inquirant
1246 843 1459 900 omnimodam

189 952 363 1022 veritatem,
395 957 424 1008 et
455 957 527 1026 post
559 952 615 1008 hec
638 957 733 1024 prout
754 951 845 1008 vobis
868 951 978 1008 exinde
1003 951 1117 1007 veritas
1140 951 1310 1007 constiterit
1333 948 1460 1006 domino

188 1063 295 1115 nostro
319 1059 385 1130 regi
408 1057 543 1116 fideliter
566 1057 751 1114 rescribatis.
775 1057 891 1114 Datum
915 1056 1073 1128 Zagrabie‚
1096 1055 1172 1112 feria
1188 1061 1298 1128 quarta
1316 1056 1459 1129 proxima

188 1169 259 1220 ante
283 1162 397 1220 festum
421 1164 511 1220 beate
533 1163 627 1220 Elene
649 1164 763 1235 regine.
788 1164 877 1220 Anno
900 1162 1018 1219 domini
1044 1160 1238 1218 MCCCLXX
1262 1167 1379 1218 octavo

279 1298 301 1347 E
320 1298 418 1348 litteris
439 1298 616 1362 inquisitoriis
636 1297 709 1347 Petri
729 1299 845 1364 Chyrlre,
864 1303 893 1346 ut
912 1296 989 1346 infra.

789 1547 876 1613 283.

297 1692 374 1740 Anno
396 1691 469 1748 1378,
491 1699 511 1738 l.
531 1689 612 1756 Junii.
632 1688 721 1740 Crisii.

218 1818 315 1876 Comes
341 1819 484 1875 m'siensrs
519 1837 553 1874 ac
586 1819 691 1876 iudices
724 1819 862 1875 nobilium
888 1825 1012 1892 peracta
1046 1818 1228 1890 inquisitione
1260 1817 1294 1874 de
1322 1818 1446 1892 nefariis

328 1926 437 1983 actibus
459 1925 584 1982 Domnii
604 1926 740 2000 officialis
763 1927 890 1998 capimli,
913 1926 988 1982 bano
1012 1923 1169 1989 Slavoniae
1191 1925 1328 1999 referunt.

279 2071 549 2128 Excellentissimo
579 2070 706 2128 domino
729 2086 837 2127 eorum
864 2069 1030 2137 lodouicO,
1053 2067 1102 2124 dei
1126 2069 1230 2142 gracia
1257 2069 1363 2125 inclito
1396 2069 1461 2140 regi

189 2177 358 2248 Hungarie,
390 2177 518 2234 domino
547 2177 687 2250 ipsorum
719 2177 861 2246 naturali,
892 2176 1040 2247 magister
1070 2174 1177 2230 Petrus
1208 2173 1331 2242 Chirlre‚
1355 2190 1458 2231 comes

189 2283 345 2340 crisiensis
385 2291 414 2340 et
444 2283 560 2341 iudices
584 2284 737 2340 nobilium
769 2281 907 2339 eiusdem
932 2281 1103 2340 comitatus.
1132 2281 1363 2336 inclinacionem
1389 2295 1459 2336 cum

190 2393 342 2461 perpetua
366 2387 523 2445 fidelitate.
548 2388 676 2445 Noverit
698 2387 850 2444 celsitudo
873 2394 984 2454 vestra,
1009 2401 1064 2442 nos
1086 2385 1237 2458 recepisse
1261 2386 1379 2442 litteras
1395 2401 1460 2442 ma·

190 2493 297 2566 gnifici
328 2495 388 2551 viri
420 2495 538 2551 domini
571 2494 651 2551 Petri
675 2493 784 2560 Zudar,
816 2493 901 2564 regni
925 2491 1088 2549 Sclauonie
1111 2492 1193 2560 bani,
1217 2491 1297 2548 hunc
1322 2497 1459 2550 tenorem

191 2602 395 2657 continentes:
419 2593 493 2678 (vid.
517 2617 560 2657 nr.
588 2599 657 2657 282.
681 2615 760 2656 anno
788 2599 879 2671 1378,
913 2615 958 2673 ¹9-
991 2590 1073 2672 mai.)
1105 2597 1168 2654 Nos
1204 2598 1307 2670 itaque
1335 2598 1460 2670 peticio·

189 2706 283 2762 nibus
314 2707 412 2780 ipsius
443 2705 560 2763 domini
594 2707 666 2763 bani
696 2711 872 2774 annuentes
905 2704 1076 2774 Nicolaum,
1108 2703 1210 2760 filium
1242 2705 1397 2762 Dominici
1431 2711 1459 2762 et

192 2811 328 2884 Petrum,
351 2812 454 2868 filium
481 2811 607 2883 Nicolai,
631 2811 709 2868 duos
732 2828 769 2868 ex
792 2811 883 2868 nobis
907 2811 1060 2868 iudicibus
1083 2809 1236 2867 nobilium
1253 2810 1291 2867 ad
1309 2811 1460 2884 premissa

192 2917 368 2990 indaganda
392 2934 449 2991 pro
474 2919 648 2976 testimonio
673 2918 819 2974 duximus
841 2917 1101 2987 transmittendos
1126 2918 1179 2989 qui
1201 2917 1327 2974 demum
1349 2917 1460 2975 exinde

192 3024 229 3081 ad
254 3040 311 3082 nos
334 3026 452 3082 reversi
475 3026 566 3082 nobis
590 3023 785 3082 uniformiter
813 3029 842 3080 et
866 3023 1058 3080 concorditer
1081 3023 1261 3093 retulerunt,
1293 3023 1376 3096 quod
1401 3024 1460 3098 ipsi

192 3130 324 3188 sabbato
350 3131 493 3204 proximo
517 3135 587 3204 post
611 3129 724 3187 festum
746 3129 931 3186 ascensionis
958 3128 1085 3198 domini,
1115 3145 1194 3185 nunc
1227 3129 1368 3202 proxime
1391 3145 1460 3202 pre·

192 3239 327 3308 teritum,
351 3238 381 3295 in
397 3239 535 3311 capitulo
552 3237 741 3310 zagrabiensi
758 3237 834 3294 etin
852 3252 963 3310 campo
979 3235 1116 3292 eiusdem
1134 3234 1337 3309 procedendo
1355 3237 1459 3310 palam

193 3349 223 3400 et
245 3344 348 3400 oculte
364 3345 405 3400 ab
421 3343 567 3401 omnibus
582 3343 741 3400 nobilibus
759 3349 789 3398 et
805 3342 1004 3413 ignobilibus,
1021 3341 1141 3398 clericis
1157 3348 1186 3398 et
1203 3342 1297 3411 laicis,
1313 3357 1331 3398 a
1347 3343 1460 3414 quibus

193 3448 344 3506 decuisset
377 3456 406 3506 et
438 3451 573 3506 licuisset
604 3449 642 3506 de
673 3431 832 3522 premissis
863 3447 1076 3505 omnimodam
1105 3447 1265 3504 scivissent
1288 3449 1459 3522 veritatem,

193 3560 285 3628 prout
308 3556 403 3612 series
427 3571 483 3628 per
506 3555 609 3612 omnia
633 3555 807 3611 litterarum
841 3553 915 3611 dicti
939 3552 1057 3610 domini
1091 3554 1164 3610 bani
1195 3553 1367 3610 continetur
1390 3569 1459 3626 pre·

193 3659 354 3718 dictarum.
379 3661 494 3718 Datum
518 3660 617 3730 Crisii‚
642 3659 718 3717 feria
742 3661 836 3716 tercia
861 3660 1004 3732 proxima
1021 3665 1090 3716 ante
1108 3657 1220 3716 festum
1239 3659 1459 3716 Penthecostes.

192 3768 283 3824 Anno
307 3766 455 3836 eiusdem,
479 3767 620 3840 superius
644 3771 796 3823 annotato

282 3900 424 3966 Originale
443 3900 470 3950 in
495 3901 592 3952 charta.
613 3901 643 3950 In
662 3901 761 3951 archiv.
781 3901 861 3950 Acad.
882 3901 977 3951 Scient.
997 3902 1066 3951 Slav.
1086 3899 1178 3949 merid.

784 4151 873 4216 284.

298 4295 376 4342 Anno
398 4294 472 4352 1378,
491 4295 532 4343 26.
551 4291 631 4359 Junii.
652 4293 805 4358 Zagrabiae.

236 4402 402 4462 Ludovicus
423 4404 600 4478 Hungariae
623 4412 669 4462 etc.
694 4423 756 4474 rex,
779 4402 917 4460 cambium
940 4403 1105 4459 Heremitus
1128 4402 1203 4459 inter
1223 4409 1251 4460 et
1264 4403 1421 4476 plebanum

529 4512 744 4568 novovillanum
769 4510 944 4582 Zagrabiue‚
967 4509 1124 4583 confirmat.

281 4655 456 4714 Lodouicus
479 4655 530 4714 dei
552 4657 655 4728 gracia
686 4672 740 4712 rex
772 4655 938 4726 Hungarie,
963 4653 1098 4724 polonie,
1131 4653 1299 4724 Dalmacie‚
1323 4653 1459 4724 Croacie,

196 4760 300 4832 Rame,
325 4759 439 4832 seroie,
463 4760 603 4832 Gallicie,
630 4761 821 4830 lodornerie,
837 4759 995 4831 Cumanie,
1013 4759 1218 4832 bulgarieque
1235 4775 1298 4830 rex,
1315 4759 1459 4833 princeps

196 4865 418 4924 Sallernitanus
441 4873 470 4924 et
495 4867 636 4934 Honoris,
659 4860 719 4944 (ae)
743 4867 856 4923 montis
879 4866 975 4922 sancti
1000 4867 1112 4936 Angeli
1135 4865 1286 4922 dominus.
1307 4865 1459 4922 Omnibus

196 4971 310 5030 Christi
333 4972 480 5030 fidelibus
502 4973 699 5047 presentibus
729 4974 846 5046 pariter
876 4978 906 5028 et
936 4971 1057 5044 futuris⁷
1087 4972 1281 5046 presencium
1308 4971 1456 5028 noticiam
