3728 5806
416 555 477 614 ²40
829 539 902 597 Duc.
927 551 994 616 253.
1021 573 1058 582 -
1084 541 1140 598 An.
1166 553 1251 619 1371.

413 738 541 796 detectis
572 739 710 812 ipsorum
744 737 916 796 defectibus
946 740 1096 796 seminata
1126 755 1183 812 per
1214 755 1266 796 eos
1293 741 1515 813 extinguantur
1537 739 1677 813 pericula,

413 843 574 917 dispendia
606 849 636 900 et
665 843 810 900 scandala
841 845 951 917 procul
982 845 1139 919 pellantur
1162 853 1317 916 eventura,
1342 846 1393 916 ita,
1417 847 1503 903 utin
1527 844 1679 902 reddenda

414 951 535 1007 racione
557 964 619 1006 non
642 949 703 1006 sint
726 950 859 1022 posteris
883 950 1121 1023 quomodolibet
1144 951 1315 1025 profutura.
1333 952 1498 1009 Pensantes
1514 951 1678 1024 potissime.

413 1055 497 1128 quod
521 1055 599 1112 sicut
623 1069 776 1112 venenum
807 1055 953 1130 aspidum
986 1057 1157 1114 insanabile
1184 1056 1312 1129 quidem
1335 1062 1366 1114 et
1388 1057 1481 1114 letale
1506 1055 1680 1114 irremedia-

414 1162 519 1219 biliter
542 1161 648 1231 inficit,
672 1161 699 1218 si
721 1161 865 1218 humanis
888 1161 982 1219 fuerit
1004 1163 1150 1219 carnibus
1172 1163 1374 1236 applicatum,
1399 1163 1475 1220 haut
1497 1177 1561 1220 non
1584 1163 1681 1218 minus

413 1269 569 1324 malorum
601 1266 798 1324 fraudulenta
828 1268 970 1340 nequicia
1001 1269 1156 1326 virulenta
1185 1275 1216 1326 et
1246 1269 1340 1326 saniei
1364 1267 1506 1326 delibuta
1526 1268 1680 1336 versuciis,

414 1374 513 1446 turpis
536 1373 642 1446 utique
666 1373 741 1434 mali
765 1372 905 1430 odiosam
929 1375 1097 1447 perniciem
1122 1375 1262 1446 seminat,
1278 1376 1336 1432 nisi
1353 1379 1457 1432 nostra
1473 1373 1680 1448 providencia,

414 1481 546 1540 racionis
569 1479 673 1536 adiuta
697 1478 894 1552 fulcimentis
918 1483 1052 1554 equitate
1075 1489 1105 1538 et
1127 1481 1255 1552 iusticie,
1279 1497 1339 1554 que
1363 1483 1408 1538 uti
1431 1482 1492 1538 due
1513 1495 1637 1538 sorores
1652 1495 1682 1536 se

414 1588 545 1644 invicem
569 1585 796 1659 amplexantur,
820 1586 1021 1644 suadentibus
1044 1588 1110 1644 eius
1133 1591 1261 1644 conatus
1285 1603 1340 1644 sua
1364 1588 1550 1661 reprimeret
1571 1587 1681 1643 virtute

414 1693 558 1750 letiferos.
583 1691 616 1748 ld
641 1693 737 1750 eciam
761 1692 790 1748 in
816 1692 918 1749 cordis
941 1693 1037 1750 nostri
1061 1693 1196 1750 armario
1213 1694 1394 1750 memoriter
1409 1693 1583 1761 retinentes,
1602 1691 1681 1765 quod

414 1801 486 1873 plus
509 1797 585 1855 ledit
608 1798 745 1854 recidiva
768 1798 919 1855 cicatricis
935 1800 1050 1870 incisio,
1067 1815 1161 1871 quam
1178 1800 1317 1856 vulneris
1334 1800 1498 1873 impressio
1515 1799 1682 1872 primitiva.

415 1907 519 1963 habita
552 1906 655 1976 itaque
687 1903 922 1972 deliberacione,
955 1904 1135 1977 digestoque
1168 1911 1199 1962 et
1232 1912 1354 1963 maturo
1386 1906 1524 1973 consili0,
1552 1921 1682 1962 unacum

415 2011 550 2086 prelatis,
575 2011 745 2068 baronibus
769 2016 799 2066 et
822 2011 908 2082 regni
932 2012 1028 2068 nostri
1053 2012 1233 2084 proceribus
1257 2027 1350 2086 super
1373 2011 1543 2084 premissis,
1566 2011 1682 2068 dictum

414 2119 553 2190 sigillum
577 2115 695 2190 prefate
718 2117 845 2173 ecclesie
864 2118 1071 2188 zagrabiensis
1095 2133 1147 2174 seu
1164 2119 1301 2190 capituli.
1318 2118 1402 2190 quod
1417 2117 1491 2174 dicti
1509 2118 1679 2190 iniquitatis

414 2224 555 2297 alumpni
587 2229 616 2278 et
647 2221 834 2294 perdicionis
866 2222 932 2293 filii,
964 2221 1058 2279 modo
1089 2238 1152 2296 quo
1178 2239 1280 2297 supra,
1306 2225 1336 2280 in
1359 2239 1466 2280 eorum
1490 2223 1602 2280 salutis
1624 2223 1682 2280 dis-

415 2331 563 2404 pendium
587 2334 617 2386 et
641 2328 814 2401 periculum
838 2329 1012 2386 animarum
1045 2330 1220 2402 nequiciose
1244 2329 1446 2392 falsificarunt
1468 2335 1498 2386 et
1523 2331 1682 2392 viciarunt.

414 2454 452 2494 ne
476 2437 533 2494 sub
557 2433 665 2492 eodem
690 2434 740 2490 vel
765 2439 906 2506 pretextu
929 2435 1026 2508 ipsius
1049 2437 1156 2508 plures
1180 2435 1304 2493 fraudes
1327 2445 1357 2493 et
1381 2437 1559 2508 iniquitates
1584 2443 1682 2508 patra·

415 2551 520 2601 rentur
550 2541 700 2614 temporis
729 2540 759 2596 in
792 2556 941 2610 successu,
974 2542 1004 2598 in
1035 2542 1153 2598 curiam
1185 2549 1288 2599 nostre
1319 2542 1486 2598 maiestatis
1522 2542 1682 2615 apportari

415 2649 568 2718 facientes
598 2648 700 2721 ipsum
724 2648 852 2704 mactari
885 2648 1031 2705 iussimus
1062 2656 1093 2706 et
1115 2648 1253 2719 fecimuS,
1279 2650 1501 2722 premissamm
1527 2647 1680 2718 fraudum,

415 2761 628 2829 pretensarum
659 2759 688 2809 et
718 2752 1012 2810 nefandissimorum
1044 2754 1216 2811 facinorum
1247 2756 1355 2812 noxios
1389 2755 1517 2828 reprimi
1555 2759 1680 2811 conatus

414 2859 602 2928 anhelando;
633 2859 751 2932 quippe
786 2859 886 2931 ipsam
918 2859 1079 2916 ecclesiam
1112 2862 1340 2933 zagrabiensen,
1364 2861 1535 2934 capitulum
1561 2867 1592 2918 et
1615 2876 1681 2933 per·

414 2984 505 3026 sonas
534 2966 706 3038 singulares
737 2965 958 3022 ecclesiasticas
988 2966 1018 3023 in
1048 2967 1156 3023 eadem
1188 2967 1342 3040 degentes
1371 2967 1480 3024 fideles
1503 2967 1681 3040 capellanos

414 3081 543 3144 nostros
567 3088 699 3145 quarum
724 3087 777 3128 seu
802 3087 935 3144 quorum
960 3073 1026 3130 veri
1054 3089 1161 3130 sumus
1184 3075 1306 3147 patroni
1330 3080 1360 3130 et
1383 3079 1499 3130 tutores
1524 3073 1680 3146 speciales.

414 3180 616 3254 inquisicione
644 3177 785 3248 diligenti
817 3177 855 3234 ad
880 3179 1105 3235 removendum
1129 3179 1296 3236 dubietatis
1319 3180 1502 3253 scrupulum
1526 3187 1556 3236 et
1581 3194 1682 3252 repre·

414 3285 568 3345 hensionis
591 3291 705 3352 notam,
730 3299 790 3354 que
822 3283 897 3356 ipsis
928 3285 1088 3342 occasione
1119 3285 1296 3343 huiusmodi
1321 3292 1446 3358 possent
1470 3285 1583 3342 futuris
1608 3292 1681 3342 tem-

414 3393 543 3466 poribus
573 3407 629 3463 per
659 3389 823 3462 quospiam
853 3391 980 3446 asscribi
1016 3391 1066 3446 vel
1098 3392 1212 3464 inponi,
1238 3407 1292 3465 per
1323 3407 1379 3449 nos
1405 3391 1517 3449 iactam
1543 3391 1681 3448 innoxias

413 3498 656 3570 indempnesque
679 3495 889 3568 comperimus
911 3501 942 3552 et
965 3496 1125 3567 immunes,
1150 3498 1321 3555 luculenter
1337 3499 1366 3555 in
1384 3498 1543 3571 premissis
1559 3504 1589 3554 et
1606 3512 1681 3570 quo·

414 3606 491 3663 libet
532 3603 756 3677 premissorum
801 3602 995 3658 immunitate
1030 3607 1060 3659 et
1094 3604 1270 3662 innocencia
1308 3604 1498 3670 eorumdem,
1537 3619 1608 3676 que,
1643 3601 1679 3658 ad

414 3719 537 3784 tempus
561 3714 738 3780 contempta
761 3709 877 3765 latebat
901 3709 994 3764 velud
1018 3725 1130 3766 aurum
1154 3711 1183 3766 in
1208 3711 1274 3768 luto
1303 3711 1448 3785 positum,
1465 3709 1549 3782 quod
1565 3710 1681 3766 valoris

414 3818 460 3874 sui
484 3817 631 3873 meritum
650 3813 809 3871 radiorum
827 3814 992 3886 splendore
1008 3821 1127 3872 serenat
1146 3817 1316 3874 clarissime
1332 3822 1363 3872 et
1378 3816 1514 3872 illustrat
1531 3815 1561 3872 in
1579 3815 1679 3871 lucem

413 3921 563 3995 producta
575 3926 679 3977 nostro
696 3921 782 3992 regio
795 3921 825 3977 in
842 3925 1006 3994 conspectu
1023 3928 1053 3977 et
1068 3921 1189 3992 liquido
1201 3927 1377 3994 apparente.
1391 3921 1454 3977 Nos
1467 3935 1551 3990 vero,
1566 3927 1680 3992 quanto

412 4043 543 4100 superne
569 4027 791 4083 illustracionis
817 4027 933 4083 lumine
956 4042 1063 4083 sumus
1087 4025 1207 4083 felicius
1230 4026 1365 4084 decorati
1390 4027 1507 4096 celitus,
1527 4033 1612 4084 tanto
1629 4027 1681 4084 ho·

411 4133 479 4191 nori
502 4132 690 4204 utilitatique
707 4137 735 4188 et
752 4132 918 4190 commodo
941 4133 1021 4190 dicte
1045 4133 1172 4189 ecclesie
1194 4133 1402 4204 zagrabiensis
1424 4148 1479 4190 nos
1503 4133 1680 4206 mancipare

412 4246 442 4296 et
466 4237 631 4306 intendere,
655 4236 705 4294 dei
728 4243 758 4294 et
781 4238 946 4295 salvatoris
970 4239 1065 4295 nostri
1090 4239 1258 4296 clemencia
1281 4254 1316 4296 ac
1339 4239 1510 4296 beatissimi
1534 4238 1679 4313 Stephani

413 4346 507 4418 primi
531 4344 613 4416 regis
637 4344 868 4414 ilungarorum,
892 4343 1019 4415 domini,
1054 4345 1280 4417 predecessoris
1303 4351 1333 4402 et
1356 4346 1563 4418 progenitoris
1586 4345 1679 4402 nostri

414 4450 549 4508 almifice
572 4449 806 4520 recordacionis
831 4451 885 4523 qui
908 4451 953 4507 uti
976 4465 1046 4507 rosa
1068 4451 1149 4508 inter
1172 4451 1238 4508 lilia
1261 4451 1407 4508 rubinosa
1431 4451 1461 4508 in
1485 4451 1555 4524 ipso
1587 4465 1678 4522 regno

413 4563 527 4626 nostro,
552 4557 599 4613 cui
623 4561 750 4613 auctore
774 4557 901 4614 domino
924 4563 954 4613 et
977 4557 1074 4630 ipsius
1097 4557 1268 4630 opitulante
1291 4558 1458 4614 clemencia
1478 4557 1677 4629 presidemus,

413 4664 530 4721 meritis
554 4662 653 4734 fulget
676 4663 884 4734 sanctissimis,
908 4663 1001 4726 accio,
1025 4679 1085 4734 que
1108 4668 1212 4720 nostra
1235 4671 1280 4720 est
1303 4664 1476 4734 instrucci0,
1501 4664 1587 4734 angit
1609 4677 1676 4736 pro-

413 4770 537 4842 pensius
560 4773 589 4825 et
613 4767 738 4838 inducit,
762 4769 820 4824 sub
844 4769 930 4825 cuius
951 4769 1076 4824 nomine
1092 4769 1284 4826 sanctissimo
1300 4774 1407 4826 cuncta
1423 4784 1575 4842 prospera
1590 4768 1676 4827 nobis

414 4876 578 4932 victoriose
613 4875 877 4948 triumphantibus
907 4881 936 4930 et
966 4873 1129 4946 magnifice
1161 4875 1387 4948 imperantibus
1414 4876 1445 4932 in
1470 4877 1559 4932 terris
1582 4891 1676 4946 usque

379 5027 383 5036 .
412 4981 451 5039 ad
471 4981 526 5038 hee
550 4986 690 5054 tempora
721 4986 930 5038 successerunt
961 4987 990 5037 et
1014 4979 1180 5037 succedunt
1203 4980 1241 5038 de
1264 4981 1408 5056 presenti,
1432 4981 1581 5053 cuiusque
1604 4981 1673 5038 sub·
