3600 5804
549 557 622 612 Doc.
647 567 717 628 205.
745 587 781 596 -
808 554 863 610 An.
885 548 975 629 1346.
1342 555 1398 622 185

149 756 214 822 tari;
230 755 403 826 litterasque
420 754 701 826 protestacionales‚
720 753 941 826 prohibitorias
957 758 987 809 et
1002 753 1079 809 alias
1095 752 1257 824 quaslibet,
1275 768 1335 824 que
1347 753 1402 809 ali-

149 861 223 917 cuius
238 859 425 917 efficacitatis
442 859 620 917 viderentur
636 860 687 916 vel
703 859 853 916 momenti
869 858 950 915 lacto
966 858 997 915 in
1010 858 1170 931 premisso,
1183 857 1278 914 iidem
1290 873 1400 930 procu·

148 977 252 1023 ratores
274 965 400 1038 capituli
424 966 551 1023 ecclesie
574 965 782 1036 zagrabiensis
806 980 862 1037 per
885 965 989 1037 ipsum
1010 963 1170 1020 dominum
1187 963 1400 1032 Laurencium,

149 1073 186 1130 uti
197 1086 248 1128 suo
259 1071 458 1128 incumbisset
474 1070 587 1142 officio,
601 1071 680 1128 trina
692 1071 759 1128 vice
774 1071 915 1143 requisiti
927 1071 1137 1143 nequivissent
1150 1085 1205 1126 nec
1217 1070 1400 1143 assumpsis-

148 1185 205 1236 sent
219 1178 367 1236 exhibere.
389 1177 487 1249 Igitur
506 1179 573 1250 ipse
597 1177 741 1236 dominus
764 1177 951 1234 Laurencius
975 1177 1225 1234 thavemicorum
1248 1177 1400 1249 regalium

149 1285 280 1356 magister
292 1299 424 1340 unacum
439 1283 610 1341 venerabili
623 1284 653 1340 in
667 1282 789 1340 Christo
802 1289 891 1356 patre
906 1282 1032 1339 domino
1047 1282 1146 1353 Petr0‚
1165 1281 1214 1339 dei
1230 1288 1260 1339 et
1277 1289 1399 1354 aposto·

149 1390 199 1446 lica
212 1389 311 1462 gracia
327 1390 474 1463 episcopo
490 1389 671 1458 sirimiensi;
687 1389 762 1445 item
778 1388 951 1460 magnificis
966 1388 1050 1460 viris,
1066 1387 1192 1445 domino
1206 1387 1332 1445 Nicolao
1346 1403 1398 1462 pa-

147 1495 232 1552 latino
253 1501 283 1552 et
309 1495 410 1553 iudice
442 1495 660 1566 Comanorum‚
694 1494 814 1552 Thoma
846 1493 977 1552 condam
1007 1494 1170 1566 waywoda
1199 1495 1398 1555 transilvano.

146 1601 231 1658 Paulo
253 1602 401 1674 magistro
425 1601 676 1659 thavernieorum
699 1601 895 1672 reginarium,
918 1601 988 1658 aliis
1012 1602 1109 1658 eclam
1132 1602 1218 1674 regni
1236 1602 1399 1658 comitatus

146 1709 306 1766 tenentibus
341 1713 371 1765 et
406 1709 547 1779 honores
589 1723 707 1766 necnon
745 1708 903 1780 magistris
940 1709 1190 1782 prothonotariis,
1229 1708 1399 1782 ceterisque

145 1814 270 1872 eiusdem
300 1815 386 1885 regni
417 1813 578 1871 nobilibus
605 1829 709 1871 secum
741 1819 812 1872 tunc
835 1815 866 1872 in
898 1813 1010 1873 iudicio
1035 1814 1279 1886 consedentibus
1303 1814 1399 1872 dictas

146 1921 340 1992 possessiones
362 1919 509 1992 Kobylya
532 1925 562 1977 et
584 1919 755 1992 Swyblyan
779 1926 912 1991 vocatas,
948 1921 1006 1977 sub
1030 1920 1146 1977 eisdem
1171 1921 1261 1977 metis
1285 1921 1399 1994 quibus

147 2026 180 2083 ab
199 2027 271 2082 olim
294 2026 354 2099 ipsi
383 2027 467 2084 cives
498 2025 623 2084 easdem
654 2026 861 2100 possedissent
884 2026 922 2083 de
947 2026 1138 2099 plenitudine
1161 2042 1215 2084 sue
1238 2027 1398 2085 iudiciarle

147 2135 293 2204 potestatis
331 2132 536 2190 adiudicendo
567 2133 790 2207 prenominatis
821 2133 941 2190 civibus
968 2141 998 2190 et
1029 2133 1205 2206 hospitibus
1236 2133 1274 2190 de
1302 2132 1399 2192 Grecz

147 2239 308 2311 reliquisset
339 2245 492 2312 perpetuo
519 2239 684 2313 possidere,
716 2245 819 2296 tenere
850 2243 880 2296 et
910 2239 1034 2310 habere,
1066 2239 1151 2312 regio
1182 2240 1305 2297 nomine
1335 2255 1398 2297 me·

147 2345 256 2415 diante;
279 2344 459 2418 dictumque
482 2346 654 2419 capitulum
677 2346 805 2402 ecclesie
828 2345 1042 2417 zagrabiensis
1067 2344 1150 2418 quod
1175 2346 1205 2402 in
1229 2345 1399 2403 statucione

147 2451 270 2524 predicte
300 2452 503 2524 possessionis
533 2451 679 2522 Kohylya
709 2452 768 2508 sub
798 2451 974 2508 testimonio
1005 2467 1061 2508 suo
1095 2451 1185 2509 dictis
1217 2451 1337 2508 civibus
1367 2451 1398 2508 in

147 2557 356 2631 concordiaque
380 2573 474 2632 super
505 2558 594 2616 dictis
627 2558 873 2632 possessionibus
904 2558 1049 2630 Kobylya
1072 2563 1102 2615 et
1125 2557 1297 2630 Zwyblyan
1321 2558 1400 2615 inter

147 2665 219 2736 ipsos
249 2664 331 2721 cives
362 2665 403 2722 ab
434 2680 494 2722 una
526 2680 561 2722 ac
593 2663 744 2737 quosdam
778 2664 934 2720 llatheum
969 2669 999 2720 et
1032 2663 1210 2721 Farcasium
1237 2669 1325 2738 parte
1359 2665 1400 2721 ab

147 2770 241 2842 altera,
271 2787 375 2828 coram
407 2772 470 2827 iam
501 2770 583 2829 dicto
624 2770 830 2841 zagrabiensis
860 2770 988 2826 ecclesie
1018 2771 1154 2844 capitulo
1190 2769 1400 2827 mediantibus

146 2877 270 2935 eiusdem
294 2877 405 2935 litteris
434 2877 522 2948 lacta,
546 2877 634 2934 nulla
657 2877 794 2934 eiusdem
822 2876 951 2948 capituli
974 2876 1121 2933 obviante
1147 2875 1399 2948 contradiccione‚

146 2997 314 3041 consensum
336 2984 499 3057 prebuisse
520 2990 551 3041 et
574 2999 746 3053 assensum;
780 2984 882 3056 ipsum
907 2983 1004 3050 eciam
1028 2983 1209 3055 capitulum,
1234 2983 1332 3040 veluti
1355 2984 1400 3040 rei

146 3103 278 3147 consense
300 3097 329 3147 et
352 3089 495 3161 admisse,
519 3095 710 3164 propterque
730 3089 970 3147 taciturnitatem
993 3096 1023 3146 et
1045 3093 1225 3162 temporum
1248 3089 1400 3147 diuturni-

146 3202 231 3251 tatem
253 3197 367 3253 eisdem
391 3197 566 3269 hospitibus
589 3197 674 3253 iuxta
698 3195 936 3269 prescripcionis
960 3195 1096 3252 sormam
1120 3201 1310 3270 perpetuam,
1334 3212 1399 3254 sus·

146 3300 304 3374 citatorem,
325 3303 356 3360 in
391 3301 472 3359 facto
503 3303 657 3360 calumnie
688 3303 803 3376 pariter
826 3317 897 3358 cum
922 3301 1069 3375 predictis
1100 3303 1222 3376 prelato
1252 3317 1288 3360 ac
1311 3303 1400 3360 baro·

145 3406 228 3463 nibus
250 3415 278 3465 et
300 3409 386 3482 regni
421 3409 580 3466 nobilibus
611 3409 815 3466 commisisset
838 3407 904 3465 fore
935 3409 1110 3465 convictum
1133 3413 1240 3466 contra
1262 3410 1400 3483 hospites

147 3510 183 3568 de
203 3511 292 3571 Greez
315 3521 500 3588 prenotatos

226 3647 427 3716 Transumptum
446 3651 473 3700 in
493 3652 644 3702 membrana
663 3667 677 3702 a
698 3652 815 3717 capitulo
835 3650 959 3701 casmensi
979 3665 1046 3701 anno
1069 3661 1141 3714 1490.
1161 3651 1192 3702 ln
1215 3651 1323 3702 archivo
1342 3667 1398 3701 ven.

148 3736 248 3800 capituli
268 3740 371 3805 zagrab.
391 3739 452 3790 fasc.
472 3751 495 3789 2.
516 3755 554 3790 nr.
576 3741 615 3799 38.

719 3974 808 4040 205.

241 4117 315 4163 huno
338 4115 411 4174 1346,
432 4123 472 4173 3ο.
492 4114 566 4180 Julii.
586 4115 739 4180 Zagrabiae.

148 4237 298 4299 ludovicus
321 4242 498 4316 Hungariae
521 4251 567 4300 etc.
592 4262 645 4299 rex
667 4247 832 4301 sententiam
856 4245 1011 4302 churcntti'
1032 4247 1170 4318 iivagistri
1183 4248 1398 4303 titvarnicorum

147 4343 175 4400 dc
187 4349 406 4418 possessionibus
429 4349 548 4424 lt'obilja
563 4357 592 4406 et
606 4349 740 4425 Svibljcm
757 4353 787 4408 in
808 4353 945 4426 favorem
960 4354 1085 4410 civitatis
1114 4351 1284 4411 Grecltensis
1300 4353 1399 4422 latoni,

690 4457 847 4531 confirmat.

225 4597 285 4654 Nos
308 4597 481 4656 Lodouicus
505 4599 554 4656 dei
578 4600 682 4671 gracia
705 4617 758 4658 rex
783 4601 947 4673 Hungarie.
972 4600 1188 4673 Significamus
1205 4603 1398 4675 presencium

147 4717 195 4774 per
217 4711 358 4772 tenorem,
391 4707 540 4764 memorie
565 4705 823 4778 commendantes,
849 4707 1026 4780 quodcum
1051 4707 1175 4765 discreti
1199 4708 1258 4765 viri
1282 4709 1399 4782 capitu·

147 4805 204 4865 lum
218 4811 341 4868 ecclesie
357 4811 563 4882 zagrabiensis
581 4821 684 4869 nostre
699 4813 852 4870 maiestati
868 4815 1026 4887 conquesti
1043 4813 1171 4871 fuissent
1192 4831 1286 4888 super
1304 4831 1348 4886 eet,
1365 4824 1399 4872 ut

146 4912 285 4986 incausa,
309 4931 403 4989 quam
435 4933 506 4974 cum
530 4919 651 4976 civibus
674 4925 704 4976 et
727 4920 902 4993 hospitibus
933 4921 1045 4978 nostris
1074 4920 1280 4978 Grecensibus
1307 4936 1399 4993 super

147 5022 379 5090 possessionibus
402 5023 526 5081 Cobilia
557 5029 587 5082 et
617 5023 764 5083 Scuiblan
795 5027 911 5083 vocatis
942 5033 972 5084 et
1003 5027 1073 5084 aliis
1096 5027 1195 5084 causis
1218 5027 1398 5098 hahuerunt,
