3600 5804
388 520 448 579 130
806 503 881 561 Doc.
906 499 976 581 146.
1000 536 1037 545 -
1055 503 1112 562 Arc
1137 499 1226 580 1528.

385 701 541 774 quandam
572 701 690 760 vallem
723 701 819 760 tendit
850 718 946 776 supra
976 717 1085 760 versus
1112 701 1262 760 orientem
1293 703 1379 760 iuxta
1406 707 1502 760 terras
1524 704 1634 777 pristal-

384 807 498 866 dorum
520 808 559 866 ad
575 824 721 866 cacumen
737 810 851 867 montis
867 810 917 867 via
934 811 1068 882 antiqua,
1084 825 1251 883 perquam
1268 809 1354 867 vadit
1370 825 1478 868 versus
1494 817 1635 884 septemp-

383 914 516 972 trionem
544 931 602 988 per
631 930 780 986 magnum
811 917 952 990 spacium
984 916 1014 973 in
1049 917 1140 973 metis
1169 915 1342 986 Bolroucha‚
1376 923 1407 972 et
1436 918 1571 990 pervenit
1601 917 1634 974 ad

384 1020 507 1078 vineam
530 1020 762 1078 Heremitarum
786 1023 817 1079 in
841 1021 1012 1094 Cratlridol,
1035 1022 1090 1079 ubi
1113 1028 1158 1080 est
1182 1038 1280 1096 parva
1303 1023 1398 1081 arbor
1420 1023 1513 1092 nucis,
1537 1022 1634 1080 deinde

383 1127 516 1184 vertitur
546 1126 587 1184 ad
617 1126 780 1184 meridiem
812 1144 869 1202 per
898 1129 992 1200 viam,
1023 1133 1053 1185 et
1086 1129 1171 1186 venit
1197 1129 1233 1185 ad
1259 1129 1406 1186 arborem
1427 1144 1554 1202 parvam
1575 1129 1635 1202 piri,

383 1233 439 1290 ubi
461 1237 507 1290 est
529 1239 613 1291 meta
635 1239 735 1291 terrea
758 1234 789 1292 in
813 1235 969 1292 vicinitate
993 1241 1074 1292 terre
1097 1235 1175 1292 ville
1198 1233 1331 1291 fratrum
1354 1234 1582 1292 Predicatomm
1602 1234 1635 1292 de

383 1339 543 1412 Zagrabia.
566 1338 686 1396 Deinde
717 1341 802 1398 venit
825 1340 865 1398 ad
888 1341 978 1398 albos
1007 1340 1129 1414 lapides
1152 1339 1335 1398 reflectendo
1359 1357 1392 1398 se
1416 1340 1635 1413 quodammodo

383 1445 423 1502 ad
446 1446 606 1516 orientem,
629 1444 740 1503 deinde
761 1446 792 1503 in
814 1448 896 1504 bono
919 1448 1026 1520 spacio
1049 1447 1133 1505 venit
1156 1446 1196 1504 ad
1219 1451 1312 1520 caput
1327 1446 1422 1504 vallis
1437 1463 1532 1520 parve
1548 1463 1636 1521 prope

382 1553 506 1610 vineam
538 1552 779 1624 Heremitarnm‚
811 1553 924 1610 abhinc
954 1569 1011 1628 per
1034 1553 1164 1611 eandem
1186 1553 1307 1610 vallem
1329 1551 1411 1610 intra
1434 1553 1540 1610 transit
1561 1553 1634 1610 viam

381 1659 566 1733 pupplicam
590 1663 714 1716 euntem
737 1659 768 1716 in
791 1658 925 1732 Bachun,
949 1661 1004 1718 nbi
1027 1665 1073 1718 est
1096 1665 1179 1717 meta
1201 1666 1309 1731 terrea,
1331 1665 1361 1718 et
1377 1660 1462 1718 venit
1476 1676 1532 1734 per
1547 1660 1637 1734 ipsam

382 1779 491 1822 versus
515 1764 664 1821 orientem
688 1779 744 1838 per
768 1765 887 1822 bonum
909 1766 1059 1838 spacium,
1082 1771 1113 1822 et
1135 1764 1218 1822 cadit
1240 1766 1272 1822 in
1294 1781 1410 1838 aquam
1434 1765 1537 1823 Blizna
1559 1771 1636 1822 entra

382 1869 476 1927 fenile
499 1870 740 1928 Heremitarum.
763 1870 884 1928 Deinde
907 1871 1094 1930 transeundo
1117 1871 1246 1929 fluvium
1269 1887 1379 1929 versus
1402 1873 1549 1929 orientem
1565 1871 1637 1930 cadit

382 1977 412 2032 in
444 1974 602 2048 quandam
632 1975 759 2046 vallem,
790 1992 848 2050 per
878 1993 973 2050 quam
1000 1978 1085 2035 venit
1108 1977 1146 2034 ad
1172 1993 1318 2050 magnam
1341 1978 1488 2034 arborem
1511 1985 1637 2034 castanee

381 2083 438 2140 site
460 2083 493 2139 in
516 2088 620 2140 monte
643 2083 724 2140 circa
747 2083 832 2140 viam
856 2085 1026 2157 publicam,
1050 2099 1223 2157 perquam
1246 2083 1331 2141 viam
1354 2084 1385 2141 in
1409 2099 1522 2156 magno
1543 2084 1637 2157 spacio

382 2187 470 2246 vadit
492 2203 601 2246 versus
631 2190 908 2263 septemptrionem
939 2189 1054 2248 directe
1076 2195 1107 2247 et
1130 2188 1317 2247 transeundo
1348 2189 1500 2262 quasdam
1522 2190 1637 2246 arbores

382 2301 595 2352 castanearum
619 2299 649 2351 et
670 2295 747 2352 alias
770 2296 801 2352 in
824 2297 906 2353 bona
930 2297 1019 2370 copia
1047 2295 1110 2352 exit
1132 2296 1217 2352 viam
1240 2295 1322 2351 circa
1345 2295 1501 2368 quandam
1524 2297 1637 2352 vineam

381 2405 412 2458 et
426 2401 512 2457 iuxta
528 2399 658 2458 eandem
673 2401 797 2458 vineam
813 2401 945 2459 flectitur
968 2403 999 2458 in
1023 2401 1142 2458 vallem
1165 2416 1273 2458 versus
1294 2400 1494 2473 occidentem,
1518 2409 1547 2459 et
1568 2402 1638 2459 inter

380 2507 487 2564 vineas
510 2507 620 2578 eundo,
643 2508 729 2564 venit
748 2507 787 2565 ad
804 2509 951 2566 arborem
974 2509 1089 2577 harazt,
1114 2513 1144 2564 et
1159 2507 1242 2564 cadit
1258 2507 1368 2565 deinde
1391 2509 1422 2564 in
1439 2508 1574 2564 rivulum
1589 2507 1638 2563 Ba·

380 2613 470 2684 chun,
493 2614 548 2671 ubi
572 2621 618 2671 est
640 2615 734 2671 arbor
757 2615 853 2686 nucis
870 2614 981 2672 deinde
1004 2614 1113 2672 transit
1129 2613 1271 2670 rivulum
1295 2619 1325 2670 et
1348 2615 1433 2670 venit
1456 2613 1494 2670 ad
1518 2615 1638 2682 vineam,

380 2733 480 2791 prope
503 2718 632 2792 lapides,
655 2720 710 2776 ubi
733 2725 856 2777 emanat
872 2719 941 2777 lons
958 2722 1039 2776 circa
1055 2720 1200 2776 arborem
1218 2719 1377 2791 graburgh
1399 2718 1522 2789 dictam,
1539 2717 1637 2775 deinde

379 2840 436 2897 per
457 2825 574 2881 vallem
591 2841 714 2883 sursum
730 2825 770 2882 ad
786 2833 925 2884 montem
942 2833 973 2883 et
988 2827 1073 2883 venit
1089 2825 1127 2882 ad
1145 2826 1230 2882 viam
1249 2841 1347 2898 usque
1363 2825 1403 2883 ad
1419 2825 1571 2897 semitam,
1586 2841 1637 2898 que

380 2937 426 2986 est
449 2931 508 2987 sub
532 2931 601 2988 loco
625 2930 707 2989 dicto
731 2931 942 3006 Stremapech,
960 2939 989 2989 et
1006 2932 1167 3005 perillam
1191 2932 1334 2988 semitam
1356 2948 1453 3004 usque
1476 2931 1515 2988 ad
1535 2946 1636 3004 aquam

380 3035 493 3106 Blizna,
510 3035 621 3093 deinde
638 3037 678 3093 ad
694 3036 920 3111 Stelopmerch,
937 3037 1048 3094 deinde
1071 3053 1179 3094 versus
1202 3039 1478 3111 septemptrionem
1499 3039 1538 3096 ad
1560 3054 1637 3096 cacu-

380 3156 450 3197 men
466 3140 581 3198 directe
604 3143 708 3214 magni
733 3143 848 3199 montis
872 3143 1105 3214 Meduednieha‚
1129 3161 1187 3217 per
1210 3143 1294 3216 quod
1310 3160 1457 3202 cacumen
1478 3146 1637 3218 vulgariter

379 3245 535 3304 Stelemen
559 3247 685 3318 dictum,
701 3248 788 3306 vadit
805 3249 920 3306 directe
936 3265 1046 3308 versus
1061 3253 1211 3308 orientem
1227 3266 1326 3323 usque
1349 3250 1388 3306 ad
1411 3255 1510 3308 metas
1531 3251 1634 3308 domini

380 3353 518 3427 episcopi
542 3353 580 3410 de
603 3354 785 3427 Chucheria,
816 3357 1047 3412 remanentibus
1076 3357 1166 3414 terris
1198 3357 1335 3430 capituli,
1367 3356 1486 3414 domini
1509 3357 1634 3432 episcopi

379 3465 410 3516 et
440 3459 673 3517 Cruciferorum
704 3461 743 3518 ad
776 3462 949 3534 meridiem,
978 3468 1007 3520 et
1038 3463 1177 3520 filiorum
1209 3463 1348 3534 Arlandi,
1380 3469 1409 3520 et
1435 3462 1565 3536 Nicolai,
1588 3461 1633 3522 filii

378 3565 470 3636 Petri,
494 3565 532 3622 ad
557 3568 842 3641 septemptrionem.
874 3569 959 3626 Ville
990 3585 1065 3626 vero
1089 3569 1297 3641 zagrabiensis
1321 3570 1450 3643 capituli
1473 3573 1595 3629 obtente
1610 3573 1633 3626 et

377 3687 518 3746 possesse
541 3688 597 3745 per
620 3673 723 3746 ipsum
746 3689 765 3730 a
787 3681 928 3748 tempore
945 3677 1032 3732 cuius
1049 3676 1201 3732 memoria
1215 3691 1277 3732 non
1294 3677 1404 3748 extitit,
1420 3677 1501 3734 inter
1516 3677 1632 3734 fiuvium

379 3777 459 3834 Zaue
490 3785 519 3834 et
550 3778 628 3836 inter
659 3779 757 3837 dictos
787 3787 910 3838 montes
937 3781 1162 3838 Meduednicha
1185 3783 1277 3839 metis
1300 3783 1481 3856 prescriptis
1504 3783 1632 3842 concluse

377 3887 448 3940 sunt
471 3884 542 3940 hec:
566 3884 645 3940 villa
667 3885 813 3943 videlicet
837 3886 970 3958 Bachun,
994 3888 1072 3944 villa
1094 3888 1191 3945 sancti
1207 3886 1454 3960 simonisvilla
1470 3889 1553 3948 dicta
1569 3887 1631 3960 nigri

377 3987 525 4062 Stephani
541 3996 571 4046 et
587 3989 790 4062 Crikanouch‚
808 3992 996 4064 Descenoch,
1013 3993 1165 4064 Tornaua,
1187 3999 1318 4067 utraque
1334 3994 1480 4068 Bidragh,
1496 3996 1525 4051 V
1526 3993 1630 4062 idoucb,

378 4095 456 4150 villa
490 4111 653 4152 servorum
687 4095 868 4168 Chudkoch,
907 4098 1102 4172 Godigoych,
1135 4101 1289 4181 Jalseuch,
1323 4107 1455 4174 utraque
1492 4099 1629 4176 Oprouch,

379 4199 550 4272 Braynoch,
573 4200 755 4274 Donlrouch,
778 4202 970 4276 Wlkodolia‚
995 4205 1115 4276 Brezth,
1138 4205 1303 4278 Retcouch,
1327 4205 1456 4278 Chihne,
1480 4205 1629 4282 Scepniche

377 4305 461 4378 apud
477 4307 639 4364 ecclesiam
656 4309 797 4365 omnium
813 4316 999 4382 sanctorum,
1019 4312 1119 4369 Dolos
1134 4328 1206 4369 curn
1222 4313 1286 4369 suis
1301 4315 1502 4386 pertinentiis,
1519 4309 1626 4378 Iernel,

378 4411 518 4483 Preselra,
541 4414 747 4473 Marcizlouch
771 4421 801 4472 et
824 4413 893 4487 Gay
909 4432 980 4473 cum
996 4418 1060 4474 suis
1076 4419 1269 4491 pertinentiis
1283 4420 1445 4490 universis,
1462 4419 1534 4477 aliis
1548 4419 1624 4476 eciam

379 4517 430 4574 hic
453 4533 514 4575 non
537 4519 658 4577 insertis
660 4566 816 4579 ......
841 4521 956 4579 Datum
980 4523 1012 4579 in
1036 4524 1152 4581 octavis
1177 4523 1247 4581 festi
1269 4525 1353 4582 beati
1371 4526 1480 4608 Jacobi
1505 4521 1626 4600 apostoli.

379 4625 469 4680 Anno
492 4623 611 4682 domini
633 4625 882 4686 MCCCXXVIII.

467 4776 596 4842 Fragmen
612 4779 830 4830 reambnlationis
842 4781 1036 4846 possessionum
1049 4783 1159 4849 capituli
1174 4784 1359 4849 zagrabiensis.
1374 4784 1517 4851 Originale
1529 4785 1620 4834 iumen·

376 4865 466 4923 brana,
481 4872 630 4916 asservatur
649 4867 676 4916 in
694 4869 764 4917 arch.
784 4884 841 4918 ven.
862 4870 940 4935 capit.
960 4872 1065 4937 zagrab.
1085 4871 1101 4920 l.
1125 4882 1145 4921 1.
1167 4889 1206 4922 nr.
1227 4882 1267 4936 39.
1282 4873 1420 4938 Integrum
1439 4882 1514 4926 extat
1526 4875 1548 4924 in
1564 4870 1620 4920 libro

375 4953 443 5017 priv.
464 4954 542 5019 capit.
562 4956 666 5020 zagrab.
686 4973 710 5021 p.
725 4957 770 5006 IV.
784 4972 805 5008 c.
819 4957 864 5007 IV.
877 4959 969 5024 Joann.
983 4959 1099 5010 Tkaldid.
1118 4961 1187 5011 Mon.
1201 4961 1260 5012 hist.
1275 4963 1354 5028 episc.
1368 4965 1474 5029 zagrab.
1495 4965 1525 5014 11.
1537 4978 1558 5027 p.
1572 4957 1618 5009 lto.
