3728 5806
547 564 619 620 Dec.
636 577 713 640 312:
727 577 801 640 313.
830 597 864 604 -
884 563 940 619 An.
964 558 1180 644 138271583·
1439 578 1498 639 ²9⁷

828 757 909 823 312.

340 884 417 931 Anno
439 883 513 940 1382,
534 893 556 940 5.
577 881 702 931 octobris.
722 880 752 930 ln
770 879 888 945 Zempde.

235 1010 387 1068 Elisabeth
409 1011 511 1083 regma
534 1011 711 1082 Hungariae
726 1010 876 1066 Demetrio
897 997 1050 1078 cardinale,
1066 1011 1129 1066 iletre
1144 1011 1280 1083 palatino
1303 1017 1331 1066 et
1352 1009 1443 1066 iudici
1455 1026 1502 1064 cu·

235 1117 298 1172 riae
320 1117 366 1172 ties
388 1116 500 1172 dicendi
520 1116 551 1172 in
573 1133 662 1172 cerusa
685 1116 788 1172 civium
818 1113 1022 1172 Greekensium
1050 1134 1166 1188 „eoram
1189 1134 1245 1172 non
1269 1117 1396 1172 obstante
1410 1123 1501 1188 prae-

607 1222 725 1278 sentiali
744 1221 959 1278 ehteressentia“
976 1221 1127 1295 praecidit

323 1366 485 1423 Elizabeth
508 1366 558 1423 dei
580 1366 685 1436 gracia
707 1365 814 1438 regina
832 1365 999 1437 Hungarie,
1017 1363 1151 1434 Polonie,
1168 1364 1328 1421 Dalmacie
1344 1369 1397 1421 etc.
1415 1363 1502 1421 Fide-

236 1473 321 1530 libus
343 1471 407 1528 suis
430 1470 600 1528 reverendo
622 1471 652 1528 in
677 1471 800 1528 Christo
823 1471 914 1543 patri,
939 1469 1065 1527 domino
1088 1470 1256 1540 Demetrio
1280 1469 1430 1527 cardinali
1447 1475 1501 1526 etc.

237 1584 267 1635 et
290 1576 464 1649 magnificis
494 1577 570 1634 viris
600 1577 738 1650 palatino
762 1582 792 1633 et
813 1574 907 1633 iudici
938 1575 1021 1633 curie
1055 1576 1139 1648 regie
1170 1591 1205 1632 ac
1229 1575 1376 1647 magistro
1400 1581 1501 1632 tavar-

238 1683 378 1740 nicorum
402 1682 565 1755 regalium,
595 1697 764 1754 eorumque
786 1682 870 1738 vices
894 1681 925 1738 in
947 1681 1083 1738 iudicatu
1106 1681 1292 1753 gerentibus
1316 1680 1502 1738 salutemet

235 1790 381 1862 graciam.
406 1789 489 1846 Licet
511 1788 604 1846 iudex
627 1795 657 1846 et
673 1789 763 1846 iurati
779 1789 861 1846 cives
876 1787 973 1844 nostri
990 1788 1104 1844 montis
1120 1786 1281 1844 Grecensis
1297 1786 1335 1844 de
1351 1787 1503 1858 Zagrabia

238 1913 296 1970 per
326 1895 479 1968 quosdam
509 1896 650 1952 homines
678 1896 708 1952 in
740 1896 834 1952 vestri
865 1895 1057 1968 presenciam
1081 1893 1285 1968 personaliter
1309 1899 1339 1951 et
1362 1910 1423 1952 non
1445 1909 1503 1968 per

236 2007 470 2077 procuratorem
501 2001 694 2075 responsuri,
725 2000 839 2058 fuerint
870 2001 1003 2070 evocati,
1036 2008 1140 2058 tamen
1171 2001 1244 2073 quia
1274 2001 1396 2072 vigente
1423 2000 1503 2058 inter

236 2123 288 2165 eos
321 2107 501 2180 pestilencia
524 2123 561 2164 ex
588 2107 711 2164 ulcione
741 2106 855 2178 divina,
883 2107 942 2180 ipsi
969 2107 1173 2179 personaliter
1198 2105 1328 2163 comode
1355 2107 1503 2179 nequiunt

236 2213 336 2271 causis
370 2213 509 2286 ipsorum
541 2213 571 2270 in
602 2213 719 2270 octavis
751 2212 820 2270 festi
854 2213 933 2269 beati
963 2212 1122 2270 Michaelis
1149 2212 1334 2284 archangeli,
1359 2212 1501 2285 proxime

236 2320 384 2389 venturis,
407 2334 511 2376 coram
536 2319 627 2376 vobis
655 2319 767 2376 habitis
791 2319 935 2375 interesse
943 2336 951 2388 ;
987 2318 1056 2374 ideo
1080 2317 1223 2376 fidelitati
1247 2322 1348 2375 vestre
1371 2317 1503 2374 firmiter

237 2424 437 2499 precipiendo
461 2423 653 2494 mandamus
677 2431 826 2496 quatenus
853 2439 914 2480 non
934 2425 1075 2481 obstante
1091 2423 1273 2497 presenciali
1290 2424 1503 2482 interessencia

236 2530 391 2588 dictorum
415 2528 524 2586 iudicis
547 2536 577 2587 et
601 2530 781 2599 iuratorum,
813 2545 920 2586 causas
943 2530 1083 2604 ipsorum
1107 2529 1273 2603 premissas
1296 2528 1336 2586 ad
1359 2545 1502 2602 prosecu-

236 2637 357 2694 cionem
381 2637 520 2709 parcium
554 2651 662 2692 eorum
685 2635 823 2708 legitime
849 2635 984 2693 iudicare
1012 2635 1149 2693 debeatis
1181 2636 1299 2708 absque
1322 2635 1503 2707 gravamine

236 2743 381 2815 aliquali;
412 2746 442 2799 et
472 2741 557 2799 aliud
588 2758 648 2798 non
673 2741 790 2799 facturi.
817 2742 932 2800 Datum
957 2743 988 2800 in
1015 2742 1154 2816 Sempce,
1187 2741 1322 2799 secundo
1354 2741 1403 2798 die
1434 2740 1503 2798 festi

241 2849 323 2905 beati
345 2849 501 2905 Francisci
517 2847 707 2906 confessoris
730 2849 816 2905 Anno
833 2847 951 2906 domini
967 2849 1136 2906 millesimo
1152 2847 1344 2905 CCCLXXX
1361 2845 1502 2904 secundo

327 2982 467 3050 Originale
486 2983 513 3034 in
532 2983 630 3042 charta,
650 2983 769 3050 sigillum
788 2983 952 3048 impressum.
976 2982 1005 3032 In
1025 2983 1096 3033 arch.
1115 2982 1162 3032 lib.
1182 2998 1237 3047 reg.
1257 2981 1306 3031 civ.
1327 2981 1431 3046 aagrab.

831 3235 913 3299 313.

344 3375 419 3422 Anno
443 3374 515 3431 1383,
537 3384 557 3422 1.
579 3373 715 3423 februarii.
736 3375 888 3440 Zagrabiae.

301 3502 448 3558 Fucinora
471 3502 574 3558 Marci
594 3502 696 3560 iudicis
717 3505 840 3581 capituli
858 3506 974 3584 segetib.
998 3506 1106 3563 civibus
1135 3505 1342 3563 Grecliense'bus
1365 3506 1449 3562 illata

781 3611 959 3685 reseruntur.

327 3751 404 3807 Item
429 3751 459 3807 in
482 3767 562 3808 anno
586 3752 704 3810 domini
728 3754 896 3811 millesimo
914 3754 1156 3812 CCCLxxxllt
1172 3755 1202 3812 in
1220 3754 1374 3812 dominica
1391 3754 1503 3811 carnis-

240 3856 343 3929 privii,
367 3857 488 3913 Marcus
519 3856 662 3914 officialis
693 3875 744 3915 seu
776 3859 870 3916 iudex
901 3861 1029 3933 capituli
1060 3861 1187 3918 ecclesie
1210 3861 1424 3933 zagrabiensis,
1448 3877 1504 3934 per

239 3961 322 4018 idern
346 3963 516 4035 capitulum
541 3965 730 4034 constitutus
755 3981 793 4021 ex
816 3967 893 4022 scitu
918 3973 947 4023 et
970 3967 1188 4024 commissione
1214 3966 1353 4024 eiusdem
1377 3967 1505 4040 capituli

239 4083 371 4124 unacum
394 4068 459 4125 suis
482 4075 512 4126 et
543 4069 640 4142 ipsius
664 4070 791 4143 capituli
819 4069 1026 4129 familiaribus
1055 4077 1125 4130 ante
1148 4079 1270 4146 portam
1293 4088 1408 4130 novam
1432 4073 1505 4130 civi-

239 4173 310 4230 tatis
334 4173 472 4246 predicte
496 4175 709 4248 potencialiter
731 4175 885 4248 irruend0‚
910 4175 1038 4234 Petrum
1062 4177 1162 4235 civem
1178 4178 1259 4235 dicte
1275 4178 1416 4249 civitatis,
1433 4182 1505 4234 tunc

239 4294 386 4351 sponsam
419 4295 473 4336 seu
504 4295 634 4337 uxorem
665 4297 752 4339 suain
784 4282 955 4354 ducentem,
988 4283 1106 4342 crudeli
1136 4301 1210 4342 nece
1244 4285 1447 4342 interemisset
1470 4301 1506 4342 ac

241 4385 340 4458 ipsam
363 4400 508 4458 sponsam
534 4402 620 4443 suarn
645 4388 678 4445 vi
701 4395 730 4445 et
747 4389 961 4462 potencialiter
976 4391 1113 4464 recipere
1129 4391 1286 4462 voluisset,
1303 4391 1506 4463 hominesque

240 4490 354 4548 dictam
371 4507 518 4564 sponsam
534 4493 737 4551 conducentes
756 4511 855 4566 usque
878 4501 999 4568 portam
1024 4496 1162 4569 predicte
1185 4497 1319 4554 civitatis
1343 4513 1399 4570 per
1415 4495 1504 4553 emis·

240 4597 340 4654 siones
359 4598 541 4670 sagittarum
557 4599 752 4672 affugassent.
766 4600 884 4673 Hisque
900 4600 981 4657 idem
997 4603 1118 4658 Marcus
1134 4617 1194 4659 non
1211 4607 1379 4672 contentus,
1396 4600 1505 4658 eodem

241 4701 290 4759 die
324 4705 483 4776 premissis
513 4712 763 4780 perpetratorum
787 4723 919 4763 unacum
944 4708 1123 4765 hominibus
1154 4708 1271 4766 domini
1296 4708 1423 4778 Nicolai‚
1447 4708 1506 4766 filii

241 4806 374 4878 Brislini,
405 4811 556 4882 prepositi
585 4809 665 4868 dicte
696 4812 823 4868 ecclesie
845 4813 1060 4884 zagrabiensis,
1084 4829 1121 4871 ex
1146 4819 1350 4888 preconcepta
1384 4813 1507 4871 malicia

242 4911 495 4972 Bartholomeum
526 4921 556 4972 et
585 4917 752 4974 Martinum
781 4917 865 4974 cives
897 4917 979 4976 dicte
1006 4920 1137 4978 civitatis
1167 4920 1198 4977 in
1226 4921 1339 4977 tenutis
1361 4919 1435 4977 dicti
1458 4935 1506 4976 ca-

241 5019 333 5093 pituli
356 5021 548 5094 reperienda,
572 5021 647 5080 diris
670 5024 837 5081 vulnerum
861 5025 964 5098 plagis
987 5027 1167 5098 affecissent,
1192 5027 1333 5101 potencia
1352 5025 1506 5084 mediante
