<?xml version="1.0" encoding="UTF-8"?>
<!DOCTYPE html PUBLIC "-//W3C//DTD XHTML 1.0 Transitional//EN"
    "http://www.w3.org/TR/xhtml1/DTD/xhtml1-transitional.dtd">
<html xmlns="http://www.w3.org/1999/xhtml" xml:lang="en" lang="en">
 <head>
  <title>
</title>
<meta http-equiv="Content-Type" content="text/html;charset=utf-8" />
  <meta name='ocr-system' content='tesseract 3.04.00' />
  <meta name='ocr-capabilities' content='ocr_page ocr_carea ocr_par ocr_line ocrx_word'/>
</head>
<body>
  <div class='ocr_page' id='page_1' title='image "./monumentahistor18laszgoog_0694.png"; bbox 0 0 3854 5806; ppageno 0'>
   <div class='ocr_carea' id='block_1_1' title="bbox 394 521 1226 618">
    <p class='ocr_par' dir='ltr' id='par_1_1' title="bbox 394 521 1226 618">
     <span class='ocr_line' id='line_1_1' title="bbox 394 521 1226 618; baseline 0 -36"><span class='ocrx_word' id='word_1_1' title='bbox 394 523 456 599; x_wconf 84' lang='lat'>458</span> <span class='ocrx_word' id='word_1_2' title='bbox 818 523 967 618; x_wconf 65' lang='lat' dir='ltr'>Addenda.</span> <span class='ocrx_word' id='word_1_3' title='bbox 996 557 1031 566; x_wconf 90' lang='lat'><em>—</em></span> <span class='ocrx_word' id='word_1_4' title='bbox 1057 521 1226 602; x_wconf 72' lang='lat' dir='ltr'>Ari1393.</span> 
     </span>
    </p>
   </div>
   <div class='ocr_carea' id='block_1_2' title="bbox 352 720 1660 3233">
    <p class='ocr_par' dir='ltr' id='par_1_2' title="bbox 352 720 1660 3233">
     <span class='ocr_line' id='line_1_2' title="bbox 394 720 1660 796; baseline 0.002 -20"><span class='ocrx_word' id='word_1_5' title='bbox 394 721 598 792; x_wconf 83' lang='lat' dir='ltr'>personaliter</span> <span class='ocrx_word' id='word_1_6' title='bbox 621 729 652 778; x_wconf 89' lang='lat' dir='ltr'>et</span> <span class='ocrx_word' id='word_1_7' title='bbox 683 736 740 794; x_wconf 90' lang='lat' dir='ltr'>pro</span> <span class='ocrx_word' id='word_1_8' title='bbox 771 723 840 779; x_wconf 91' lang='lat' dir='ltr'>aliis</span> <span class='ocrx_word' id='word_1_9' title='bbox 870 720 1017 796; x_wconf 79' lang='lat' dir='ltr'><strong>predictis</strong></span> <span class='ocrx_word' id='word_1_10' title='bbox 1048 737 1119 779; x_wconf 91' lang='lat' dir='ltr'>cum</span> <span class='ocrx_word' id='word_1_11' title='bbox 1144 723 1362 796; x_wconf 83' lang='lat' dir='ltr'>procuratoriis</span> <span class='ocrx_word' id='word_1_12' title='bbox 1386 722 1497 780; x_wconf 89' lang='lat' dir='ltr'>litteris</span> <span class='ocrx_word' id='word_1_13' title='bbox 1520 721 1660 778; x_wconf 91' lang='lat' dir='ltr'>eiusdem</span> 
     </span>
     <span class='ocr_line' id='line_1_3' title="bbox 393 826 1659 904; baseline 0.002 -22"><span class='ocrx_word' id='word_1_14' title='bbox 393 826 526 883; x_wconf 90' lang='lat' dir='ltr'>civitatis</span> <span class='ocrx_word' id='word_1_15' title='bbox 549 837 790 900; x_wconf 87' lang='lat' dir='ltr'>comparuerunt</span> <span class='ocrx_word' id='word_1_16' title='bbox 813 844 907 902; x_wconf 90' lang='lat' dir='ltr'>super</span> <span class='ocrx_word' id='word_1_17' title='bbox 927 827 1014 886; x_wconf 88' lang='lat' dir='ltr'>t&#39;actis</span> <span class='ocrx_word' id='word_1_18' title='bbox 1031 829 1278 904; x_wconf 88' lang='lat' dir='ltr'>possessionariis</span> <span class='ocrx_word' id='word_1_19' title='bbox 1294 837 1324 884; x_wconf 92' lang='lat' dir='ltr'>et</span> <span class='ocrx_word' id='word_1_20' title='bbox 1340 829 1479 902; x_wconf 82' lang='lat' dir='ltr'>potencie</span> <span class='ocrx_word' id='word_1_21' title='bbox 1496 829 1526 885; x_wconf 91' lang='lat' dir='ltr'>in</span> <span class='ocrx_word' id='word_1_22' title='bbox 1542 829 1659 885; x_wconf 88' lang='lat' dir='ltr'>octavis</span> 
     </span>
     <span class='ocr_line' id='line_1_4' title="bbox 393 931 1658 1006; baseline 0.002 -18"><span class='ocrx_word' id='word_1_23' title='bbox 393 931 454 988; x_wconf 93' lang='lat' dir='ltr'>diei</span> <span class='ocrx_word' id='word_1_24' title='bbox 487 932 587 990; x_wconf 91' lang='lat' dir='ltr'>medie</span> <span class='ocrx_word' id='word_1_25' title='bbox 617 933 855 1006; x_wconf 77' lang='lat' dir='ltr'>quadragesime</span> <span class='ocrx_word' id='word_1_26' title='bbox 885 950 989 991; x_wconf 86' lang='lat' dir='ltr'>coram</span> <span class='ocrx_word' id='word_1_27' title='bbox 1022 935 1112 992; x_wconf 91' lang='lat' dir='ltr'>Petro</span> <span class='ocrx_word' id='word_1_28' title='bbox 1137 935 1247 1006; x_wconf 88' lang='lat' dir='ltr'>Zudar,</span> <span class='ocrx_word' id='word_1_29' title='bbox 1271 935 1358 1006; x_wconf 81' lang='lat' dir='ltr'>regni</span> <span class='ocrx_word' id='word_1_30' title='bbox 1381 933 1543 991; x_wconf 86' lang='lat' dir='ltr'>Sclauonie</span> <span class='ocrx_word' id='word_1_31' title='bbox 1569 935 1658 1002; x_wconf 77' lang='lat' dir='ltr'>banc,</span> 
     </span>
     <span class='ocr_line' id='line_1_5' title="bbox 393 1037 1659 1112; baseline 0.004 -22"><span class='ocrx_word' id='word_1_32' title='bbox 393 1037 560 1094; x_wconf 88' lang='lat' dir='ltr'>secundum</span> <span class='ocrx_word' id='word_1_33' title='bbox 586 1040 808 1096; x_wconf 85' lang='lat' dir='ltr'>continenciam</span> <span class='ocrx_word' id='word_1_34' title='bbox 837 1040 1011 1098; x_wconf 89' lang='lat' dir='ltr'>litterarum</span> <span class='ocrx_word' id='word_1_35' title='bbox 1043 1049 1219 1098; x_wconf 89' lang='lat' dir='ltr'>nostrarum</span> <span class='ocrx_word' id='word_1_36' title='bbox 1244 1040 1538 1112; x_wconf 85' lang='lat' dir='ltr'>prorogatoriarum,</span> <span class='ocrx_word' id='word_1_37' title='bbox 1562 1047 1659 1096; x_wconf 90' lang='lat' dir='ltr'>trans·</span> 
     </span>
     <span class='ocr_line' id='line_1_6' title="bbox 393 1143 1659 1220; baseline 0.002 -20"><span class='ocrx_word' id='word_1_38' title='bbox 393 1143 571 1200; x_wconf 86' lang='lat' dir='ltr'>missionem</span> <span class='ocrx_word' id='word_1_39' title='bbox 596 1146 746 1217; x_wconf 90' lang='lat' dir='ltr'>presentis</span> <span class='ocrx_word' id='word_1_40' title='bbox 770 1161 860 1202; x_wconf 88' lang='lat' dir='ltr'>cause</span> <span class='ocrx_word' id='word_1_41' title='bbox 882 1146 913 1203; x_wconf 91' lang='lat' dir='ltr'>in</span> <span class='ocrx_word' id='word_1_42' title='bbox 935 1147 1126 1220; x_wconf 89' lang='lat' dir='ltr'>presenciam</span> <span class='ocrx_word' id='word_1_43' title='bbox 1150 1146 1288 1204; x_wconf 91' lang='lat' dir='ltr'>eiusdem</span> <span class='ocrx_word' id='word_1_44' title='bbox 1312 1147 1385 1204; x_wconf 90' lang='lat' dir='ltr'>bani</span> <span class='ocrx_word' id='word_1_45' title='bbox 1407 1146 1446 1202; x_wconf 89' lang='lat' dir='ltr'>de</span> <span class='ocrx_word' id='word_1_46' title='bbox 1468 1147 1553 1218; x_wconf 84' lang='lat' dir='ltr'>regio</span> <span class='ocrx_word' id='word_1_47' title='bbox 1574 1161 1659 1202; x_wconf 92' lang='lat' dir='ltr'>man-</span> 
     </span>
     <span class='ocr_line' id='line_1_7' title="bbox 393 1249 1659 1326; baseline 0.002 -21"><span class='ocrx_word' id='word_1_48' title='bbox 393 1249 465 1305; x_wconf 89' lang='lat' dir='ltr'>dato</span> <span class='ocrx_word' id='word_1_49' title='bbox 488 1249 526 1306; x_wconf 86' lang='lat' dir='ltr'>ad</span> <span class='ocrx_word' id='word_1_50' title='bbox 552 1250 674 1307; x_wconf 88' lang='lat' dir='ltr'>easdem</span> <span class='ocrx_word' id='word_1_51' title='bbox 708 1257 832 1308; x_wconf 87' lang='lat' dir='ltr'>octavas</span> <span class='ocrx_word' id='word_1_52' title='bbox 862 1267 918 1326; x_wconf 92' lang='lat' dir='ltr'>per</span> <span class='ocrx_word' id='word_1_53' title='bbox 949 1267 1005 1310; x_wconf 92' lang='lat' dir='ltr'>nos</span> <span class='ocrx_word' id='word_1_54' title='bbox 1036 1252 1148 1310; x_wconf 81' lang='lat' dir='ltr'>factam</span> <span class='ocrx_word' id='word_1_55' title='bbox 1172 1252 1388 1310; x_wconf 88' lang='lat' dir='ltr'>denotancium</span> <span class='ocrx_word' id='word_1_56' title='bbox 1415 1267 1541 1308; x_wconf 86' lang='lat' dir='ltr'>movere</span> <span class='ocrx_word' id='word_1_57' title='bbox 1565 1251 1659 1308; x_wconf 90' lang='lat' dir='ltr'>habe-</span> 
     </span>
     <span class='ocr_line' id='line_1_8' title="bbox 394 1355 1658 1431; baseline 0.002 -19"><span class='ocrx_word' id='word_1_58' title='bbox 394 1355 474 1412; x_wconf 91' lang='lat' dir='ltr'>bant.</span> <span class='ocrx_word' id='word_1_59' title='bbox 507 1355 586 1428; x_wconf 83' lang='lat' dir='ltr'>Quia</span> <span class='ocrx_word' id='word_1_60' title='bbox 619 1357 719 1414; x_wconf 87' lang='lat' dir='ltr'>littere</span> <span class='ocrx_word' id='word_1_61' title='bbox 751 1357 824 1416; x_wconf 92' lang='lat' dir='ltr'>dicti</span> <span class='ocrx_word' id='word_1_62' title='bbox 857 1357 975 1416; x_wconf 90' lang='lat' dir='ltr'>domini</span> <span class='ocrx_word' id='word_1_63' title='bbox 1007 1360 1102 1416; x_wconf 88' lang='lat' dir='ltr'>nostri</span> <span class='ocrx_word' id='word_1_64' title='bbox 1126 1359 1215 1431; x_wconf 71' lang='lat' dir='ltr'>regis</span> <span class='ocrx_word' id='word_1_65' title='bbox 1238 1363 1355 1416; x_wconf 90' lang='lat' dir='ltr'>secreto</span> <span class='ocrx_word' id='word_1_66' title='bbox 1381 1358 1485 1430; x_wconf 85' lang='lat' dir='ltr'>sigillo</span> <span class='ocrx_word' id='word_1_67' title='bbox 1507 1373 1562 1414; x_wconf 88' lang='lat' dir='ltr'>suo</span> <span class='ocrx_word' id='word_1_68' title='bbox 1588 1373 1658 1414; x_wconf 90' lang='lat' dir='ltr'>con-</span> 
     </span>
     <span class='ocr_line' id='line_1_9' title="bbox 392 1461 1656 1536; baseline 0.002 -20"><span class='ocrx_word' id='word_1_69' title='bbox 392 1461 509 1532; x_wconf 86' lang='lat' dir='ltr'>signate</span> <span class='ocrx_word' id='word_1_70' title='bbox 542 1461 625 1518; x_wconf 87' lang='lat' dir='ltr'>Budc</span> <span class='ocrx_word' id='word_1_71' title='bbox 658 1465 752 1520; x_wconf 90' lang='lat' dir='ltr'>tercio</span> <span class='ocrx_word' id='word_1_72' title='bbox 784 1462 834 1521; x_wconf 94' lang='lat' dir='ltr'>die</span> <span class='ocrx_word' id='word_1_73' title='bbox 864 1465 1111 1522; x_wconf 90' lang='lat' dir='ltr'>annunciacionis</span> <span class='ocrx_word' id='word_1_74' title='bbox 1140 1464 1228 1521; x_wconf 91' lang='lat' dir='ltr'>beate</span> <span class='ocrx_word' id='word_1_75' title='bbox 1261 1463 1389 1535; x_wconf 84' lang='lat' dir='ltr'>virginis</span> <span class='ocrx_word' id='word_1_76' title='bbox 1421 1463 1563 1536; x_wconf 84' lang='lat' dir='ltr'>proxime</span> <span class='ocrx_word' id='word_1_77' title='bbox 1587 1478 1656 1534; x_wconf 91' lang='lat' dir='ltr'>pre-</span> 
     </span>
     <span class='ocr_line' id='line_1_10' title="bbox 392 1567 1658 1642; baseline 0 -18"><span class='ocrx_word' id='word_1_78' title='bbox 392 1567 482 1636; x_wconf 86' lang='lat' dir='ltr'>teriti,</span> <span class='ocrx_word' id='word_1_79' title='bbox 506 1575 653 1637; x_wconf 83' lang='lat' dir='ltr'>emanate‚</span> <span class='ocrx_word' id='word_1_80' title='bbox 678 1568 856 1642; x_wconf 83' lang='lat' dir='ltr'>eisdemque</span> <span class='ocrx_word' id='word_1_81' title='bbox 880 1569 982 1638; x_wconf 89' lang='lat' dir='ltr'>iudici,</span> <span class='ocrx_word' id='word_1_82' title='bbox 999 1571 1106 1628; x_wconf 90' lang='lat' dir='ltr'>iuratis</span> <span class='ocrx_word' id='word_1_83' title='bbox 1130 1579 1159 1627; x_wconf 91' lang='lat' dir='ltr'>et</span> <span class='ocrx_word' id='word_1_84' title='bbox 1182 1569 1303 1626; x_wconf 89' lang='lat' dir='ltr'>civibus</span> <span class='ocrx_word' id='word_1_85' title='bbox 1326 1570 1357 1626; x_wconf 90' lang='lat' dir='ltr'>in</span> <span class='ocrx_word' id='word_1_86' title='bbox 1374 1585 1418 1638; x_wconf 92' lang='lat' dir='ltr'>eo,</span> <span class='ocrx_word' id='word_1_87' title='bbox 1435 1577 1469 1624; x_wconf 89' lang='lat' dir='ltr'>ut</span> <span class='ocrx_word' id='word_1_88' title='bbox 1485 1569 1558 1640; x_wconf 87' lang='lat' dir='ltr'>quia</span> <span class='ocrx_word' id='word_1_89' title='bbox 1574 1567 1658 1625; x_wconf 88' lang='lat' dir='ltr'>idem</span> 
     </span>
     <span class='ocr_line' id='line_1_11' title="bbox 393 1671 1660 1750; baseline 0.002 -22"><span class='ocrx_word' id='word_1_90' title='bbox 393 1671 537 1730; x_wconf 90' lang='lat' dir='ltr'>dominus</span> <span class='ocrx_word' id='word_1_91' title='bbox 569 1681 672 1730; x_wconf 90' lang='lat' dir='ltr'>noster</span> <span class='ocrx_word' id='word_1_92' title='bbox 703 1691 756 1731; x_wconf 81' lang='lat' dir='ltr'>rex</span> <span class='ocrx_word' id='word_1_93' title='bbox 789 1675 999 1732; x_wconf 85' lang='lat' dir='ltr'>venerabilem</span> <span class='ocrx_word' id='word_1_94' title='bbox 1031 1682 1151 1750; x_wconf 86' lang='lat' dir='ltr'>patrem</span> <span class='ocrx_word' id='word_1_95' title='bbox 1185 1674 1346 1732; x_wconf 89' lang='lat' dir='ltr'>dominum</span> <span class='ocrx_word' id='word_1_96' title='bbox 1377 1673 1571 1730; x_wconf 87' lang='lat' dir='ltr'>Demetrium</span> <span class='ocrx_word' id='word_1_97' title='bbox 1594 1676 1660 1746; x_wconf 90' lang='lat' dir='ltr'>epi·</span> 
     </span>
     <span class='ocr_line' id='line_1_12' title="bbox 391 1779 1659 1854; baseline 0.001 -20"><span class='ocrx_word' id='word_1_98' title='bbox 391 1793 521 1850; x_wconf 88' lang='lat' dir='ltr'>scopum</span> <span class='ocrx_word' id='word_1_99' title='bbox 552 1779 784 1849; x_wconf 79' lang='lat' dir='ltr'>zagrabiensem</span> <span class='ocrx_word' id='word_1_100' title='bbox 815 1791 943 1854; x_wconf 91' lang='lat' dir='ltr'>propter</span> <span class='ocrx_word' id='word_1_101' title='bbox 966 1797 1036 1838; x_wconf 88' lang='lat' dir='ltr'>suas</span> <span class='ocrx_word' id='word_1_102' title='bbox 1060 1783 1161 1854; x_wconf 89' lang='lat' dir='ltr'>regias</span> <span class='ocrx_word' id='word_1_103' title='bbox 1184 1779 1401 1854; x_wconf 87' lang='lat' dir='ltr'>expediciones</span> <span class='ocrx_word' id='word_1_104' title='bbox 1424 1779 1462 1836; x_wconf 90' lang='lat' dir='ltr'>ad</span> <span class='ocrx_word' id='word_1_105' title='bbox 1488 1779 1585 1836; x_wconf 91' lang='lat' dir='ltr'>dictas</span> <span class='ocrx_word' id='word_1_106' title='bbox 1609 1794 1659 1835; x_wconf 90' lang='lat' dir='ltr'>oc·</span> 
     </span>
     <span class='ocr_line' id='line_1_13' title="bbox 393 1885 1658 1945; baseline 0 -4"><span class='ocrx_word' id='word_1_107' title='bbox 393 1893 478 1941; x_wconf 87' lang='lat' dir='ltr'>tavas</span> <span class='ocrx_word' id='word_1_108' title='bbox 508 1885 574 1942; x_wconf 89' lang='lat' dir='ltr'>illic</span> <span class='ocrx_word' id='word_1_109' title='bbox 605 1888 812 1944; x_wconf 87' lang='lat' dir='ltr'>transmittere</span> <span class='ocrx_word' id='word_1_110' title='bbox 841 1903 899 1944; x_wconf 92' lang='lat' dir='ltr'>non</span> <span class='ocrx_word' id='word_1_111' title='bbox 928 1889 1045 1945; x_wconf 87' lang='lat' dir='ltr'>valeret</span> <span class='ocrx_word' id='word_1_112' title='bbox 1069 1897 1098 1944; x_wconf 88' lang='lat' dir='ltr'>et</span> <span class='ocrx_word' id='word_1_113' title='bbox 1121 1887 1162 1942; x_wconf 95' lang='lat' dir='ltr'>ob</span> <span class='ocrx_word' id='word_1_114' title='bbox 1187 1888 1244 1943; x_wconf 88' lang='lat' dir='ltr'>hoc</span> <span class='ocrx_word' id='word_1_115' title='bbox 1270 1885 1351 1943; x_wconf 90' lang='lat' dir='ltr'>idem</span> <span class='ocrx_word' id='word_1_116' title='bbox 1376 1885 1520 1943; x_wconf 89' lang='lat' dir='ltr'>dominus</span> <span class='ocrx_word' id='word_1_117' title='bbox 1553 1891 1658 1942; x_wconf 91' lang='lat' dir='ltr'>noster</span> 
     </span>
     <span class='ocr_line' id='line_1_14' title="bbox 352 1990 1656 2064; baseline -0.001 -16"><span class='ocrx_word' id='word_1_118' title='bbox 352 1995 353 1999; x_wconf 77' lang='grc'>’</span> <span class='ocrx_word' id='word_1_119' title='bbox 391 2007 445 2048; x_wconf 91' lang='lat' dir='ltr'>rex</span> <span class='ocrx_word' id='word_1_120' title='bbox 469 1992 618 2050; x_wconf 90' lang='lat' dir='ltr'>voluisset</span> <span class='ocrx_word' id='word_1_121' title='bbox 650 1999 684 2049; x_wconf 89' lang='lat' dir='ltr'>ut</span> <span class='ocrx_word' id='word_1_122' title='bbox 715 1992 824 2050; x_wconf 88' lang='lat' dir='ltr'>eadem</span> <span class='ocrx_word' id='word_1_123' title='bbox 848 2005 939 2050; x_wconf 85' lang='lat' dir='ltr'>causa</span> <span class='ocrx_word' id='word_1_124' title='bbox 962 1994 992 2050; x_wconf 92' lang='lat' dir='ltr'>in</span> <span class='ocrx_word' id='word_1_125' title='bbox 1015 1993 1105 2051; x_wconf 93' lang='lat' dir='ltr'>dictis</span> <span class='ocrx_word' id='word_1_126' title='bbox 1133 1995 1250 2051; x_wconf 90' lang='lat' dir='ltr'>octavis</span> <span class='ocrx_word' id='word_1_127' title='bbox 1273 1992 1334 2050; x_wconf 93' lang='lat' dir='ltr'>diei</span> <span class='ocrx_word' id='word_1_128' title='bbox 1358 1991 1460 2048; x_wconf 91' lang='lat' dir='ltr'>medie</span> <span class='ocrx_word' id='word_1_129' title='bbox 1484 1990 1656 2064; x_wconf 87' lang='lat' dir='ltr'>quadrage·</span> 
     </span>
     <span class='ocr_line' id='line_1_15' title="bbox 391 2097 1659 2173; baseline 0.001 -20"><span class='ocrx_word' id='word_1_130' title='bbox 391 2097 469 2154; x_wconf 92' lang='lat' dir='ltr'>sime</span> <span class='ocrx_word' id='word_1_131' title='bbox 500 2098 530 2154; x_wconf 94' lang='lat' dir='ltr'>in</span> <span class='ocrx_word' id='word_1_132' title='bbox 560 2099 645 2155; x_wconf 90' lang='lat' dir='ltr'>curia</span> <span class='ocrx_word' id='word_1_133' title='bbox 674 2114 729 2155; x_wconf 88' lang='lat' dir='ltr'>sua</span> <span class='ocrx_word' id='word_1_134' title='bbox 759 2100 844 2170; x_wconf 83' lang='lat' dir='ltr'>regia</span> <span class='ocrx_word' id='word_1_135' title='bbox 874 2101 904 2156; x_wconf 94' lang='lat' dir='ltr'>in</span> <span class='ocrx_word' id='word_1_136' title='bbox 933 2107 1036 2156; x_wconf 88' lang='lat' dir='ltr'>nostra</span> <span class='ocrx_word' id='word_1_137' title='bbox 1065 2101 1222 2173; x_wconf 87' lang='lat' dir='ltr'>presencia</span> <span class='ocrx_word' id='word_1_138' title='bbox 1248 2099 1475 2168; x_wconf 87' lang='lat' dir='ltr'>terminaretur,</span> <span class='ocrx_word' id='word_1_139' title='bbox 1499 2098 1560 2170; x_wconf 88' lang='lat' dir='ltr'>ipsi</span> <span class='ocrx_word' id='word_1_140' title='bbox 1583 2112 1659 2154; x_wconf 87' lang='lat' dir='ltr'>vero</span> 
     </span>
     <span class='ocr_line' id='line_1_16' title="bbox 391 2201 1660 2276; baseline 0.001 -17"><span class='ocrx_word' id='word_1_141' title='bbox 391 2201 493 2272; x_wconf 85' lang='lat' dir='ltr'>iudex,</span> <span class='ocrx_word' id='word_1_142' title='bbox 525 2204 616 2261; x_wconf 91' lang='lat' dir='ltr'>iurati</span> <span class='ocrx_word' id='word_1_143' title='bbox 648 2213 678 2261; x_wconf 91' lang='lat' dir='ltr'>et</span> <span class='ocrx_word' id='word_1_144' title='bbox 708 2205 791 2262; x_wconf 88' lang='lat' dir='ltr'>cives</span> <span class='ocrx_word' id='word_1_145' title='bbox 824 2207 941 2262; x_wconf 88' lang='lat' dir='ltr'>octavis</span> <span class='ocrx_word' id='word_1_146' title='bbox 972 2207 1002 2262; x_wconf 93' lang='lat' dir='ltr'>in</span> <span class='ocrx_word' id='word_1_147' title='bbox 1029 2205 1147 2262; x_wconf 90' lang='lat' dir='ltr'>eisdem</span> <span class='ocrx_word' id='word_1_148' title='bbox 1174 2219 1282 2262; x_wconf 90' lang='lat' dir='ltr'>coram</span> <span class='ocrx_word' id='word_1_149' title='bbox 1305 2204 1395 2262; x_wconf 90' lang='lat' dir='ltr'>nobis</span> <span class='ocrx_word' id='word_1_150' title='bbox 1418 2218 1511 2260; x_wconf 90' lang='lat' dir='ltr'>causa</span> <span class='ocrx_word' id='word_1_151' title='bbox 1534 2204 1564 2260; x_wconf 89' lang='lat' dir='ltr'>in</span> <span class='ocrx_word' id='word_1_152' title='bbox 1590 2219 1660 2276; x_wconf 90' lang='lat' dir='ltr'>pre·</span> 
     </span>
     <span class='ocr_line' id='line_1_17' title="bbox 391 2309 1660 2384; baseline 0 -18"><span class='ocrx_word' id='word_1_153' title='bbox 391 2309 486 2366; x_wconf 90' lang='lat' dir='ltr'>missa</span> <span class='ocrx_word' id='word_1_154' title='bbox 510 2309 604 2368; x_wconf 90' lang='lat' dir='ltr'>finem</span> <span class='ocrx_word' id='word_1_155' title='bbox 629 2313 784 2384; x_wconf 88' lang='lat' dir='ltr'>recepturi</span> <span class='ocrx_word' id='word_1_156' title='bbox 803 2326 984 2384; x_wconf 90' lang='lat' dir='ltr'>comparere</span> <span class='ocrx_word' id='word_1_157' title='bbox 1007 2310 1163 2380; x_wconf 79' lang='lat' dir='ltr'>deberent,</span> <span class='ocrx_word' id='word_1_158' title='bbox 1180 2311 1296 2367; x_wconf 90' lang='lat' dir='ltr'>directe</span> <span class='ocrx_word' id='word_1_159' title='bbox 1316 2325 1373 2382; x_wconf 86' lang='lat' dir='ltr'>per</span> <span class='ocrx_word' id='word_1_160' title='bbox 1389 2315 1569 2366; x_wconf 88' lang='lat' dir='ltr'>annotatum</span> <span class='ocrx_word' id='word_1_161' title='bbox 1587 2324 1660 2382; x_wconf 92' lang='lat' dir='ltr'>pro-</span> 
     </span>
     <span class='ocr_line' id='line_1_18' title="bbox 390 2415 1659 2490; baseline 0.001 -19"><span class='ocrx_word' id='word_1_162' title='bbox 390 2423 566 2472; x_wconf 90' lang='lat' dir='ltr'>curatorem</span> <span class='ocrx_word' id='word_1_163' title='bbox 590 2415 664 2474; x_wconf 90' lang='lat' dir='ltr'>dicti</span> <span class='ocrx_word' id='word_1_164' title='bbox 688 2417 805 2474; x_wconf 89' lang='lat' dir='ltr'>domini</span> <span class='ocrx_word' id='word_1_165' title='bbox 829 2419 966 2490; x_wconf 90' lang='lat' dir='ltr'>episcopi</span> <span class='ocrx_word' id='word_1_166' title='bbox 991 2418 1080 2475; x_wconf 91' lang='lat' dir='ltr'>nobis</span> <span class='ocrx_word' id='word_1_167' title='bbox 1101 2417 1343 2485; x_wconf 83' lang='lat' dir='ltr'>exhibebantur;</span> <span class='ocrx_word' id='word_1_168' title='bbox 1367 2417 1539 2490; x_wconf 89' lang='lat' dir='ltr'>prescripte</span> <span class='ocrx_word' id='word_1_169' title='bbox 1555 2423 1659 2472; x_wconf 91' lang='lat' dir='ltr'>autem</span> 
     </span>
     <span class='ocr_line' id='line_1_19' title="bbox 391 2522 1660 2605; baseline 0.001 -28"><span class='ocrx_word' id='word_1_170' title='bbox 391 2528 495 2594; x_wconf 87' lang='lat' dir='ltr'>partes</span> <span class='ocrx_word' id='word_1_171' title='bbox 519 2522 649 2579; x_wconf 88' lang='lat' dir='ltr'>eandem</span> <span class='ocrx_word' id='word_1_172' title='bbox 674 2539 798 2580; x_wconf 88' lang='lat' dir='ltr'>causam</span> <span class='ocrx_word' id='word_1_173' title='bbox 830 2523 869 2580; x_wconf 85' lang='lat' dir='ltr'>ad</span> <span class='ocrx_word' id='word_1_174' title='bbox 900 2530 1024 2580; x_wconf 88' lang='lat' dir='ltr'>octavas</span> <span class='ocrx_word' id='word_1_175' title='bbox 1056 2523 1126 2581; x_wconf 82' lang='lat' dir='ltr'>festi</span> <span class='ocrx_word' id='word_1_176' title='bbox 1158 2524 1240 2580; x_wconf 87' lang='lat' dir='ltr'>beati</span> <span class='ocrx_word' id='word_1_177' title='bbox 1270 2523 1379 2605; x_wconf 91' lang='lat' dir='ltr'>Jacobi</span> <span class='ocrx_word' id='word_1_178' title='bbox 1409 2522 1551 2595; x_wconf 88' lang='lat' dir='ltr'>apostoli,</span> <span class='ocrx_word' id='word_1_179' title='bbox 1578 2537 1660 2578; x_wconf 90' lang='lat' dir='ltr'>nunc</span> 
     </span>
     <span class='ocr_line' id='line_1_20' title="bbox 391 2627 1660 2703; baseline 0.001 -20"><span class='ocrx_word' id='word_1_180' title='bbox 391 2633 544 2697; x_wconf 79' lang='lat' dir='ltr'>venturas,</span> <span class='ocrx_word' id='word_1_181' title='bbox 570 2644 626 2701; x_wconf 90' lang='lat' dir='ltr'>per</span> <span class='ocrx_word' id='word_1_182' title='bbox 649 2645 699 2686; x_wconf 94' lang='lat' dir='ltr'>me</span> <span class='ocrx_word' id='word_1_183' title='bbox 722 2629 841 2687; x_wconf 80' lang='lat' dir='ltr'>differri</span> <span class='ocrx_word' id='word_1_184' title='bbox 868 2630 1077 2703; x_wconf 87' lang='lat' dir='ltr'>postulabant.</span> <span class='ocrx_word' id='word_1_185' title='bbox 1096 2629 1154 2687; x_wconf 88' lang='lat' dir='ltr'>Pro</span> <span class='ocrx_word' id='word_1_186' title='bbox 1171 2645 1207 2686; x_wconf 93' lang='lat' dir='ltr'>eo</span> <span class='ocrx_word' id='word_1_187' title='bbox 1224 2629 1263 2686; x_wconf 91' lang='lat' dir='ltr'>ad</span> <span class='ocrx_word' id='word_1_188' title='bbox 1280 2628 1405 2685; x_wconf 91' lang='lat' dir='ltr'>easdem</span> <span class='ocrx_word' id='word_1_189' title='bbox 1421 2635 1546 2684; x_wconf 90' lang='lat' dir='ltr'>octavas</span> <span class='ocrx_word' id='word_1_190' title='bbox 1563 2627 1660 2684; x_wconf 89' lang='lat' dir='ltr'>sancti</span> 
     </span>
     <span class='ocr_line' id='line_1_21' title="bbox 389 2732 1659 2816; baseline 0 -26"><span class='ocrx_word' id='word_1_191' title='bbox 389 2733 498 2816; x_wconf 88' lang='lat' dir='ltr'>Jacobi</span> <span class='ocrx_word' id='word_1_192' title='bbox 511 2732 657 2790; x_wconf 83' lang='lat' dir='ltr'>duximus</span> <span class='ocrx_word' id='word_1_193' title='bbox 671 2750 847 2808; x_wconf 85' lang='lat' dir='ltr'>prorogare.</span> <span class='ocrx_word' id='word_1_194' title='bbox 860 2736 1034 2793; x_wconf 85' lang='lat' dir='ltr'>Voluerunt</span> <span class='ocrx_word' id='word_1_195' title='bbox 1050 2738 1149 2794; x_wconf 91' lang='lat' dir='ltr'>eciam</span> <span class='ocrx_word' id='word_1_196' title='bbox 1168 2735 1275 2793; x_wconf 88' lang='lat' dir='ltr'>eedem</span> <span class='ocrx_word' id='word_1_197' title='bbox 1293 2743 1404 2808; x_wconf 85' lang='lat' dir='ltr'>partes,</span> <span class='ocrx_word' id='word_1_198' title='bbox 1421 2740 1455 2790; x_wconf 91' lang='lat' dir='ltr'>ut</span> <span class='ocrx_word' id='word_1_199' title='bbox 1471 2733 1545 2790; x_wconf 92' lang='lat' dir='ltr'>dicti</span> <span class='ocrx_word' id='word_1_200' title='bbox 1556 2733 1659 2802; x_wconf 86' lang='lat' dir='ltr'>iudex,</span> 
     </span>
     <span class='ocr_line' id='line_1_22' title="bbox 391 2840 1659 2916; baseline -0.002 -18"><span class='ocrx_word' id='word_1_201' title='bbox 391 2841 484 2898; x_wconf 92' lang='lat' dir='ltr'>iurati</span> <span class='ocrx_word' id='word_1_202' title='bbox 507 2851 537 2900; x_wconf 90' lang='lat' dir='ltr'>et</span> <span class='ocrx_word' id='word_1_203' title='bbox 560 2841 643 2898; x_wconf 85' lang='lat' dir='ltr'>cives</span> <span class='ocrx_word' id='word_1_204' title='bbox 667 2844 768 2916; x_wconf 91' lang='lat' dir='ltr'>ipsam</span> <span class='ocrx_word' id='word_1_205' title='bbox 792 2858 916 2900; x_wconf 91' lang='lat' dir='ltr'>causam</span> <span class='ocrx_word' id='word_1_206' title='bbox 940 2844 980 2900; x_wconf 88' lang='lat' dir='ltr'>ab</span> <span class='ocrx_word' id='word_1_207' title='bbox 1004 2841 1120 2899; x_wconf 89' lang='lat' dir='ltr'>eisdem</span> <span class='ocrx_word' id='word_1_208' title='bbox 1145 2843 1263 2898; x_wconf 88' lang='lat' dir='ltr'>octavis</span> <span class='ocrx_word' id='word_1_209' title='bbox 1287 2857 1343 2898; x_wconf 89' lang='lat' dir='ltr'>nec</span> <span class='ocrx_word' id='word_1_210' title='bbox 1366 2842 1476 2898; x_wconf 85' lang='lat' dir='ltr'>litteris</span> <span class='ocrx_word' id='word_1_211' title='bbox 1499 2840 1659 2912; x_wconf 85' lang='lat' dir='ltr'>regalibus</span> 
     </span>
     <span class='ocr_line' id='line_1_23' title="bbox 389 2945 1660 3020; baseline -0.003 -15"><span class='ocrx_word' id='word_1_212' title='bbox 389 2963 445 3005; x_wconf 89' lang='lat' dir='ltr'>nec</span> <span class='ocrx_word' id='word_1_213' title='bbox 468 2949 660 3020; x_wconf 83' lang='lat' dir='ltr'>reginalibus</span> <span class='ocrx_word' id='word_1_214' title='bbox 684 2949 734 3005; x_wconf 91' lang='lat' dir='ltr'>vel</span> <span class='ocrx_word' id='word_1_215' title='bbox 758 2949 882 3006; x_wconf 87' lang='lat' dir='ltr'>racione</span> <span class='ocrx_word' id='word_1_216' title='bbox 905 2950 1058 3006; x_wconf 84' lang='lat' dir='ltr'>exercitus</span> <span class='ocrx_word' id='word_1_217' title='bbox 1080 2963 1180 3020; x_wconf 89' lang='lat' dir='ltr'>neque</span> <span class='ocrx_word' id='word_1_218' title='bbox 1203 2947 1264 3004; x_wconf 91' lang='lat' dir='ltr'>alia</span> <span class='ocrx_word' id='word_1_219' title='bbox 1288 2948 1397 3019; x_wconf 87' lang='lat' dir='ltr'>quavis</span> <span class='ocrx_word' id='word_1_220' title='bbox 1420 2945 1554 3002; x_wconf 89' lang='lat' dir='ltr'>cautella</span> <span class='ocrx_word' id='word_1_221' title='bbox 1573 2945 1660 3002; x_wconf 90' lang='lat' dir='ltr'>adin-</span> 
     </span>
     <span class='ocr_line' id='line_1_24' title="bbox 390 3051 1659 3128; baseline -0.002 -20"><span class='ocrx_word' id='word_1_222' title='bbox 390 3061 481 3111; x_wconf 86' lang='lat' dir='ltr'>venta</span> <span class='ocrx_word' id='word_1_223' title='bbox 505 3055 778 3127; x_wconf 79' lang='lat' dir='ltr'>ulterius&#39;possint</span> <span class='ocrx_word' id='word_1_224' title='bbox 801 3054 973 3128; x_wconf 85' lang='lat' dir='ltr'>prorogari.</span> <span class='ocrx_word' id='word_1_225' title='bbox 999 3054 1114 3111; x_wconf 90' lang='lat' dir='ltr'>Datum</span> <span class='ocrx_word' id='word_1_226' title='bbox 1138 3055 1168 3110; x_wconf 91' lang='lat' dir='ltr'>in</span> <span class='ocrx_word' id='word_1_227' title='bbox 1185 3052 1384 3126; x_wconf 87' lang='lat' dir='ltr'>Wyssegrad‚</span> <span class='ocrx_word' id='word_1_228' title='bbox 1404 3061 1516 3108; x_wconf 88' lang='lat' dir='ltr'>octavo</span> <span class='ocrx_word' id='word_1_229' title='bbox 1533 3051 1582 3108; x_wconf 90' lang='lat' dir='ltr'>die</span> <span class='ocrx_word' id='word_1_230' title='bbox 1598 3058 1659 3107; x_wconf 91' lang='lat' dir='ltr'>ter·</span> 
     </span>
     <span class='ocr_line' id='line_1_25' title="bbox 390 3158 1272 3233; baseline 0 -17"><span class='ocrx_word' id='word_1_231' title='bbox 390 3161 466 3216; x_wconf 90' lang='lat' dir='ltr'>mini</span> <span class='ocrx_word' id='word_1_232' title='bbox 492 3161 652 3233; x_wconf 90' lang='lat' dir='ltr'>prenotati.</span> <span class='ocrx_word' id='word_1_233' title='bbox 682 3163 770 3216; x_wconf 90' lang='lat' dir='ltr'>Anno</span> <span class='ocrx_word' id='word_1_234' title='bbox 794 3159 912 3218; x_wconf 91' lang='lat' dir='ltr'>domini</span> <span class='ocrx_word' id='word_1_235' title='bbox 936 3158 1132 3217; x_wconf 89' lang='lat' dir='ltr'>MCCCLXX</span> <span class='ocrx_word' id='word_1_236' title='bbox 1155 3167 1272 3216; x_wconf 85' lang='lat' dir='ltr'>octavo.</span> 
     </span>
    </p>
   </div>
   <div class='ocr_carea' id='block_1_3' title="bbox 478 3294 1138 3361">
    <p class='ocr_par' dir='ltr' id='par_1_3' title="bbox 478 3294 1138 3361">
     <span class='ocr_line' id='line_1_26' title="bbox 478 3294 1138 3361; baseline -0.003 -17"><span class='ocrx_word' id='word_1_237' title='bbox 478 3294 698 3360; x_wconf 89' lang='lat' dir='ltr'>Transsumptum</span> <span class='ocrx_word' id='word_1_238' title='bbox 718 3295 745 3344; x_wconf 89' lang='lat' dir='ltr'>iu</span> <span class='ocrx_word' id='word_1_239' title='bbox 764 3297 867 3345; x_wconf 90' lang='lat' dir='ltr'>collect.</span> <span class='ocrx_word' id='word_1_240' title='bbox 887 3296 946 3361; x_wconf 89' lang='lat' dir='ltr'>Joh.</span> <span class='ocrx_word' id='word_1_241' title='bbox 970 3294 1138 3360; x_wconf 77' lang='lat' dir='ltr'>Kukuljevid.</span> 
     </span>
    </p>
   </div>
   <div class='ocr_carea' id='block_1_4' title="bbox 997 3579 1057 3645">
    <p class='ocr_par' dir='ltr' id='par_1_4' title="bbox 997 3579 1057 3645">
     <span class='ocr_line' id='line_1_27' title="bbox 997 3579 1057 3645; baseline 0 -1"><span class='ocrx_word' id='word_1_242' title='bbox 997 3579 1057 3645; x_wconf 91' lang='lat'>10.</span> 
     </span>
    </p>
   </div>
   <div class='ocr_carea' id='block_1_5' title="bbox 460 3720 958 3786">
    <p class='ocr_par' dir='ltr' id='par_1_5' title="bbox 460 3720 958 3786">
     <span class='ocr_line' id='line_1_28' title="bbox 460 3720 958 3786; baseline 0.002 -17"><span class='ocrx_word' id='word_1_243' title='bbox 460 3722 535 3769; x_wconf 85' lang='lat' dir='ltr'>Anno</span> <span class='ocrx_word' id='word_1_244' title='bbox 558 3729 632 3783; x_wconf 83' lang='grc'>1393,</span> <span class='ocrx_word' id='word_1_245' title='bbox 655 3731 694 3772; x_wconf 85' lang='lat'>12.</span> <span class='ocrx_word' id='word_1_246' title='bbox 714 3721 785 3770; x_wconf 90' lang='lat' dir='ltr'>maii.</span> <span class='ocrx_word' id='word_1_247' title='bbox 805 3720 958 3786; x_wconf 82' lang='lat' dir='ltr'>Zagrabiae.</span> 
     </span>
    </p>
   </div>
   <div class='ocr_carea' id='block_1_6' title="bbox 430 3845 1625 4028">
    <p class='ocr_par' dir='ltr' id='par_1_6' title="bbox 430 3845 1625 4028">
     <span class='ocr_line' id='line_1_29' title="bbox 430 3845 1625 3923; baseline 0.001 -21"><span class='ocrx_word' id='word_1_248' title='bbox 430 3846 579 3922; x_wconf 78' lang='lat' dir='ltr'>lohannes</span> <span class='ocrx_word' id='word_1_249' title='bbox 601 3847 693 3905; x_wconf 81' lang='lat' dir='ltr'>banus</span> <span class='ocrx_word' id='word_1_250' title='bbox 715 3849 749 3904; x_wconf 78' lang='lat' dir='ltr'>de</span> <span class='ocrx_word' id='word_1_251' title='bbox 764 3849 949 3923; x_wconf 81' lang='lat' dir='ltr'>facinoribus</span> <span class='ocrx_word' id='word_1_252' title='bbox 978 3847 1117 3920; x_wconf 77' lang='lat' dir='ltr'>Gregorii</span> <span class='ocrx_word' id='word_1_253' title='bbox 1137 3848 1256 3905; x_wconf 85' lang='lat' dir='ltr'>Masten</span> <span class='ocrx_word' id='word_1_254' title='bbox 1279 3846 1387 3905; x_wconf 84' lang='lat' dir='ltr'>civibus</span> <span class='ocrx_word' id='word_1_255' title='bbox 1416 3845 1625 3904; x_wconf 74' lang='lat' dir='ltr'>Grcclreraribus</span> 
     </span>
     <span class='ocr_line' id='line_1_30' title="bbox 613 3955 1436 4028; baseline 0 -18"><span class='ocrx_word' id='word_1_256' title='bbox 613 3955 713 4024; x_wconf 81' lang='lat' dir='ltr'>illatis,</span> <span class='ocrx_word' id='word_1_257' title='bbox 736 3955 897 4012; x_wconf 81' lang='lat' dir='ltr'>clmsmense</span> <span class='ocrx_word' id='word_1_258' title='bbox 919 3955 1084 4028; x_wconf 82' lang='lat' dir='ltr'>capitulum,</span> <span class='ocrx_word' id='word_1_259' title='bbox 1111 3963 1143 4012; x_wconf 83' lang='lat' dir='ltr'>ut</span> <span class='ocrx_word' id='word_1_260' title='bbox 1164 3955 1302 4028; x_wconf 76' lang='lat' dir='ltr'>inquirat,</span> <span class='ocrx_word' id='word_1_261' title='bbox 1326 3961 1436 4010; x_wconf 80' lang='lat' dir='ltr'>exorat.</span> 
     </span>
    </p>
   </div>
   <div class='ocr_carea' id='block_1_7' title="bbox 358 4117 1659 5038">
    <p class='ocr_par' dir='ltr' id='par_1_7' title="bbox 358 4117 1659 5038">
     <span class='ocr_line' id='line_1_31' title="bbox 479 4117 1658 4200; baseline -0.002 -25"><span class='ocrx_word' id='word_1_262' title='bbox 479 4119 599 4175; x_wconf 87' lang='lat' dir='ltr'>Amicis</span> <span class='ocrx_word' id='word_1_263' title='bbox 634 4120 696 4175; x_wconf 89' lang='lat' dir='ltr'>suis</span> <span class='ocrx_word' id='word_1_264' title='bbox 730 4118 916 4188; x_wconf 86' lang='lat' dir='ltr'>reverendis,</span> <span class='ocrx_word' id='word_1_265' title='bbox 952 4120 1089 4192; x_wconf 88' lang='lat' dir='ltr'>capitulo</span> <span class='ocrx_word' id='word_1_266' title='bbox 1121 4119 1259 4176; x_wconf 57' lang='lat' dir='ltr'>ecclesie*</span> <span class='ocrx_word' id='word_1_267' title='bbox 1281 4117 1477 4184; x_wconf 72' lang='lat' dir='ltr'>chasmensis</span> <span class='ocrx_word' id='word_1_268' title='bbox 1502 4117 1658 4200; x_wconf 73' lang='lat' dir='ltr'>johannes</span> 
     </span>
     <span class='ocr_line' id='line_1_32' title="bbox 391 4219 1658 4296; baseline -0.002 -15"><span class='ocrx_word' id='word_1_269' title='bbox 391 4239 493 4281; x_wconf 91' lang='lat' dir='ltr'>comes</span> <span class='ocrx_word' id='word_1_270' title='bbox 517 4223 623 4295; x_wconf 87' lang='lat' dir='ltr'>Vegle‚</span> <span class='ocrx_word' id='word_1_271' title='bbox 649 4223 792 4280; x_wconf 86' lang='lat' dir='ltr'>Modruse</span> <span class='ocrx_word' id='word_1_272' title='bbox 817 4233 880 4294; x_wconf 68' lang='lat' dir='ltr'>etc„</span> <span class='ocrx_word' id='word_1_273' title='bbox 911 4239 1139 4296; x_wconf 80' lang='lat' dir='ltr'>regnorumque</span> <span class='ocrx_word' id='word_1_274' title='bbox 1172 4223 1339 4292; x_wconf 87' lang='lat' dir='ltr'>Dalmacie‚</span> <span class='ocrx_word' id='word_1_275' title='bbox 1371 4221 1497 4279; x_wconf 89' lang='lat' dir='ltr'>Croacie</span> <span class='ocrx_word' id='word_1_276' title='bbox 1521 4228 1551 4278; x_wconf 92' lang='lat' dir='ltr'>et</span> <span class='ocrx_word' id='word_1_277' title='bbox 1572 4219 1658 4278; x_wconf 91' lang='lat' dir='ltr'>Scla-</span> 
     </span>
     <span class='ocr_line' id='line_1_33' title="bbox 358 4329 1657 4403; baseline -0.002 -16"><span class='ocrx_word' id='word_1_278' title='bbox 358 4329 361 4334; x_wconf 84' lang='lat'>&#39;</span> <span class='ocrx_word' id='word_1_279' title='bbox 389 4332 480 4388; x_wconf 92' lang='lat' dir='ltr'>uonie</span> <span class='ocrx_word' id='word_1_280' title='bbox 503 4331 601 4386; x_wconf 89' lang='lat' dir='ltr'>banus</span> <span class='ocrx_word' id='word_1_281' title='bbox 633 4330 804 4387; x_wconf 89' lang='lat' dir='ltr'>amiciciam</span> <span class='ocrx_word' id='word_1_282' title='bbox 837 4337 978 4403; x_wconf 90' lang='lat' dir='ltr'>paratam</span> <span class='ocrx_word' id='word_1_283' title='bbox 1010 4347 1080 4387; x_wconf 90' lang='lat' dir='ltr'>cum</span> <span class='ocrx_word' id='word_1_284' title='bbox 1113 4330 1236 4387; x_wconf 84' lang='lat' dir='ltr'>honore.</span> <span class='ocrx_word' id='word_1_285' title='bbox 1273 4329 1394 4387; x_wconf 87' lang='lat' dir='ltr'>Dicitur</span> <span class='ocrx_word' id='word_1_286' title='bbox 1417 4329 1507 4386; x_wconf 89' lang='lat' dir='ltr'>nobis</span> <span class='ocrx_word' id='word_1_287' title='bbox 1531 4329 1560 4386; x_wconf 90' lang='lat' dir='ltr'>in</span> <span class='ocrx_word' id='word_1_288' title='bbox 1587 4345 1657 4402; x_wconf 91' lang='lat' dir='ltr'>per·</span> 
     </span>
     <span class='ocr_line' id='line_1_34' title="bbox 389 4435 1657 4508; baseline -0.002 -15"><span class='ocrx_word' id='word_1_289' title='bbox 389 4437 471 4493; x_wconf 91' lang='lat' dir='ltr'>sonis</span> <span class='ocrx_word' id='word_1_290' title='bbox 494 4435 699 4508; x_wconf 92' lang='lat' dir='ltr'>providorum</span> <span class='ocrx_word' id='word_1_291' title='bbox 723 4437 862 4493; x_wconf 87' lang='lat' dir='ltr'>virorum</span> <span class='ocrx_word' id='word_1_292' title='bbox 888 4437 969 4494; x_wconf 89' lang='lat' dir='ltr'>Petri</span> <span class='ocrx_word' id='word_1_293' title='bbox 990 4435 1107 4506; x_wconf 89' lang='lat' dir='ltr'>iudicis,</span> <span class='ocrx_word' id='word_1_294' title='bbox 1125 4437 1297 4494; x_wconf 90' lang='lat' dir='ltr'>iuratorum</span> <span class='ocrx_word' id='word_1_295' title='bbox 1321 4439 1351 4492; x_wconf 91' lang='lat' dir='ltr'>et</span> <span class='ocrx_word' id='word_1_296' title='bbox 1374 4435 1589 4492; x_wconf 89' lang='lat' dir='ltr'>universorum</span> <span class='ocrx_word' id='word_1_297' title='bbox 1615 4435 1657 4492; x_wconf 91' lang='lat' dir='ltr'>ci-</span> 
     </span>
     <span class='ocr_line' id='line_1_35' title="bbox 389 4539 1658 4614; baseline 0 -16"><span class='ocrx_word' id='word_1_298' title='bbox 389 4542 474 4599; x_wconf 88' lang='lat' dir='ltr'>vium</span> <span class='ocrx_word' id='word_1_299' title='bbox 500 4542 613 4598; x_wconf 91' lang='lat' dir='ltr'>montis</span> <span class='ocrx_word' id='word_1_300' title='bbox 637 4540 807 4610; x_wconf 73' lang='lat' dir='ltr'>Grecensis</span> <span class='ocrx_word' id='word_1_301' title='bbox 832 4542 915 4613; x_wconf 93' lang='lat' dir='ltr'>quod</span> <span class='ocrx_word' id='word_1_302' title='bbox 940 4541 1118 4614; x_wconf 83' lang='lat' dir='ltr'>Gregorius,</span> <span class='ocrx_word' id='word_1_303' title='bbox 1142 4541 1227 4599; x_wconf 90' lang='lat' dir='ltr'>filius</span> <span class='ocrx_word' id='word_1_304' title='bbox 1251 4543 1368 4598; x_wconf 90' lang='lat' dir='ltr'>Masten</span> <span class='ocrx_word' id='word_1_305' title='bbox 1392 4541 1430 4597; x_wconf 91' lang='lat' dir='ltr'>de</span> <span class='ocrx_word' id='word_1_306' title='bbox 1452 4539 1577 4612; x_wconf 66' lang='lat' dir='ltr'>Chicha,</span> <span class='ocrx_word' id='word_1_307' title='bbox 1602 4540 1658 4598; x_wconf 93' lang='lat' dir='ltr'>do·</span> 
     </span>
     <span class='ocr_line' id='line_1_36' title="bbox 389 4646 1658 4720; baseline -0.002 -16"><span class='ocrx_word' id='word_1_308' title='bbox 389 4647 503 4704; x_wconf 92' lang='lat' dir='ltr'>minico</span> <span class='ocrx_word' id='word_1_309' title='bbox 526 4647 576 4704; x_wconf 92' lang='lat' dir='ltr'>die</span> <span class='ocrx_word' id='word_1_310' title='bbox 600 4647 745 4720; x_wconf 84' lang='lat' dir='ltr'>proximo</span> <span class='ocrx_word' id='word_1_311' title='bbox 769 4655 838 4720; x_wconf 91' lang='lat' dir='ltr'>post</span> <span class='ocrx_word' id='word_1_312' title='bbox 863 4646 974 4704; x_wconf 81' lang='lat' dir='ltr'>festum</span> <span class='ocrx_word' id='word_1_313' title='bbox 998 4649 1188 4705; x_wconf 88' lang='lat' dir='ltr'>invencionis</span> <span class='ocrx_word' id='word_1_314' title='bbox 1219 4655 1321 4704; x_wconf 88' lang='lat' dir='ltr'>sancte</span> <span class='ocrx_word' id='word_1_315' title='bbox 1351 4648 1459 4716; x_wconf 90' lang='lat' dir='ltr'>crucis,</span> <span class='ocrx_word' id='word_1_316' title='bbox 1482 4662 1563 4702; x_wconf 89' lang='lat' dir='ltr'>nunc</span> <span class='ocrx_word' id='word_1_317' title='bbox 1586 4662 1658 4718; x_wconf 91' lang='lat' dir='ltr'>pre-</span> 
     </span>
     <span class='ocr_line' id='line_1_37' title="bbox 388 4752 1657 4826; baseline -0.001 -16"><span class='ocrx_word' id='word_1_318' title='bbox 388 4753 487 4823; x_wconf 90' lang='lat' dir='ltr'>terito,</span> <span class='ocrx_word' id='word_1_319' title='bbox 512 4752 639 4810; x_wconf 89' lang='lat' dir='ltr'>armatis</span> <span class='ocrx_word' id='word_1_320' title='bbox 662 4753 806 4810; x_wconf 88' lang='lat' dir='ltr'>manibus</span> <span class='ocrx_word' id='word_1_321' title='bbox 829 4757 859 4809; x_wconf 93' lang='lat' dir='ltr'>et</span> <span class='ocrx_word' id='word_1_322' title='bbox 883 4753 1079 4826; x_wconf 87' lang='lat' dir='ltr'>potenciariis</span> <span class='ocrx_word' id='word_1_323' title='bbox 1096 4769 1228 4811; x_wconf 88' lang='lat' dir='ltr'>unacum</span> <span class='ocrx_word' id='word_1_324' title='bbox 1253 4752 1291 4810; x_wconf 94' lang='lat' dir='ltr'>ad</span> <span class='ocrx_word' id='word_1_325' title='bbox 1315 4768 1347 4810; x_wconf 88' lang='lat' dir='ltr'>se</span> <span class='ocrx_word' id='word_1_326' title='bbox 1370 4752 1596 4825; x_wconf 89' lang='lat' dir='ltr'>pertinentibus</span> <span class='ocrx_word' id='word_1_327' title='bbox 1617 4753 1657 4809; x_wconf 93' lang='lat' dir='ltr'>ad</span> 
     </span>
     <span class='ocr_line' id='line_1_38' title="bbox 388 4857 1659 4931; baseline 0.001 -16"><span class='ocrx_word' id='word_1_328' title='bbox 388 4858 578 4915; x_wconf 86' lang='lat' dir='ltr'>territorium</span> <span class='ocrx_word' id='word_1_329' title='bbox 602 4863 632 4916; x_wconf 91' lang='lat' dir='ltr'>et</span> <span class='ocrx_word' id='word_1_330' title='bbox 655 4873 802 4931; x_wconf 89' lang='lat' dir='ltr'>campum</span> <span class='ocrx_word' id='word_1_331' title='bbox 819 4857 899 4916; x_wconf 89' lang='lat' dir='ltr'>dicte</span> <span class='ocrx_word' id='word_1_332' title='bbox 918 4859 1060 4930; x_wconf 87' lang='lat' dir='ltr'>civitatis,</span> <span class='ocrx_word' id='word_1_333' title='bbox 1080 4875 1166 4918; x_wconf 90' lang='lat' dir='ltr'>more</span> <span class='ocrx_word' id='word_1_334' title='bbox 1184 4859 1355 4930; x_wconf 89' lang='lat' dir='ltr'>latrocini0‚</span> <span class='ocrx_word' id='word_1_335' title='bbox 1372 4857 1526 4926; x_wconf 85' lang='lat' dir='ltr'>irruendo,</span> <span class='ocrx_word' id='word_1_336' title='bbox 1550 4859 1659 4931; x_wconf 85' lang='lat' dir='ltr'>ibique</span> 
     </span>
     <span class='ocr_line' id='line_1_39' title="bbox 382 4963 1659 5038; baseline -0.001 -16"><span class='ocrx_word' id='word_1_337' title='bbox 382 4963 504 5022; x_wconf 84' lang='lat' dir='ltr'>multos</span> <span class='ocrx_word' id='word_1_338' title='bbox 528 4963 624 5022; x_wconf 88' lang='lat' dir='ltr'>boves</span> <span class='ocrx_word' id='word_1_339' title='bbox 647 4969 677 5020; x_wconf 93' lang='lat' dir='ltr'>et</span> <span class='ocrx_word' id='word_1_340' title='bbox 700 4978 809 5022; x_wconf 86' lang='lat' dir='ltr'>vaccas</span> <span class='ocrx_word' id='word_1_341' title='bbox 832 4979 868 5022; x_wconf 89' lang='lat' dir='ltr'>ac</span> <span class='ocrx_word' id='word_1_342' title='bbox 891 4979 987 5038; x_wconf 89' lang='lat' dir='ltr'>equos</span> <span class='ocrx_word' id='word_1_343' title='bbox 1011 4963 1165 5022; x_wconf 90' lang='lat' dir='ltr'>dictorum</span> <span class='ocrx_word' id='word_1_344' title='bbox 1199 4965 1316 5023; x_wconf 90' lang='lat' dir='ltr'>civium</span> <span class='ocrx_word' id='word_1_345' title='bbox 1338 4965 1525 5038; x_wconf 90' lang='lat' dir='ltr'>recepissent</span> <span class='ocrx_word' id='word_1_346' title='bbox 1549 4969 1580 5021; x_wconf 91' lang='lat' dir='ltr'>et</span> <span class='ocrx_word' id='word_1_347' title='bbox 1602 4965 1659 5022; x_wconf 56' lang='lat' dir='ltr'>ale</span> 
     </span>
    </p>
   </div>
   <div class='ocr_carea' id='block_1_8' title="bbox 0 0 1932 5806">
    <p class='ocr_par' dir='ltr' id='par_1_8' title="bbox 0 0 1932 5806">
     <span class='ocr_line' id='line_1_40' title="bbox 0 0 1932 5806; baseline 0 2"><span class='ocrx_word' id='word_1_348' title='bbox 0 0 1932 5806; x_wconf 95' lang='lat' dir='ltr'> </span> 
     </span>
    </p>
   </div>
  </div>
 </body>
</html>
