3600 5804
364 571 404 631 74
790 555 864 612 Dar.
890 549 942 611 88.
969 586 1006 594 —
1032 553 1088 612 An.
1114 565 1202 629 1295.

361 755 432 813 liter
455 754 528 812 dicti
552 769 654 811 comes
677 753 786 810 Nicola
808 755 837 810 et
861 751 955 810 frater
971 769 1052 813 suus.
1071 753 1158 810 tactis
1173 753 1376 809 sacrosanctis
1399 751 1544 824 reliquiis
1562 767 1626 824 pre·

361 862 503 918 stiterunt
525 861 741 929 iuramentum,
765 866 794 916 et
817 875 834 916 e
856 873 1006 916 converso
1039 858 1196 931 predictus
1228 859 1328 916 maior
1351 859 1429 915 ville
1452 864 1485 915 et
1509 858 1626 915 univer·

362 967 435 1024 sitas
465 963 580 1023 civium
614 965 758 1038 promisit
789 971 819 1021 et
849 965 1023 1038 assumpsit,
1057 964 1139 1038 quod
1171 965 1258 1021 nulla
1289 963 1425 1036 dampna
1449 969 1481 1021 et
1507 964 1627 1020 iniurias

361 1071 477 1130 eisdem
505 1071 610 1129 comiti
643 1070 752 1128 Nicola
781 1077 812 1127 et
842 1069 931 1128 fratri
961 1085 1016 1127 suo
1047 1071 1157 1154 Janino
1188 1078 1240 1128 aut
1271 1071 1475 1143 quibuspiam
1508 1069 1546 1126 ad
1579 1084 1627 1126 eos

360 1178 570 1252 spectantibus
594 1175 741 1234 inferrent
764 1176 814 1233 vel
836 1176 943 1234 inferri
966 1176 1076 1234 facient
1108 1193 1165 1250 per
1194 1193 1226 1234 se
1256 1183 1309 1233 aut
1332 1176 1492 1249 quoslibet
1515 1174 1555 1231 ad
1579 1190 1626 1232 eos

359 1285 504 1342 similiter
526 1283 721 1356 pertinentes.
745 1281 844 1356 Super
867 1283 981 1355 quibus
997 1283 1141 1340 similiter
1156 1281 1359 1340 observandis
1382 1288 1412 1339 et
1435 1279 1627 1338 attendendis

359 1390 455 1448 iidem
478 1390 578 1447 maior
600 1389 675 1446 ville
698 1395 727 1446 et
750 1389 833 1446 cives
856 1389 1055 1462 prestiterunt
1078 1389 1286 1445 iuramentum
1308 1388 1398 1445 tactis
1426 1385 1626 1444 sacrosanctis

361 1497 538 1569 evangeliis,
562 1502 691 1569 excepto
714 1510 768 1552 seu
799 1493 930 1552 deducto
962 1494 1043 1552 facto
1074 1495 1234 1552 occisionis
1264 1493 1322 1551 filii
1354 1492 1446 1562 Benk,
1471 1491 1556 1566 quod
1580 1507 1626 1549 ex-

362 1603 513 1661 secucioni
537 1601 675 1659 eiusdem
699 1599 782 1658 Benlr
805 1605 851 1658 est
874 1601 1023 1658 relictum.
1048 1600 1197 1671 Preterea,
1221 1601 1246 1658 si
1269 1600 1383 1673 aliquis
1406 1600 1458 1656 vel
1475 1599 1574 1672 aliqui
1590 1597 1626 1655 ad

361 1711 507 1767 comitem
538 1708 647 1766 Nicola
678 1714 708 1765 et
739 1706 866 1766 fratrem
899 1707 1036 1764 eiusdem
1069 1707 1264 1780 pertinentes,
1297 1705 1418 1779 aliquid
1451 1705 1624 1762 nocumenti

362 1817 440 1889 ipsis
462 1815 583 1872 civibus
606 1820 694 1872 extra
716 1814 873 1871 civitatem
896 1811 1083 1871 Grecensem
1106 1813 1157 1869 vel
1181 1813 1258 1870 alias
1281 1813 1463 1885 irrogarent,
1488 1813 1555 1885 ipse
1580 1825 1625 1868 co·

364 1937 430 1979 mes
453 1921 561 1978 Nicola
586 1925 615 1977 et
639 1919 734 1977 frater
756 1936 830 1976 suus
854 1919 933 1976 infra
964 1921 1105 1993 spacium
1135 1921 1225 1977 unius
1257 1919 1371 1976 mensis
1394 1917 1568 1975 accedendo
1589 1915 1624 1974 ad

362 2032 497 2085 castrum
521 2026 674 2084 Grecense
697 2025 871 2084 satisfacere
895 2025 1067 2099 dampnum
1099 2026 1151 2082 vel
1183 2025 1328 2083 iniuriam
1351 2039 1444 2098 passo
1468 2023 1624 2092 tenebitur,

362 2143 396 2191 ut
419 2133 595 2206 assumpsit,
620 2132 738 2190 nonnisi
762 2148 800 2188 ex
832 2131 1071 2190 adversitatibus
1101 2131 1296 2190 evidentibus
1324 2129 1437 2188 fuerint
1461 2129 1624 2203 prepedili;

362 2246 392 2297 et
415 2238 495 2296 infra
518 2237 601 2294 idem
625 2247 748 2312 tempus
784 2239 947 2296 memorati
969 2239 1068 2296 maior
1091 2239 1167 2295 ville
1190 2244 1220 2295 et
1251 2238 1335 2294 cives
1366 2235 1404 2293 de
1427 2236 1492 2293 suis
1515 2233 1623 2292 autad

362 2361 415 2403 eos
438 2346 662 2419 pertinentibus
685 2343 723 2400 de
746 2344 865 2401 iniuriis
888 2351 918 2401 et
941 2343 1085 2417 dampnis
1108 2344 1214 2401 comiti
1238 2342 1349 2400 Nicola
1381 2349 1410 2399 et
1440 2341 1529 2399 fratri
1552 2342 1624 2398 eius·

363 2453 435 2510 dem
458 2450 493 2509 ac
516 2451 554 2508 ad
579 2466 631 2508 eos
654 2451 878 2524 pertinentibus
901 2450 1044 2522 irrogatis
1068 2449 1311 2506 satisfaccionem
1343 2448 1524 2522 impendere
1547 2457 1622 2503 tene

364 2559 479 2615 buntur
513 2558 567 2614 tali
591 2557 627 2614 ad
654 2557 708 2613 hec
731 2555 926 2614 observando
949 2561 980 2612 et
1001 2555 1187 2613 attendendo
1219 2555 1408 2614 condicionis
1439 2553 1534 2612 modo
1555 2553 1623 2610 inte-

363 2666 467 2734 riecta,
491 2663 574 2736 quod
597 2664 622 2720 si
646 2661 802 2736 sepefatus
825 2677 928 2720 comes
959 2661 1068 2720 Nicola
1099 2670 1129 2720 et
1158 2663 1286 2745 Janinus
1320 2661 1414 2719 frater
1438 2659 1576 2718 eiusdem
1597 2659 1625 2716 in

282 2797 283 2800 ¹
364 2771 469 2843 aliquo
492 2771 613 2840 horum,
644 2785 704 2842 que
737 2777 978 2842 assumpserunt.
1003 2775 1244 2841 transgressores
1275 2783 1327 2824 seu
1360 2767 1529 2824 violatores
1558 2764 1625 2822 fidei

363 2877 478 2950 reperti
502 2874 624 2946 fuerint,
649 2877 856 2948 possessiones
888 2891 958 2931 suas
990 2875 1020 2932 in
1054 2875 1176 2931 civitate
1206 2873 1351 2931 Grecensi
1374 2873 1425 2928 vel
1449 2883 1537 2930 extra
1558 2871 1626 2928 civi·

363 2988 458 3040 tatem
482 2983 597 3054 ubique
618 2982 790 3052 existentes,
821 2982 943 3038 amittat
973 2995 1076 3038 comes
1108 2980 1218 3037 Nicola
1248 2979 1428 3049 antedictus,
1460 2978 1499 3035 ad
1525 2992 1626 3034 manus

364 3096 394 3144 et
424 3089 470 3144 ius
502 3087 729 3144 communitatis
760 3086 921 3144 Grecensis
963 3086 1182 3156 devolvendas,
1213 3087 1337 3159 insuper
1369 3091 1474 3142 notam
1506 3081 1629 3158 periurii

363 3197 430 3268 ipse
453 3202 482 3251 et
507 3193 601 3251 frater
624 3208 697 3250 suus
720 3193 880 3264 incursuri,
903 3197 933 3249 et
956 3193 1099 3249 similiter
1121 3193 1148 3249 si
1170 3193 1253 3249 cives
1273 3208 1325 3248 seu
1342 3193 1548 3249 communitas
1564 3203 1628 3264 pre

365 3283 446 3358 dicta
470 3305 630 3373 assumpta
650 3307 679 3356 et
703 3300 857 3372 promissa
880 3299 911 3356 in
935 3299 991 3354 bac
1015 3305 1102 3372 parte
1125 3313 1185 3355 non
1204 3297 1382 3368 attenderet,
1399 3299 1506 3354 comiti
1525 3295 1628 3354 Nicola

364 3413 394 3464 et
416 3405 504 3464 fratri
528 3405 665 3462 eiusdem
700 3419 754 3462 nec
777 3405 965 3475 observaret,
989 3411 1095 3461 notam
1119 3405 1246 3478 periurii
1270 3406 1441 3462 incurreret
1457 3405 1525 3477 ipso
1542 3401 1628 3459 facto.

365 3513 481 3570 Datum
504 3512 533 3568 in
558 3511 666 3584 vigilia
688 3510 932 3583 Epiphaniarum
956 3509 1082 3581 domini,
1114 3525 1193 3568 anno
1225 3509 1363 3567 eiusdem
1390 3508 1475 3566 MCC
1499 3522 1629 3580 nonage

365 3619 444 3676 simo
468 3617 582 3690 quinto.

456 3751 595 3819 Originalc
621 3753 648 3802 in
673 3751 824 3801 membrana
852 3751 1005 3802 minusculis
1029 3752 1127 3802 litteris
1152 3752 1335 3817 conscriptum.
1365 3755 1388 3802 Α
1409 3758 1486 3817 tergo
1507 3751 1632 3816 impressa

366 3843 473 3892 fuerunt
492 3843 545 3891 duo
563 3840 662 3907 sigilla,
682 3841 761 3890 modo
780 3842 878 3890 avulsa.
899 3839 929 3890 In
947 3840 1056 3890 archivo
1076 3840 1123 3890 lib.
1144 3857 1198 3906 reg.
1219 3840 1335 3891 civitatis
1354 3839 1539 3906 zagrabiensis.

969 4109 1031 4175 88.

473 4200 549 4247 Anno
572 4207 645 4261 1295,
668 4212 691 4260 9.
712 4197 809 4247 martii.

366 4326 499 4383 Andreas
522 4326 582 4382 Ill.
606 4327 781 4398 Huagareae
801 4334 848 4382 etc.
865 4345 927 4394 rex,
942 4327 1109 4383 assentiente
1123 4326 1238 4382 civitate
1259 4323 1425 4395 Grechensi,
1440 4331 1634 4382 testamenfum

368 4431 515 4505 Stephani,
537 4433 604 4506 filii
624 4432 817 4501 Mladue'eaec,
849 4433 878 4488 in
894 4441 1032 4506 savorem
1055 4433 1171 4506 zagrab.
1195 4432 1316 4505 cape'eteli
1328 4431 1454 4506 factum,
1475 4432 1631 4506 confirmat.

456 4575 595 4632 Andreas
618 4574 667 4632 dei
690 4575 794 4648 gracia
819 4576 983 4648 Hungarie,
1014 4576 1182 4642 Dalmacie,
1214 4575 1349 4646 Croacie,
1381 4575 1488 4645 Rame‚
1520 4574 1631 4642 Seruie,

367 4662 494 4752 Galicie,
512 4681 702 4749 Lodomerie‚
720 4682 877 4752 Cumanie,
891 4681 1097 4755 Bulgarieque
1111 4699 1173 4740 rex.
1187 4683 1339 4741 Omnibus
1355 4681 1471 4738 Christi
1488 4680 1632 4738 fidelibus

367 4794 431 4844 tam
455 4788 651 4860 presentibus
674 4804 769 4861 quam
794 4788 905 4846 futuris
927 4805 1053 4862 presens
1076 4790 1227 4862 scriptum
1251 4788 1434 4861 inspecturis
1454 4788 1585 4845 salutem
1602 4785 1632 4842 in

368 4892 495 4950 domino
520 4894 750 4966 sempiternam.
775 4893 822 4951 Ad
847 4896 1064 4952 universorum
1088 4895 1234 4952 noticiam
1258 4895 1369 4952 harum
1394 4894 1473 4951 serie
1489 4894 1632 4950 volumus

368 4999 539 5071 pervenire,
571 4999 655 5072 quod
686 5000 808 5058 discreti
839 5001 900 5058 viri
932 5002 1105 5075 capitulum
1136 5001 1264 5058 ecclesie
1292 5000 1498 5073 zagrabiensis
1521 4997 1560 5056 ad
1581 5011 1631 5054 no·
