3600 5804
409 565 466 639 ¹48
820 560 893 617 Doc.
918 555 989 617 168.
1017 593 1054 602 -
1080 561 1136 616 An.
1160 572 1247 636 1355.

405 760 578 834 reperietur
600 759 754 830 habuisse,
783 759 841 816 nisi
864 757 1032 816 conductor
1055 774 1199 832 expresse
1222 775 1255 816 se
1278 760 1397 832 obliget
1420 759 1459 816 ad
1483 759 1666 816 solucionem

405 866 534 923 totalem
566 865 707 922 conducti
740 865 806 923 sive
837 865 1015 937 quantitatis
1046 866 1241 938 promissam,
1273 867 1361 939 quasi
1384 865 1593 922 renunciando
1615 865 1668 921 iuri

406 987 462 1029 suo
485 973 516 1030 in
540 972 596 1028 hac
620 977 714 1044 parte.
738 971 776 1028 Et
798 972 946 1044 quoniam
969 976 1112 1043 tempora
1135 970 1379 1028 conduccionum
1402 988 1456 1028 seu
1481 971 1667 1028 locacionum

407 1077 585 1135 reddituum
609 1078 660 1134 vel
684 1083 892 1150 proventuum
917 1077 1129 1150 predictorum
1154 1082 1278 1134 actenus
1301 1093 1363 1134 non
1379 1076 1504 1134 fuerunt
1520 1091 1667 1150 expressa,

407 1200 464 1257 per
487 1183 571 1258 quod
603 1182 790 1256 plerumque
821 1182 975 1240 discordie
997 1183 1077 1240 Inter
1100 1182 1302 1240 conductores
1323 1183 1505 1241 oriebantur
1527 1197 1588 1240 non
1610 1183 1668 1239 sine

406 1296 511 1348 nostro
542 1287 687 1346 scandalo
718 1288 896 1361 aliquando,
924 1305 980 1346 nos
1012 1289 1131 1361 experti
1163 1289 1318 1346 incomodi
1342 1289 1463 1346 malum
1486 1289 1602 1346 evitare
1623 1303 1668 1345 cu-

408 1397 533 1470 pientes,
557 1395 721 1452 statuimus
745 1394 983 1464 observandum,
1008 1393 1092 1468 quod
1116 1393 1235 1452 decime
1256 1395 1347 1452 nobis
1370 1396 1595 1468 provenientes,
1617 1395 1668 1451 sci-

408 1504 479 1560 licet
510 1503 710 1558 cultellorum
741 1501 956 1573 zagrabiensis
990 1501 1027 1558 de
1060 1500 1211 1571 Guerche,
1245 1499 1282 1558 de
1305 1500 1401 1558 Bexin
1423 1509 1453 1558 et
1476 1501 1514 1559 de
1538 1500 1667 1574 Zagon'a

408 1610 483 1666 item
517 1607 654 1665 redditus
686 1613 715 1664 et
747 1613 915 1680 proventus
943 1608 1147 1664 comitatuum
1177 1611 1355 1664 nostrorum
1386 1607 1426 1664 de
1458 1607 1560 1664 Zitech
1583 1613 1613 1662 et
1633 1604 1668 1661 de

409 1715 571 1788 Thoplica,
601 1730 619 1772 a
642 1714 751 1786 vigilia
782 1714 864 1770 beati
886 1713 995 1796 Jacobi
1018 1713 1152 1786 apostoli
1175 1728 1271 1786 usque
1295 1713 1333 1770 ad
1358 1713 1472 1770 festum
1495 1713 1578 1770 beati
1597 1711 1667 1767 Lau·

407 1821 503 1878 reneii
525 1836 564 1876 ex
585 1826 656 1877 tunc
680 1835 819 1893 sequens
850 1820 925 1876 item
950 1820 1065 1877 tributa
1087 1824 1193 1876 nostra
1215 1819 1427 1892 zagrabiensia
1450 1825 1480 1875 et
1504 1818 1542 1875 de
1566 1817 1665 1885 casua,

408 1943 427 1984 a
450 1926 528 1984 festo
552 1927 635 1984 beati
658 1925 820 1982 Laurencli
843 1941 941 1998 usque
965 1925 1108 1998 vigiliam
1132 1925 1215 1982 beati
1237 1925 1319 1997 regis
1342 1923 1498 1998 Stephani.
1526 1925 1600 1981 Item
1624 1923 1668 1979 de-

409 2036 488 2092 cime
519 2033 584 2090 vini
616 2031 809 2090 koncharum
843 2030 993 2103 Zagrabie
1025 2032 1115 2088 nobis
1147 2030 1251 2087 debite
1274 2046 1312 2086 ex
1335 2036 1407 2087 tunc
1431 2047 1529 2103 usque
1552 2035 1667 2087 octavas

409 2139 547 2198 eiusdem
573 2138 643 2195 festi
666 2139 749 2195 beati
772 2136 920 2210 Stephani
943 2138 994 2194 vel
1018 2153 1117 2210 usque
1139 2138 1282 2210 vigiliam
1302 2137 1441 2194 eiusdem
1458 2136 1535 2206 festi,
1553 2134 1667 2209 quando

410 2246 568 2304 vindemia
592 2261 625 2303 se
654 2253 724 2302 ante
747 2245 931 2312 exhibuerit,
963 2243 1121 2301 evidenter
1149 2259 1272 2317 semper
1294 2245 1324 2302 in
1348 2246 1494 2302 omnibus
1518 2243 1668 2317 premissis

409 2352 574 2420 exclusive,
607 2365 769 2422 quousque
800 2348 939 2406 officium
969 2350 1182 2421 vespertinum
1214 2355 1244 2406 et
1276 2350 1460 2423 completorii
1490 2365 1563 2406 cum
1588 2348 1666 2404 salve

408 2459 514 2530 regina
537 2457 588 2513 vel
612 2456 673 2513 alia
697 2455 865 2528 antiphona
888 2455 1018 2526 virginis
1046 2455 1181 2528 gloriose
1204 2455 1234 2511 in
1260 2455 1369 2512 maiori
1393 2455 1522 2512 ecclesia
1544 2454 1666 2522 finietur,

410 2562 538 2622 conduci
555 2567 585 2619 et
602 2562 794 2634 augmentari
809 2562 927 2634 possint
943 2561 974 2616 ln
990 2560 1058 2632 lpsa
1077 2561 1210 2618 ecclesia
1228 2561 1277 2616 vel
1294 2566 1363 2617 ante
1379 2576 1448 2617 eam
1472 2561 1503 2618 in
1528 2559 1668 2634 pupplico

411 2688 467 2746 per
490 2669 628 2743 ydoneos
652 2668 869 2736 conductores;
893 2668 1006 2740 quibus
1030 2669 1169 2725 terminis
1186 2668 1290 2741 lapsIS,
1315 2682 1350 2724 eo
1373 2669 1441 2739 ipso
1466 2682 1524 2740 pro
1547 2665 1665 2738 singulis

410 2777 680 2846 conduccionibuS,
715 2783 749 2832 ut
772 2774 951 2848 predicitur,
982 2790 1089 2831 secure
1113 2773 1316 2831 conductores
1339 2774 1482 2846 pociores
1506 2774 1562 2830 illo
1584 2770 1667 2828 modo

410 2891 440 2941 et
463 2883 579 2954 ordine,
603 2889 636 2939 ut
660 2887 707 2938 est
727 2881 853 2950 dictum,
885 2880 1118 2954 apprehendant
1143 2880 1328 2937 exercicium
1352 2878 1574 2936 conductarum
1596 2877 1667 2933 deci-

411 3005 533 3048 marum
558 2994 610 3045 aut
634 2993 842 3061 proventuum
876 3001 1146 3060 quorumcumque
1169 2987 1220 3042 vel
1244 2986 1434 3042 tributorum
1458 2983 1667 3057 predictorum,

410 3113 466 3154 nec
489 3097 607 3169 possint
631 3093 764 3150 refutare
788 3092 939 3150 conducta
963 3091 1193 3165 quoquomodo,
1218 3091 1269 3148 sed
1288 3090 1324 3148 ad
1343 3091 1532 3147 solucionem
1551 3089 1665 3146 totalem

412 3203 591 3275 obligentur
622 3215 659 3256 eo
690 3201 758 3272 ipso
787 3214 845 3271 pro
876 3214 911 3255 ea
943 3199 1113 3270 quantitate
1144 3198 1281 3270 pecunie,
1313 3212 1373 3269 que
1403 3212 1459 3269 per
1493 3211 1544 3251 eos
1567 3194 1667 3251 ultimo

411 3309 564 3384 promissa
597 3306 695 3363 luerat
726 3306 776 3362 vel
801 3305 898 3361 eciam
934 3309 1146 3375 augmentata;
1171 3304 1229 3360 hoc
1253 3317 1407 3376 expresso,
1432 3301 1516 3374 quod
1541 3299 1666 3358 redditus

412 3424 441 3474 et
480 3419 650 3489 proventus
689 3411 935 3468 comunitatuum
967 3409 1179 3482 predictorum
1209 3409 1356 3481 siuguloS,
1387 3425 1467 3465 unus
1497 3413 1612 3465 tantum
1641 3409 1665 3458 et

411 3538 471 3580 non
495 3522 603 3594 plures
628 3518 751 3575 valeant
774 3517 945 3574 conducere
968 3532 1023 3572 nec
1047 3515 1086 3571 de
1109 3517 1253 3572 societate
1277 3529 1342 3571 esse
1365 3513 1567 3571 conductoris.
1601 3511 1667 3568 item

413 3629 490 3685 alios
515 3624 672 3699 predictos
696 3622 833 3695 singulos
857 3621 1000 3678 similiter
1023 3621 1074 3676 vel
1097 3621 1136 3678 ad
1161 3622 1233 3693 plus
1252 3620 1323 3690 duo,
1339 3637 1377 3677 ne
1394 3635 1449 3692 per
1465 3619 1665 3692 pluralitatem

412 3732 636 3791 conductorum
670 3730 720 3784 vel
753 3729 908 3785 sociorum
940 3729 970 3784 in
1004 3728 1061 3784 hac
1085 3733 1172 3800 parte
1197 3727 1348 3783 locatores
1372 3724 1465 3781 iidem
1490 3725 1549 3782 sint
1573 3723 1666 3796 quiet

398 3837 614 3896 conductores
647 3835 825 3892 reddituum
854 3836 904 3891 vel
940 3840 1148 3907 proventuum
1179 3833 1397 3906 predictorum.
1433 3831 1610 3905 Pupplicata
1640 3827 1665 3882 in

413 3944 521 4016 vigilia
544 3943 613 3999 testi
636 3942 718 3998 beati
743 3941 901 3997 Laurencli
926 3939 1063 4014 predicti.
1097 3942 1187 3996 Anno
1210 3939 1328 3996 domini
1352 3937 1588 3995 MCCCXXXV.

501 4061 541 4110 Ex
568 4059 640 4108 libro
668 4059 794 4108 Statutor.
823 4058 901 4122 capit.
930 4057 1034 4122 zagrab
1058 4073 1081 4120 p.
1111 4056 1130 4106 Ι.
1161 4072 1180 4106 c.
1210 4055 1344 4105 XXXIII.
1363 4057 1437 4120 Joan.
1467 4053 1582 4103 Tkaleic'·⁸
1607 4050 1665 4100 llon.

413 4149 472 4203 hist.
493 4149 571 4214 episc.
591 4147 695 4212 zagrab.
718 4145 751 4195 ΙΙ.
772 4162 796 4210 p.
819 4155 938 4204 31.—-32.

1004 4286 1089 4352 loe.

519 4414 595 4461 Anno
617 4421 691 4470 1335,
711 4423 752 4475 29.
772 4410 933 4461 novembris.
953 4409 983 4459 In
1003 4409 1141 4475 Visegrad.

465 4540 587 4596 Carolus
610 4539 787 4610 Hungorr'ae
809 4545 856 4595 etc.
881 4557 943 4606 rex,
966 4539 1061 4594 ntaior
1083 4556 1117 4594 ur
1137 4523 1270 4608 erigatur
1283 4543 1373 4610 porto
1388 4543 1482 4609 prope
1491 4536 1630 4608 palatium

795 4647 892 4716 regale
914 4646 944 4700 in
967 4653 1058 4702 attente
1087 4643 1192 4714 Greek,
1215 4651 1298 4701 vetat.

502 4791 636 4849 Karolus
660 4789 709 4846 dei
732 4791 836 4861 gracia
860 4806 914 4846 rex
937 4790 1102 4861 Hungarie.
1129 4789 1250 4845 Dilecto
1274 4788 1333 4844 sibi
1357 4799 1386 4844 et
1411 4786 1497 4844 fideli
1515 4782 1666 4857 magnifico

418 4901 483 4956 vito
507 4897 619 4970 Mykch
644 4897 724 4952 bano
748 4896 844 4952 tocius
868 4895 1029 4953 Sclauonie
1051 4895 1183 4951 salutem
1200 4899 1229 4950 et
1245 4894 1390 4966 graciam.
1415 4892 1577 4960 Noveritis‚
1594 4883 1667 4964 quod

415 5018 606 5078 quamquam
630 5017 685 5058 nos
709 5002 740 5057 in
764 5002 886 5058 civilate
909 5007 1013 5058 nostra
1036 5003 1128 5057 castri
1152 5000 1265 5056 montis
1288 4998 1450 5057 Grecensis
1474 4999 1512 5055 de
1528 4994 1663 5070 Zagrabta
