3600 5804
603 562 675 620 Doc.
699 575 770 640 24²·
798 596 833 605 -
853 564 908 622 Au
931 559 1020 640 1361.
1385 581 1443 636 225

176 762 404 836 dampnificare
434 761 609 820 revocando
640 762 671 819 in
702 762 824 820 irritum
857 767 887 819 et
922 763 1084 836 quitquam
1119 779 1317 838 quocumque
1352 764 1446 823 modo

176 875 285 926 contra
309 869 516 943 prescriptam
540 866 674 924 formam
698 883 753 924 sue
776 868 878 939 gracie
901 869 1055 941 generalis
1085 876 1191 928 contra
1221 869 1377 944 predictos
1399 887 1446 930 ca·

175 975 305 1032 nonicos
328 981 358 1032 et
380 975 552 1048 capitulum
577 974 705 1032 ecclesie
727 974 935 1046 zagrabiensis
957 975 1009 1030 vel
1045 976 1209 1049 quospiam
1233 976 1375 1050 ipsorum
1398 993 1446 1034 ac-

177 1089 245 1137 tum
269 1079 364 1138 fuerit
386 1081 437 1136 vel
462 1085 662 1152 acceptatum.
695 1079 862 1138 Universas
885 1085 988 1136 autem
1017 1080 1135 1137 litteras
1158 1087 1327 1152 tamsuas,
1352 1099 1445 1156 quam

177 1186 435 1257 confirmatorias,
452 1201 546 1258 quam
568 1186 646 1242 alias
662 1185 875 1260 quorumlibet
892 1185 1104 1258 privilegiales
1127 1195 1157 1244 et
1179 1187 1356 1260 specialiter
1371 1187 1447 1246 dicti

175 1293 338 1350 Laurencii
371 1292 511 1364 magistri
544 1291 775 1349 tavarnicorum
806 1306 933 1348 suorum
964 1293 1205 1350 sentencionales
1236 1293 1266 1350 in
1298 1308 1446 1367 quorum·

176 1414 312 1471 cumque
337 1398 507 1454 verborum
531 1397 582 1454 vel
606 1397 807 1454 materiarum
832 1395 940 1455 formis
963 1395 1080 1455 factum
1100 1397 1180 1455 dicte
1201 1399 1379 1474 calumpnie
1394 1417 1446 1458 ex-

176 1505 348 1577 primentes
371 1519 428 1577 per
448 1503 510 1560 iam
534 1502 632 1560 dictos
656 1503 739 1560 cives
762 1518 834 1560 suos
857 1501 1047 1561 Grechenses
1075 1509 1181 1562 contra
1204 1506 1376 1580 capitulum
1399 1523 1446 1565 ec-

174 1611 270 1667 clesie
294 1609 502 1682 zagrabiensis
534 1608 708 1682 predictum
741 1607 1033 1682 quomodocumque
1066 1615 1095 1667 et
1126 1612 1237 1683 quovis
1268 1598 1372 1670 colore
1392 1629 1447 1688 op·

176 1721 285 1784 tentas,
311 1715 477 1787 acquisitas
501 1720 531 1772 et
553 1719 711 1771 emanatas
734 1729 769 1770 ac
793 1715 931 1772 emanari
962 1723 1152 1788 procuratas,
1176 1719 1392 1777 tantummodo
1416 1721 1447 1777 iu

176 1823 245 1894 ipso
268 1821 403 1878 articulo
427 1821 603 1893 calumpnie
626 1820 692 1877 sive
708 1826 824 1894 punctu
842 1825 990 1878 cassasset
1006 1825 1036 1878 et
1051 1823 1248 1895 reprobasset
1271 1829 1302 1880 et
1327 1825 1446 1882 viribus

175 1928 385 1984 commisisset
409 1927 558 1984 carituras
588 1931 618 1982 et
648 1942 755 1983 earum
786 1925 1014 1982 exhibitoribus
1044 1927 1161 2000 ubique
1184 1929 1339 1986 nocituras
1363 1931 1445 1988 testi-

175 2035 282 2091 monio
307 2033 483 2090 litterarum
504 2049 632 2090 suarum
656 2032 826 2101 mediante;
850 2037 879 2094 et
902 2048 940 2088 ne
963 2049 1019 2089 sua
1035 2035 1138 2105 gracia
1155 2050 1210 2107 per
1226 2035 1329 2109 ipsum
1350 2037 1447 2094 racio·

174 2139 325 2197 nabiliter
350 2139 409 2211 ipsi
433 2139 570 2212 capitulo
595 2137 683 2208 sacta,
707 2139 780 2211 quia
810 2139 955 2198 dominus
987 2139 1134 2196 Nicolaus
1158 2141 1295 2214 predicte
1319 2143 1447 2201 ecclesie

174 2245 387 2317 zagrabiensis
411 2245 584 2317 episcopus,
608 2245 679 2301 aule
710 2260 763 2301 sue
794 2245 1066 2303 vicecancellarius
1097 2247 1126 2304 in
1158 2245 1263 2304 officio
1286 2226 1447 2307 conserva-

174 2352 272 2408 cionis
297 2352 346 2407 sui
370 2351 496 2408 maioris
527 2349 623 2422 sigilli
657 2349 843 2423 fungeretur,
874 2351 955 2407 vicio
988 2351 1119 2409 alicuius
1150 2351 1317 2411 dubietatis
1345 2361 1375 2411 et
1398 2371 1447 2412 su·

175 2457 266 2530 spicii
292 2455 515 2527 obfuscaretur,
548 2457 601 2514 sed
626 2473 750 2529 semper
772 2457 860 2514 salva
885 2473 1069 2531 permanens
1094 2463 1123 2514 et
1147 2459 1326 2518 inconcussa
1350 2462 1448 2519 robur

174 2565 332 2636 optineret
356 2569 505 2636 perpetue
529 2563 685 2622 firmitatis
708 2579 763 2620 nec
787 2579 844 2636 per
867 2564 1047 2636 quempiam
1065 2565 1183 2623 valeret
1206 2567 1236 2623 in
1259 2567 1383 2625 irritum
1400 2585 1447 2625 re-

174 2671 292 2740 vocari,
316 2669 457 2740 sigillum
481 2669 562 2726 dicte
586 2669 710 2726 domine
733 2670 846 2741 regine,
867 2663 1048 2747 genitrici(s)
1064 2686 1117 2727 sue
1133 2669 1295 2730 karissime
1311 2675 1446 2744 anulare,

175 2791 213 2832 ex
234 2775 377 2832 eiusdem
402 2774 527 2832 domine
549 2777 654 2848 regine
678 2781 708 2832 et
731 2775 924 2848 prelatorum
946 2791 982 2833 ac
1005 2778 1156 2834 baronum
1181 2793 1309 2836 suorum
1327 2781 1447 2854 predic-

174 2887 281 2938 torum
298 2879 472 2938 deliberato
488 2882 625 2952 consili0,
649 2881 753 2954 sigillo
769 2881 923 2954 adiuncto,
944 2882 1081 2955 predicte
1097 2883 1199 2941 littere
1222 2885 1375 2943 statuisset
1392 2903 1445 2960 ap-

174 2987 378 3061 pendendum
404 2987 435 3044 in
459 2989 668 3044 testimonium
686 2989 918 3062 premissorum.
941 2987 1081 3060 Quarum
1099 2989 1273 3048 litterarum
1293 2992 1447 3064 regalium

174 3095 318 3166 graciose
346 3093 447 3149 eidem
475 3094 612 3166 capitulo
637 3095 830 3166 zagrabiensi
861 3093 1002 3151 datarum
1034 3095 1281 3154 exhibicionibus
1306 3097 1393 3155 iactis
1417 3108 1446 3156 et

174 3200 339 3256 tenoribus
362 3197 541 3256 earumdem
566 3200 684 3272 revisiS,
709 3201 781 3273 quia
804 3199 979 3274 predictum
1004 3201 1165 3259 dominum
1182 3209 1321 3262 nostrum
1338 3221 1445 3279 regem

175 3305 214 3362 de
239 3305 402 3362 voluntate
426 3311 455 3361 et
481 3305 677 3379 beneplacito
700 3305 824 3364 domine
847 3307 1015 3378 Elizabeth,
1040 3307 1089 3365 dei
1113 3310 1216 3380 gracia
1240 3312 1345 3383 regine
1361 3313 1446 3371 Hun-

174 3412 271 3484 garie,
296 3403 453 3482 genitricis
475 3428 529 3470 sue
551 3413 712 3470 karissime
736 3419 766 3469 et
789 3413 828 3470 de
851 3428 1000 3470 consensu
1025 3429 1062 3470 ac
1084 3415 1214 3472 consilio
1244 3419 1330 3489 regni
1357 3420 1447 3478 baro·

175 3533 263 3588 num,
289 3515 517 3576 deliberacione
541 3534 612 3576 cum
636 3519 752 3576 eisdem
770 3520 940 3592 prehabita‚
957 3519 1131 3593 predictum
1148 3523 1318 3596 capitulum
1342 3541 1447 3598 zagra-

175 3623 284 3680 biense
309 3639 326 3679 a
350 3623 490 3697 predicto
515 3624 651 3682 iudiciali
682 3625 860 3698 calumpnie
892 3627 1072 3696 gravamine
1104 3627 1133 3684 in
1165 3644 1227 3700 quo
1258 3630 1318 3703 ipsi
1341 3641 1447 3691 contra

175 3731 261 3786 cives
286 3735 317 3786 et
340 3730 476 3804 hospites
501 3729 691 3788 Grechenses
715 3731 867 3804 premisso
891 3731 985 3788 modo
1004 3731 1243 3792 dinoscebantur
1259 3735 1325 3794 iore
1342 3739 1446 3811 quieti,

174 3851 235 3909 pro
259 3851 306 3906 eo,
323 3837 396 3908 quia
419 3841 555 3894 sanctam
572 3841 704 3894 matrem
720 3836 883 3894 ecclesiam
907 3845 937 3894 et
961 3839 1045 3894 viros
1061 3837 1119 3896 deo
1140 3839 1325 3900 famulantes
1341 3860 1447 3916 regem

175 3948 205 3999 et
229 3942 311 4000 alios
334 3943 503 4014 graciosius
527 3943 673 4016 prosequi
697 3945 853 4016 competit,
884 3943 922 4000 de
954 3944 1145 4017 plenitudine
1176 3962 1231 4004 sue
1254 3949 1337 4020 regie
1363 3956 1447 4022 pote-

175 4049 265 4106 statis
289 4065 327 4105 ex
351 4049 436 4106 omni
460 4055 548 4122 parte
571 4055 635 4106 tarn
663 4049 773 4106 iudicis
804 4065 897 4122 quam
930 4051 1070 4122 parcium
1100 4051 1301 4110 adversarum
1326 4057 1448 4128 penitus

175 4161 205 4212 et
229 4155 358 4212 omnino
382 4171 420 4212 ex
443 4155 728 4228 superhabundanti
746 4155 850 4227 gracia
873 4161 902 4213 et
925 4171 962 4212 ex
986 4162 1069 4214 certa
1086 4158 1215 4215 sciencia
1232 4162 1447 4220 tantummodo

176 4262 207 4318 iu
231 4261 301 4334 ipso
325 4261 502 4334 calumpnie
525 4261 656 4318 articulo
687 4262 867 4332 absolvisse,
891 4261 1064 4320 reddidisse
1090 4269 1119 4318 et
1140 4263 1331 4322 commisisse
1356 4282 1447 4340 expe·

176 4367 259 4424 ditos
283 4383 321 4423 ex
345 4368 424 4424 serie
447 4366 658 4440 predictarum
683 4367 856 4424 litterarum
889 4367 1043 4440 regalium
1075 4369 1211 4440 grasiose
1238 4369 1339 4427 eidem
1362 4373 1445 4446 capi-

176 4474 245 4530 tulo
268 4472 412 4530 datarum
444 4471 605 4530 manifeste
628 4473 841 4542 intuebamur;
873 4473 942 4530 ideo
974 4490 1030 4532 nos
1058 4490 1190 4532 unacum
1221 4475 1349 4534 Nicolao
1376 4480 1445 4537 stri-

176 4579 326 4650 goniensi,
353 4578 474 4636 Thoma
497 4579 703 4647 cholochensi‚
731 4580 997 4653 archyepiscopis;
1024 4579 1181 4654 Stephano
1207 4581 1355 4654 nitriensi,
1383 4585 1445 4642 Do·

177 4685 294 4742 minico
324 4684 539 4755 chanadyenst
568 4685 738 4759 episcopis;
754 4683 927 4756 magnificis
955 4686 1043 4743 viris:
1068 4685 1196 4743 Nicolao
1219 4687 1336 4760 Konclr,
1361 4691 1448 4762 regni

178 4791 339 4862 Huugarie
374 4791 514 4877 palatino
552 4797 582 4848 et
619 4790 720 4848 iudice
758 4793 978 4863 Cumanorum,
1014 4791 1170 4866 Stephano
1208 4791 1315 4850 Bubek
1356 4793 1447 4865 dictu,

178 4896 279 4953 iudice
303 4896 388 4953 curie
418 4897 503 4967 regie
527 4911 643 4954 necnon
674 4897 743 4953 aliis
766 4897 853 4968 regni
885 4898 1055 4954 baronibus
1089 4905 1118 4953 et
1154 4897 1313 4954 nobilibus
1342 4901 1449 4958 nobis·

178 5017 250 5058 cum
291 5003 322 5058 in
361 5001 476 5059 iudicio
508 5001 745 5059 consedentibus
783 5004 889 5076 ipsum
926 5004 1100 5076 capitulum
1133 5004 1331 5075 zagrabiense
1363 5006 1448 5066 iuxta

1310 5131 1339 5182 15
