3824 5806
411 536 471 609 398
852 534 924 592 Doc.
948 547 1017 611 4¹2·
1041 567 1079 578 -
1104 533 1160 592 An.
1178 531 1270 612 1398.

409 729 593 790 formatione
616 732 767 805 quasdam
790 737 853 790 tres
876 704 1026 790 sessiones
1042 733 1182 805 magistri
1205 733 1324 794 Nicolai
1341 735 1476 806 litterati,
1499 734 1558 794 filii
1574 735 1676 806 Pauli,

409 838 482 896 dicti
506 839 666 908 Praudich,
691 838 729 896 de
752 837 912 911 Zagrabia.
938 839 1096 898 Baniazela
1119 845 1252 911 vocatas,
1276 841 1362 900 iuxta
1383 841 1495 900 villam
1519 841 1677 913 Pobresye

408 944 599 1017 appellatam
624 960 710 1001 secus
726 945 934 1016 possessiones
950 945 1066 1002 civium
1081 945 1215 1002 civitatis
1230 946 1344 1003 montis
1359 945 1520 1004 Grecensis
1536 945 1674 1004 dedicta

407 1049 557 1121 Zagrabia
584 1050 714 1120 habitas,
734 1059 851 1108 necnon
872 1049 1029 1123 quandam
1049 1052 1172 1110 vineam
1192 1051 1346 1110 desertam
1362 1069 1413 1110 seu
1439 1060 1553 1110 terram
1571 1053 1680 1110 vinea·

408 1155 470 1213 lem
484 1171 520 1212 ac
532 1163 646 1213 terram
660 1157 812 1214 arabilem
825 1156 926 1214 eidem
938 1157 1148 1216 subiacentem
1165 1165 1194 1216 et
1208 1175 1306 1232 usque
1323 1159 1453 1217 lluvium
1465 1159 1607 1218 Grachan
1624 1175 1680 1216 vo·

407 1267 509 1318 catum
525 1277 558 1319 se
569 1262 784 1322 extendentem
796 1263 826 1320 in
840 1264 995 1332 vicinitate
1008 1265 1153 1322 territorii
1167 1263 1298 1322 fratrum
1312 1264 1541 1322 Heremitarum
1554 1265 1594 1322 de
1604 1280 1679 1339 pro-

410 1368 564 1426 montorio
586 1369 776 1440 zagrabiensi
793 1373 823 1426 et
838 1368 1019 1428 eorumdem
1033 1370 1148 1427 civium
1161 1371 1333 1440 existentes,
1349 1371 1408 1428 sub
1420 1372 1544 1430 nomine
1556 1385 1679 1444 posses·

407 1473 528 1530 sionum
558 1473 598 1530 ad
628 1479 764 1532 castrum
794 1481 934 1533 nostrum
966 1475 1145 1532 Meduewar
1167 1481 1321 1547 vocaturn,
1346 1477 1573 1550 pertinentium,
1596 1477 1675 1536 alias

408 1581 553 1652 occupari
576 1586 606 1636 et
630 1580 669 1637 ad
693 1581 795 1654 ipsum
820 1587 955 1638 castrum
980 1582 1132 1656 applicari
1149 1581 1320 1640 fecerimus.
1337 1582 1461 1650 Tamen,
1479 1583 1552 1655 quia
1568 1583 1671 1656 ipsum

408 1686 591 1756 magistrum
617 1685 779 1743 Nicolaum
807 1703 901 1760 super
937 1686 1016 1744 lacto
1040 1686 1207 1744 earundem
1231 1688 1326 1746 trium
1349 1688 1518 1748 sessionum
1535 1703 1570 1744 ac
1585 1688 1675 1746 vinee

409 1807 461 1848 seu
486 1796 566 1848 terre
589 1792 720 1849 vinealis
743 1807 779 1849 ac
801 1799 882 1850 terre
905 1793 1033 1850 arabilis
1057 1798 1085 1849 et
1110 1793 1363 1866 pertinentiarum
1387 1793 1554 1850 earundem
1584 1793 1673 1864 legit·

407 1897 519 1956 timum
551 1898 598 1954 ius
629 1903 659 1954 et
690 1897 902 1954 efficasissima
933 1899 1083 1956 litteraria
1116 1899 1317 1956 instrumenta
1344 1899 1458 1956 habere
1484 1915 1520 1956 ac
1551 1898 1673 1956 easdem

409 2009 470 2060 tres
501 2005 658 2074 sessiones,
690 2005 813 2061 vineam
843 2021 896 2061 seu
928 2011 1041 2062 terram
1075 2006 1227 2063 vinealem
1259 2022 1294 2063 ac
1326 2011 1438 2064 terram
1466 2007 1618 2064 arabilem
1642 2013 1671 2062 et

410 2110 613 2182 pertinencias
638 2110 804 2167 earundem
829 2110 929 2168 eidem
954 2112 1103 2182 magistro
1126 2111 1255 2168 Nicolao
1278 2113 1345 2169 iure
1368 2111 1554 2169 hereditario
1577 2128 1615 2168 ex
1631 2117 1669 2168 te·

407 2230 481 2272 nore
504 2215 685 2273 eorumdem
710 2217 891 2274 litteralium
918 2219 1191 2275 instrumentorum
1209 2219 1357 2290 pertineri
1372 2234 1424 2274 seu
1442 2219 1574 2292 spectari
1591 2219 1675 2280 clare

407 2321 632 2393 comperimus;
666 2337 723 2394 pro
755 2337 791 2379 eo
822 2337 877 2380 nos
900 2324 1057 2392 sessiones,
1085 2325 1209 2380 vineam
1232 2331 1262 2381 et
1285 2330 1382 2381 terras
1405 2325 1539 2381 arabiles
1563 2339 1673 2396 preno-

407 2431 484 2484 tatas
515 2427 682 2485 simulcum
719 2429 880 2501 prelibatis
912 2429 1103 2502 pertinentiis
1134 2430 1315 2488 eorumdem
1347 2429 1499 2488 antedicto
1524 2430 1673 2501 magistro

406 2531 534 2590 Nicolao
559 2533 704 2592 litterato
737 2541 883 2606 tanquam
915 2535 996 2592 iusto
1019 2536 1094 2592 iuris
1118 2537 1208 2592 titulo
1231 2553 1302 2594 eum
1328 2543 1543 2594 concernentes
1565 2537 1673 2597 libere.

406 2639 533 2712 pacifice
565 2649 594 2696 et
625 2640 728 2712 quiete
759 2623 944 2698 remittendo
976 2647 1006 2698 et
1038 2641 1241 2715 relinquendo
1268 2642 1462 2715 eundemque
1486 2643 1670 2714 magistrum

405 2744 577 2812 Nicolaum,
602 2745 686 2802 iuxta
710 2745 892 2802 eorumdem
915 2747 1097 2804 litteralium
1126 2749 1401 2806 instrumentorum
1433 2749 1526 2808 series
1548 2753 1580 2804 et
1602 2763 1673 2806 con·

406 2850 555 2919 tinentias,
580 2851 775 2924 presentibus
799 2853 908 2910 vicinis
932 2859 961 2910 et
985 2854 1205 2912 commetaneis
1229 2852 1408 2910 earumdem
1431 2853 1592 2922 universis,
1616 2868 1674 2925 per

405 2955 542 3012 Blasium
575 2955 742 3013 officialem
774 2959 858 3014 curie
888 2965 991 3016 nostre
1021 2960 1237 3031 zagrabiensis,
1270 2959 1428 3016 hominem
1462 2965 1601 3015 nostrum
1633 2957 1672 3015 ad

405 3062 463 3119 boc
486 3063 662 3135 specialiter
686 3078 743 3136 per
765 3079 821 3120 nos
844 3063 1038 3136 deputatum,
1058 3065 1089 3122 in
1113 3064 1285 3122 dominium
1308 3065 1474 3130 earundem
1490 3065 1671 3130 sessionum,

405 3167 494 3224 vinee
519 3182 555 3224 ac
578 3173 732 3225 terrarum
753 3169 920 3226 arabilium
937 3178 967 3226 et
983 3171 1238 3244 pertinentiarum
1257 3173 1393 3244 ipsarum
1411 3171 1563 3243 legittime
1579 3170 1672 3236 statui

406 3272 544 3345 lecimus,
567 3274 656 3331 nullo
679 3274 904 3332 contradictore
932 3277 1008 3333 inibi
1032 3282 1200 3350 apparente
1223 3279 1254 3334 in
1279 3278 1336 3334 hac
1359 3283 1455 3350 parte,
1479 3283 1573 3350 prout
1589 3276 1671 3335 idem

404 3379 524 3437 Blasius
547 3379 657 3437 exinde
680 3379 718 3436 ad
743 3396 799 3438 nos
822 3381 944 3439 rediens
967 3383 1058 3440 nobis
1081 3384 1187 3440 retulit
1204 3385 1334 3453 seriose;
1355 3383 1479 3446 easdem
1495 3399 1552 3456 per
1568 3383 1671 3455 ipsum

404 3485 588 3556 magistrum
613 3485 775 3542 Nicolaum
800 3501 934 3560 suosque
957 3488 1085 3546 heredes
1108 3493 1139 3545 et
1162 3495 1301 3562 posteros
1325 3489 1486 3546 universos
1510 3489 1575 3546 iure
1600 3503 1672 3562 pro·

403 3591 473 3664 prio
496 3596 525 3647 et
549 3591 795 3648 irrevocabiliter
818 3592 1028 3665 possidendas,
1052 3594 1198 3652 tenendas
1222 3595 1339 3668 pariter
1361 3601 1391 3653 et
1415 3594 1579 3652 habendas.
1597 3594 1670 3651 Pre-

403 3695 466 3753 fata
489 3697 638 3754 litteraria
671 3699 875 3756 instrumenta
898 3705 928 3755 et
950 3700 1011 3757 alia
1035 3701 1173 3773 quelibet
1196 3702 1270 3769 iura,
1296 3717 1356 3774 que
1379 3717 1473 3774 super
1496 3699 1577 3757 facto
1601 3717 1671 3772 pre·

403 3802 556 3859 dictarum
587 3804 766 3874 sessionum,
798 3804 894 3876 vinee,
931 3811 1146 3879 terrarumque
1176 3807 1352 3874 arabilium,
1375 3823 1492 3864 necnon
1516 3807 1671 3880 pertinen·

401 3909 520 3966 ciarum
550 3908 717 3980 earundem
746 3925 804 3983 pro
835 3909 944 3968 eodem
976 3912 1124 3983 magistro
1148 3912 1276 3970 Nicolao
1299 3919 1398 3970 essent
1431 3912 1577 3980 confecta,
1601 3928 1670 3985 pre·

400 4015 539 4072 sentibus
561 4015 672 4072 litteris
694 4016 807 4072 nostris
829 4017 1015 4088 patentibus,
1042 4017 1145 4091 quoad
1175 4034 1282 4076 omnes
1313 4019 1495 4076 eorumdem
1526 4019 1669 4086 clasulas,

402 4121 606 4178 continencias
623 4126 652 4178 et
671 4121 818 4179 articulos
834 4122 1064 4195 confirmamus,
1084 4130 1288 4198 acceptamus
1305 4125 1494 4182 ratificamus
1511 4131 1540 4182 et
1556 4140 1669 4198 appro-

401 4226 521 4284 bamus.
552 4225 704 4299 Quocirca
733 4227 823 4284 vobis
854 4229 1030 4286 castellanis
1061 4231 1173 4287 nostris
1205 4229 1243 4287 de
1273 4229 1353 4288 dicta
1387 4230 1564 4287 lieduewar
1586 4246 1668 4287 nunc

402 4333 572 4391 constitutis
596 4339 626 4390 et
648 4334 679 4390 in
702 4333 841 4391 futurum
857 4335 1085 4396 constituendis.
1102 4339 1295 4409 presencium
1313 4337 1456 4395 noticiam
1474 4337 1669 4394 cernentibus

401 4439 534 4496 firmiter
556 4439 756 4512 precipiendo
792 4440 976 4499 mandamus
1007 4443 1133 4499 omnino
1157 4444 1304 4512 volentes,
1328 4449 1478 4516 quatenus
1500 4443 1613 4510 amodo
1639 4449 1668 4500 et

401 4543 546 4618 deinceps
570 4543 724 4618 prefatum
756 4547 941 4618 magistrum
973 4547 1137 4605 Nicolaum
1165 4549 1195 4606 iu
1219 4549 1336 4607 eisdem
1359 4550 1554 4618 sessionibus,
1579 4551 1668 4606 vinea

401 4666 436 4707 ac
467 4651 557 4708 terris
582 4651 764 4722 arabilibus,
795 4653 1053 4726 pertinenciisque
1086 4655 1254 4712 earundem
1290 4657 1457 4729 prenotatis
1491 4657 1668 4713 nullatenus

402 4755 563 4830 impedire,
586 4758 752 4814 molestare
776 4763 805 4815 et
829 4758 1060 4831 dampnificare,
1092 4760 1144 4817 sed
1170 4761 1301 4819 eundem
1329 4777 1462 4834 suosque
1485 4761 1614 4820 heredes
1638 4767 1667 4819 et

404 4867 544 4936 posteros
573 4864 733 4920 universos
764 4863 795 4921 in
826 4864 956 4938 pacifico
986 4864 1125 4924 dominio
1160 4867 1340 4926 earumdem
1377 4875 1482 4926 eontra
1510 4869 1667 4941 quoslibet

402 4974 495 5040 tuere,
525 4973 688 5042 protegere
719 4975 748 5026 et
780 4977 979 5028 manutenere
1009 4971 1147 5029 debeatis
1178 4981 1282 5030 nostra
1310 4975 1340 5031 ln
1364 4990 1504 5048 persona,
1528 4981 1558 5034 et
1581 4976 1666 5033 aliud
