3600 5804
352 545 413 606 ²04
771 527 844 586 Dec.
868 539 936 604 225.
964 561 999 570 —
1022 527 1077 585 An.
1102 540 1188 605 1552.

349 728 603 802 predecessorum
626 727 734 785 salutis
757 728 966 801 prestolamur
989 727 1161 800 exordium,
1185 745 1223 786 ex
1247 734 1312 786 toto
1330 729 1426 786 animi
1450 729 1546 786 nostri
1563 729 1612 785 de

349 834 462 892 siderio
485 833 587 906 dignis
612 832 741 890 laudum
765 834 918 907 preconiis
941 833 1099 904 extollere,
1122 835 1154 892 in
1177 836 1240 893 suis
1264 835 1383 892 iuribus
1408 834 1540 892 eandem
1554 835 1613 892 illi·

353 941 424 998 bate
447 939 666 1011 conservando,
691 939 845 1013 predictas
869 941 988 998 litteras
1010 947 1130 999 nostras
1146 957 1240 1015 super
1255 941 1402 1015 predictis
1418 942 1614 998 libertatibus

349 1046 486 1104 eiusdem
499 1046 627 1103 ecclesie
641 1052 806 1118 emanatas,
816 1045 855 1104 de
869 1047 968 1104 verbo
980 1047 1018 1103 ad
1031 1048 1163 1104 verbum
1178 1047 1372 1120 presentibus
1384 1047 1523 1117 insertas,
1532 1047 1614 1102 omni

349 1168 476 1226 prorsus
499 1153 673 1226 suspicione
695 1159 832 1211 carentes
849 1151 888 1210 de
904 1152 1099 1226 beneplacita
1114 1154 1275 1210 voluntate
1291 1152 1486 1210 serenissime
1502 1151 1614 1224 princi·

349 1259 430 1334 pisse
446 1257 570 1316 domine
593 1257 771 1330 Elyzabeth,
788 1259 893 1316 inclite
908 1259 1014 1331 regine
1029 1259 1195 1330 Hungarie‚
1212 1258 1368 1330 genitricis
1390 1263 1496 1314 nostre
1520 1255 1615 1314 karis-

350 1366 427 1423 sime
442 1380 478 1422 ac
494 1363 532 1422 de
551 1365 679 1422 consilio
695 1371 726 1422 et
737 1365 936 1423 connivencia
952 1365 1147 1438 prelatorum
1164 1371 1194 1422 et
1210 1365 1361 1422 baronum
1378 1371 1557 1420 nostrorum
1579 1380 1617 1420 ex

348 1477 431 1528 certa
442 1470 579 1542 sciencia,
591 1471 684 1528 simul
701 1487 773 1528 cum
789 1471 987 1528 libertatibus
1000 1471 1168 1544 prenotatis
1180 1471 1211 1527 in
1225 1469 1423 1527 continenciis
1435 1468 1616 1526 earumdem

348 1577 512 1650 explicatis
533 1581 737 1650 acceptamus
762 1577 952 1635 ratificamus
974 1583 1004 1634 et
1027 1577 1249 1651 approbamus,
1273 1577 1486 1650 presentisque
1510 1577 1615 1649 scripti

349 1683 521 1758 patrocinio
544 1681 582 1740 de
606 1684 689 1755 regie
706 1684 866 1756 potestatis
882 1683 1074 1757 plenitudine
1090 1682 1356 1756 perhempnaliter
1371 1680 1474 1738 eidem
1490 1681 1618 1739 ecclesie

351 1789 543 1862 zagrabiensi
573 1789 724 1848 valituras
754 1789 984 1847 confirmamus,
1016 1789 1057 1848 Ut
1089 1789 1183 1862 igitur
1206 1789 1356 1863 presentis
1379 1795 1483 1845 nostre
1507 1787 1617 1845 confir-

348 1895 497 1953 macionis
520 1900 550 1952 et
573 1895 812 1969 approbacionis
835 1895 929 1952 series
951 1896 991 1952 sit
1014 1895 1095 1954 dicte
1127 1895 1255 1952 ecclesie
1278 1894 1470 1967 zagrabiensi
1493 1894 1525 1951 in
1548 1909 1617 1966 per-

350 2008 480 2076 petuum
511 2002 654 2072 valitura,
687 2017 742 2058 nec
765 2001 833 2058 ullo
856 2017 1005 2076 umquam
1031 2008 1172 2076 tempore
1194 2001 1301 2074 aliqua
1323 2000 1509 2074 suspicionis
1531 2000 1617 2056 rubi-

351 2108 422 2180 gine
442 2123 479 2164 eo
503 2107 585 2180 quod
609 2122 689 2164 nunc
712 2106 870 2180 predictus
893 2107 1038 2164 dominus
1062 2107 1207 2164 Nicolaus
1229 2107 1393 2180 episcopus
1409 2107 1618 2178 zagrabiensis

349 2215 468 2272 honore
491 2214 794 2272 vicecancellariatus
817 2220 848 2272 et
871 2215 1117 2272 conservacionis
1139 2213 1236 2286 sigilli
1260 2213 1356 2271 nostri
1378 2212 1525 2270 autentici
1548 2227 1619 2286 pre-

349 2320 432 2378 ditus
456 2319 576 2393 fulgere
596 2319 776 2391 dinoscitur,
793 2321 891 2394 possit
906 2321 1100 2393 aliquatenus
1117 2319 1282 2389 obfuscari,
1299 2318 1496 2392 presentibus
1512 2319 1619 2375 habita

349 2430 471 2484 matura
491 2426 720 2484 deliberacione
750 2443 822 2484 cum
845 2427 984 2500 predicta
1012 2425 1138 2484 domina
1161 2426 1268 2498 regina
1290 2424 1438 2497 genitrice
1460 2430 1567 2482 nostra
1588 2429 1619 2480 et

349 2533 477 2606 prelatis
501 2548 536 2588 ac
560 2532 730 2590 baronibus
762 2533 875 2590 nostris
906 2549 944 2590 ex
968 2539 1072 2590 nostra
1095 2539 1177 2589 certa
1202 2531 1398 2602 consciencia,
1422 2537 1566 2588 nostrum
1588 2536 1620 2587 et

349 2637 488 2696 eiusdem
519 2637 645 2696 domine
675 2639 780 2711 regine
811 2638 968 2710 genitricis
998 2643 1102 2695 nostre
1136 2637 1240 2710 sigilla
1274 2636 1435 2710 dupplicia
1465 2637 1619 2694 autentica

350 2745 544 2802 decrevimus
577 2744 643 2804 fore
676 2744 868 2818 apponenda.
901 2744 1016 2801 Datum
1048 2761 1104 2818 per
1127 2759 1237 2802 manus
1260 2743 1399 2801 eiusdem
1422 2742 1543 2800 domini
1566 2742 1619 2800 Ni-

350 2851 429 2909 colai
453 2851 590 2925 episcopi
613 2851 829 2924 zagrabiensis,
850 2851 921 2908 aule
944 2855 1047 2907 nostre
1070 2851 1324 2920 vicecancellarii,
1345 2849 1450 2906 dilecti
1466 2855 1497 2906 et
1516 2848 1620 2906 fidelis

350 2957 454 3014 nostri.
485 2959 575 3014 Anno
605 2957 722 3015 domini
754 2955 892 3015 MCCCL
921 2956 1064 3027 secund0,
1096 2964 1207 3030 quarto
1230 2955 1309 3028 ydus
1339 2955 1496 3014 februarii.
1520 2957 1620 3028 Regni

350 3070 452 3121 autem
477 3066 572 3122 nostri
596 3080 676 3122 anno
699 3064 872 3122 undecimo.
896 3063 1136 3120 venerabilibus
1159 3064 1191 3121 in
1213 3063 1337 3120 Christo
1358 3063 1502 3136 patribus
1518 3069 1548 3119 et
1565 3061 1619 3120 do-

350 3171 442 3227 minis
473 3169 602 3228 Nicolao
632 3169 836 3242 strigoniensi,
868 3171 991 3242 locique
1022 3169 1161 3227 eiusdem
1191 3170 1303 3226 comite
1327 3175 1480 3242 perpetuo
1503 3174 1534 3226 et
1558 3168 1619 3226 Do

351 3277 465 3333 minico
490 3277 657 3350 spalatensi
679 3277 928 3349 archiepiscopis,
953 3274 1048 3333 fratre
1071 3275 1221 3346 Dyonisio
1247 3275 1433 3333 archielecto
1456 3275 1619 3344 colocensi,

351 3381 480 3439 Nicolao
513 3381 654 3454 agriensi,
684 3381 844 3440 Demetrio
868 3380 1050 3453 varadiensi,
1075 3381 1200 3438 Andrea
1223 3382 1421 3451 transilvano,
1445 3380 1620 3439 Colomano

351 3487 505 3564 jauriensi,
529 3487 658 3546 Nicolao
682 3489 1004 3561 quinqueecclesiensi‚
1028 3489 1188 3560 Mychaele
1206 3489 1369 3560 wacyensi,
1384 3489 1527 3572 Johanne
1542 3503 1620 3545 wes-

352 3595 521 3670 primiensi,
544 3595 570 3652 T
572 3596 665 3653 homa
689 3595 892 3664 chanadiensi,
916 3593 1065 3652 fratribus
1099 3594 1220 3653 Thoma
1254 3594 1426 3666 syrmiensi,
1450 3594 1619 3667 Peregrino

352 3702 505 3773 boznensi,
537 3700 696 3775 Stephano
727 3701 873 3772 nitriensi,
903 3701 1008 3759 Blasio
1037 3702 1179 3760 tinniensi
1202 3700 1365 3774 episcopis,
1399 3700 1545 3758 ecclesias
1569 3699 1618 3757 dei

352 3809 483 3866 feliciter
504 3809 756 3881 gubernantibus.
781 3807 952 3880 Magnificis
974 3808 1145 3866 baronibus
1168 3807 1298 3864 Nico'lao
1313 3807 1452 3880 palatino
1468 3811 1500 3866 et
1516 3807 1617 3865 iudioe

353 3913 573 3986 Comanorum,
604 3913 741 3986 Nicolao,
772 3914 840 3971 filio
870 3914 1040 3986 laurencii,
1071 3913 1215 3986 voyuoda
1247 3912 1620 3986 transilvano,01yuerio

354 4022 503 4094 magistro
526 4022 756 4079 tavamicorum
780 4027 956 4078 nostrorum
980 4026 1009 4078 et
1032 4021 1132 4078 iudice
1156 4021 1240 4078 curie
1262 4020 1387 4078 domine
1410 4021 1515 4092 regine
1535 4020 1619 4093 geni·

350 4128 434 4186 tricis
467 4133 570 4185 nostre
601 4126 770 4198 karissime,
803 4127 924 4184 Thoma
954 4127 1054 4185 iudice
1083 4127 1166 4184 curie
1197 4133 1309 4196 nostre,
1340 4124 1496 4199 Stephano
1521 4127 1620 4183 tocius

352 4232 515 4291 Sclauonie
546 4241 576 4292 et
606 4233 742 4304 Croacie,
773 4233 938 4292 Dominico
968 4233 1007 4290 de
1037 4234 1168 4291 Machou
1201 4238 1230 4290 et
1258 4232 1387 4290 Nicolao
1418 4231 1458 4288 de
1488 4229 1619 4289 Seurino

351 4341 448 4412 banis,
473 4341 570 4397 Paulo
600 4341 750 4412 magistro
783 4341 1011 4397 tavarnicorum
1035 4340 1230 4412 reginalium,
1254 4338 1473 4396 Bartholomeo
1497 4339 1617 4411 pincer-

353 4463 463 4504 narum
487 4453 516 4503 et
539 4445 662 4503 Leukos
686 4445 909 4520 dapiferorum,
937 4445 1088 4518 Dyonisio
1111 4461 1280 4518 agazonum
1304 4461 1340 4502 ac
1364 4444 1520 4502 Theuteus
1542 4443 1619 4520 jani-

351 4561 454 4610 torum
477 4557 662 4623 nostrorum,
679 4567 796 4610 necnon
818 4552 965 4635 Johanne,
986 4551 1053 4609 filio
1076 4551 1215 4609 eiusdem
1237 4551 1386 4623 Olyuerii,
1402 4549 1617 4624 dapiferorum

351 4659 541 4731 reginalium
564 4659 729 4730 magistris,
753 4656 896 4730 Symone‚
920 4657 987 4716 filio
1010 4659 1159 4728 Mauricii,
1183 4659 1295 4715 comite
1312 4657 1487 4730 posoniensi
1503 4663 1533 4714 et
1549 4658 1619 4714 aliis

353 4764 594 4838 quampluribus
617 4765 703 4836 regni
727 4765 824 4822 nostri
848 4765 1012 4823 comitatus
1036 4765 1210 4822 tenentibus
1233 4770 1263 4822 et
1287 4765 1426 4821 honores.

438 4917 460 4966 E
478 4917 550 4967 libro
570 4917 695 4968 Statutor.
716 4933 771 4983 cap.
791 4921 895 4986 zagrab.
916 4936 940 4984 p.
960 4919 1005 4970 IV.
1026 4937 1047 4971 c.
1068 4919 1112 4970 VI.
1131 4921 1205 4987 Joan.
1228 4919 1345 4970 Tkattit.
1367 4919 1437 4971 Mon.
1458 4920 1518 4971 hist.
1538 4923 1617 4988 episc.

350 5006 455 5074 zagrab.
476 5005 508 5055 11.
529 5020 588 5071 pag.
612 5014 667 5054 122.
