3600 5804
581 550 653 608 Doc.
678 561 743 623 151.
770 582 807 590 -
833 549 888 605 An.
914 562 1005 625 ¹329·
1364 561 1421 618 135

1066 651 1420 658 .-....-—....—.-.-..

162 752 236 808 lium
268 749 383 806 civium
417 753 595 806 nostrorum
630 746 669 804 de
703 747 827 804 civitate
860 745 1052 818 zagrabiensi
1089 760 1141 801 seu
1174 743 1342 816 Grecyensi
1368 759 1424 816 per

163 856 317 913 dominum
341 854 456 924 Belam,
481 853 611 911 condam
642 867 747 924 regem
778 851 945 924 Hungarie‚
978 850 1060 907 clare
1088 849 1246 918 memorie,
1270 848 1424 906 mediante

164 961 321 1034 privilegio
344 975 401 1017 suo
424 959 467 1017 eis
490 974 641 1030 concessa,
665 964 695 1015 et
718 973 774 1031 per
797 973 852 1014 nos
876 955 993 1014 eisdem
1023 971 1082 1029 pro
1114 955 1253 1029 ipsorum
1286 953 1424 1011 serviciis

163 1067 321 1125 meritoriis
345 1066 528 1124 confirmata
550 1066 609 1123 hoc
631 1064 778 1136 requirat,
802 1062 885 1136 quod
917 1062 990 1119 dicti
1021 1062 1103 1119 cives
1136 1067 1166 1118 et
1189 1061 1227 1117 ad
1252 1075 1304 1118 eos
1327 1059 1423 1133 perti-

166 1181 265 1232 nentes
288 1173 338 1230 vel
361 1173 476 1246 aliquis
499 1189 537 1229 ex
560 1170 677 1230 eisdem
698 1187 758 1228 non
783 1170 822 1227 ad
845 1175 983 1227 nostram
1006 1169 1057 1226 vel
1087 1169 1265 1240 aliquorum
1288 1167 1424 1224 aliorum

163 1280 291 1338 iudicum
308 1285 362 1336 aut
380 1278 620 1335 iusticiariorum
635 1277 722 1350 regni
736 1277 841 1346 nostri,
851 1281 1051 1348 preterquam
1067 1275 1097 1331 in
1113 1280 1201 1331 antea
1217 1272 1355 1330 iudicum
1370 1288 1423 1329 seu

162 1386 334 1443 villicorum
357 1382 497 1441 eiusdem
520 1383 653 1440 civitatis
676 1383 763 1440 citari
786 1381 899 1439 debent
922 1381 1130 1455 presenciam;
1150 1379 1203 1436 sed
1228 1379 1331 1436 solum
1347 1377 1425 1436 iudi·

163 1507 227 1549 cem
248 1497 299 1548 aut
321 1491 505 1548 iusticiarios
528 1489 608 1547 dicte
636 1489 769 1546 civitatis
792 1503 851 1561 pro
874 1503 919 1559 e0,
954 1487 980 1544 si
1006 1487 1151 1560 cuiquam
1174 1487 1205 1543 in
1228 1489 1317 1543 antea
1340 1484 1424 1542 iusti-

163 1599 238 1654 ciam
261 1596 359 1654 facere
383 1595 582 1668 denegaverit
605 1595 655 1652 vel
679 1596 858 1668 neglexerit,
879 1594 919 1651 ad
942 1598 1080 1651 nostram
1112 1592 1304 1667 presenciam
1332 1589 1424 1647 debet

164 1705 286 1761 evocari.
310 1702 383 1760 ideo
406 1707 508 1759 vestre
531 1701 675 1759 fidelitati
706 1701 896 1774 precipimus
924 1699 1056 1758 firmiter
1079 1716 1135 1773 per
1160 1701 1325 1772 presentes
1350 1711 1424 1769 qua-

164 1815 246 1866 tenus
267 1810 454 1882 quicumque
477 1809 596 1866 litteras
626 1812 747 1865 nostras
777 1807 931 1864 citatorias
965 1805 1017 1862 vel
1041 1805 1176 1862 aliorum
1211 1803 1425 1876 quorumlibet

166 1915 296 1973 iudicum
319 1915 406 1987 regni
429 1916 525 1972 nostri
548 1921 655 1972 contra
677 1913 833 1988 predictos
856 1913 939 1970 cives
961 1917 1083 1970 nostros
1106 1917 1136 1968 et
1159 1910 1196 1968 ad
1214 1908 1340 1967 eosdem
1356 1923 1424 1981 per·

166 2023 287 2079 tinentes
308 2022 359 2078 vel
382 2021 520 2094 aliquem
544 2037 581 2078 ex
604 2021 681 2094 ipsis
703 2020 794 2077 vobis
818 2019 1014 2076 exhibuerint
1045 2017 1265 2086 testimonium,
1288 2031 1342 2072 seu
1372 2030 1423 2071 ve·

163 2135 257 2186 strum
279 2128 442 2186 hominum
464 2126 503 2184 ad
528 2126 693 2197 citandum,
718 2126 793 2200 ipsis
816 2124 1054 2198 postulantibus
1078 2124 1129 2181 vel
1153 2123 1292 2196 aliquem
1308 2138 1345 2178 ex
1366 2121 1423 2178 eis·

164 2233 239 2304 dem,
261 2239 459 2308 preterquam
482 2232 521 2290 ad
545 2232 702 2290 citandum
733 2231 867 2289 iudicem
900 2231 1049 2304 ipsorum,
1082 2235 1117 2287 ut
1139 2229 1339 2304 premittitur,
1363 2228 1425 2285 cui·

165 2341 246 2414 piam
275 2341 305 2398 in
335 2345 424 2398 antea
454 2339 528 2397 dare
559 2355 612 2396 seu
644 2339 852 2396 transmittere
882 2337 1059 2395 nullatenus
1090 2337 1236 2406 debeatis
1268 2335 1346 2392 sicut
1368 2350 1424 2392 nos

164 2446 313 2505 offendere
336 2446 511 2505 formidatis
534 2445 620 2504 aliud
645 2461 705 2502 non
736 2444 854 2502 facturi.
879 2443 995 2501 Datum
1025 2445 1056 2500 in
1085 2441 1255 2514 Vysegrad,
1279 2442 1310 2499 in
1334 2442 1422 2514 quin-

165 2551 244 2610 denis
267 2554 349 2611 beati
370 2553 479 2637 Jacobi
502 2553 643 2626 apostoli.
667 2553 757 2610 Anno
780 2550 898 2608 domini
920 2549 1090 2608 MCCCXX
1113 2563 1201 2606 nono.

247 2670 433 2736 originalem
451 2671 610 2720 membrana.
629 2669 661 2718 ln
679 2668 778 2719 archiv.
799 2667 880 2717 Acad.
900 2666 995 2718 Scient
1016 2667 1086 2718 Slav.
1106 2665 1199 2716 merid.

755 2882 830 2947 151.

262 3028 338 3075 Anno
360 3034 434 3088 1329,
455 3033 477 3079 7.
497 3023 656 3074 novembris.
672 3023 825 3088 Zagrabiae.

172 3151 327 3225 Capitulum
348 3152 534 3225 zagrabiense
558 3152 672 3210 litteras
694 3151 784 3207 Belae
804 3151 860 3208 IV.
884 3152 968 3224 regis,
991 3151 1197 3207 immunitatem
1220 3169 1240 3206 a
1263 3149 1377 3206 tributis
1399 3157 1428 3206 et

206 3259 342 3316 tn'cesima
365 3257 473 3315 civibus
495 3256 703 3315 Grecltensibus
725 3258 869 3328 collatam,
891 3275 965 3332 quae
988 3256 1151 3330 respiciunt,
1174 3255 1375 3313 transsummv'vt

247 3403 308 3460 Nos
332 3403 504 3476 capitulum
528 3401 655 3460 ecclesie
678 3402 891 3474 zagrabiensis.
922 3397 1151 3478 (Significamus
1175 3404 1279 3456 tenore
1301 3414 1424 3472 presen-

168 3509 243 3565 cium
264 3509 379 3582 quibus
400 3500 538 3586 expedit)
562 3509 723 3580 universis
748 3507 832 3581 quod
863 3507 1045 3565 Lamblinus
1076 3505 1169 3563 iudex
1192 3505 1325 3562 civitatis
1348 3503 1424 3562 Gre-

167 3616 264 3687 censis,
295 3615 429 3686 Maritus,
461 3615 599 3672 Francha
628 3620 658 3672 et
688 3614 802 3672 Micula
832 3615 915 3672 cives
946 3612 985 3671 de
1015 3611 1125 3670 eadem
1154 3617 1219 3668 tam
1241 3625 1306 3682 suo,
1330 3625 1425 3683 quam

169 3713 307 3798 (nomine)
331 3721 411 3779 dicte
436 3721 568 3779 civitatis
584 3719 623 3778 ad
639 3727 777 3778 nostram
793 3720 997 3794 personaliter
1012 3712 1202 3796 (accedentes
1224 3717 1424 3790 presenciam.

173 3820 381 3904 exhibuerunt)
412 3827 502 3884 nobis
532 3827 650 3884 litteras
684 3825 897 3900 privilegiales
930 3825 1116 3882 serenissimi
1150 3823 1307 3897 principis,
1341 3821 1425 3879 clare

169 3936 308 3992 memorie
331 3933 450 3992 domini
472 3933 552 4004 Belle,
575 3934 657 4005 regis
681 3933 849 4006 Hungarie,
873 3937 1011 4006 petentes
1027 3946 1098 3988 cum
1120 3929 1268 3987 instancia
1292 3923 1338 4007 (ut
1361 3921 1424 4004 eas)

171 4041 361 4098 transsummi
384 4047 414 4097 et
438 4039 601 4097 transcribi
624 4039 782 4112 sigillique
805 4038 902 4096 nostri
918 4031 1127 4116 (apposicione
1149 4035 1322 4108 consignari
1346 4033 1424 4091 face·

170 4139 283 4222 remus).
305 4145 447 4219 Quarum
469 4144 595 4218 quidem
617 4151 705 4202 tenor
727 4145 799 4202 talis
822 4150 882 4202 est:
910 4137 983 4223 (vid.
1014 4159 1058 4201 nr.
1091 4155 1140 4210 50.
1163 4141 1201 4198 de
1224 4157 1304 4198 anno
1332 4139 1423 4212 1267,

173 4266 214 4323 23.
235 4245 401 4328 februarii).
425 4251 489 4310 Nos
510 4258 612 4309 autem
633 4253 774 4325 ipsorum
797 4251 885 4308 iustis
908 4255 937 4306 et
960 4248 1119 4321 condignis
1147 4247 1352 4321 peticionibus
1375 4263 1424 4304 ac-

171 4358 356 4429 quiescentes,
380 4358 517 4416 maxime
549 4358 622 4430 quia
653 4358 735 4430 ipsas
767 4357 885 4414 litteras
916 4355 1090 4412 invenimus
1120 4370 1180 4411 non
1204 4354 1339 4424 abrasas,
1362 4368 1423 4410 non

171 4465 342 4522 cancellatas
365 4481 421 4522 nec
444 4465 475 4522 in
497 4465 603 4537 aliqua
626 4465 673 4521 sui
696 4469 784 4538 parte
800 4463 936 4532 viciataS,
953 4462 1035 4534 ipsas
1052 4459 1090 4517 de
1105 4461 1203 4517 verbo
1225 4459 1265 4516 ad
1290 4461 1423 4517 verbum

172 4572 355 4640 presentibus
378 4571 557 4629 transscribi
580 4570 739 4642 nostrique
762 4569 859 4641 sigilli
882 4562 1081 4647 (appensione
1103 4572 1196 4640 prout
1219 4558 1354 4642 anobis)
1372 4581 1424 4639 pe·

173 4675 284 4749 cierant,
306 4677 435 4735 fecimus
458 4677 638 4749 consignari.
669 4676 786 4733 Datum
818 4673 894 4732 feria
924 4674 1018 4731 tercia
1048 4673 1191 4747 proxima
1218 4679 1288 4746 post
1310 4671 1424 4729 festum

173 4777 306 4840 Omnium
329 4787 514 4840 sanctorum.
539 4784 627 4839 Anno
650 4781 768 4839 domini
789 4780 959 4838 MCCCXX
981 4795 1069 4838 nono

250 4917 387 4984 Originale
398 4917 425 4967 in
438 4917 596 4974 membrana,
606 4919 730 4976 lacerum,
744 4917 865 4966 caerulea
878 4916 977 4966 sericea
990 4931 1054 4964 zona
1064 4917 1195 4980 appendet
1212 4914 1311 4977 absque
1325 4912 1423 4978 sigillo.

174 5000 199 5052 ln
215 5007 279 5058 arch.
298 5007 345 5056 lib.
364 5023 420 5072 reg.
440 5006 489 5056 civ.
512 5007 615 5072 zagrab.
