3854 5806
717 561 858 620 Addenda
885 595 921 604 -
948 563 1004 620 An.
1028 575 1117 640 1393.
1487 579 1550 642 459

282 757 353 816 duci
375 757 415 816 ad
438 750 575 832 propria,
599 767 629 816 et
652 775 730 832 quos
758 758 876 832 depelli
907 761 1127 834 nequivissent,
1151 765 1279 822 mactari
1303 773 1333 822 et
1355 763 1486 821 interfici
1509 761 1552 819 fe-

282 866 401 935 cissent,
426 865 527 938 culpis
552 867 690 939 ipsorum
715 867 843 923 minime
867 867 1070 938 exigentibus,
1091 885 1146 926 sua
1171 871 1310 942 potencia
1334 868 1496 938 mediante,
1520 868 1551 925 in

283 971 490 1044 preiudicium
522 971 662 1044 ipsorum
691 972 808 1028 civium
839 971 932 1028 valde
964 987 1120 1044 magnum.
1152 973 1253 1048 Super
1284 990 1346 1047 quo
1378 973 1552 1031 amiciciam

282 1085 417 1134 vestram
443 1078 578 1150 petimus
600 1076 773 1150 diligenter,
805 1082 955 1150 quatenus
988 1085 1126 1136 vestrum
1158 1080 1286 1137 mittatis
1310 1080 1469 1138 hominem
1492 1093 1551 1152 pro

282 1183 457 1240 testimonio
481 1181 543 1240 tide
567 1181 704 1254 dignum,
729 1197 792 1255 quo
809 1188 958 1256 presente,
975 1183 1129 1256 Georgius
1152 1185 1191 1242 de
1214 1186 1321 1243 Rauen
1346 1185 1398 1242 vel
1422 1183 1550 1244 Blasius

283 1287 366 1345 filius
389 1287 523 1358 blandes,
547 1286 586 1344 de
602 1286 692 1358 Zana,
715 1287 813 1345 altero
829 1288 963 1360 absente,
980 1289 1073 1346 homo
1090 1297 1201 1361 noster,
1219 1291 1259 1347 ab
1275 1290 1422 1348 omnibus
1437 1289 1551 1362 quibus

284 1395 444 1464 incumbit,
469 1385 570 1471 (sciat)
593 1409 711 1450 meram
735 1392 774 1450 de
799 1394 957 1467 premissis
980 1396 1153 1464 veritatem,
1186 1411 1280 1468 quam
1312 1395 1438 1454 tandem
1461 1396 1550 1454 nobis

283 1499 489 1556 amicabiliter
512 1499 696 1556 rescribatis.
723 1499 837 1556 Datum
861 1498 1011 1571 Zagrabie
1036 1499 1112 1557 seria
1139 1501 1273 1558 secunda
1301 1502 1446 1574 proxima
1481 1509 1551 1574 post

285 1603 397 1662 festum
425 1605 505 1662 beati
527 1605 676 1688 Johannis
700 1611 771 1662 ante
793 1611 917 1678 portam
951 1605 1086 1663 latinam.
1111 1607 1201 1664 Anno
1232 1605 1350 1665 domini
1382 1607 1550 1664 millesimo

285 1709 363 1767 CCC
379 1711 579 1782 nonagesimo
604 1711 705 1768 terci0.

372 1861 513 1928 Originale
534 1861 560 1912 in
579 1863 677 1922 charta,
697 1879 712 1913 a
731 1869 807 1929 tergo
833 1865 976 1930 vestigium
1003 1864 1095 1930 sigilli.
1124 1865 1153 1916 ln
1179 1865 1248 1916 arch.
1271 1867 1351 1916 Acad.
1371 1866 1548 1916 Scicnt.Slav.

282 1949 448 2002 meridional.
