3600 5804
424 587 480 646 192
850 571 922 627 Dec.
945 584 1012 647 2¹3·
1041 605 1076 612 -
1104 571 1159 629 An.
1184 585 1271 649 1347.

417 768 524 839 glorie,
549 768 602 840 qui
626 784 680 824 sua
704 768 857 826 mundum
883 769 1034 844 ineffabili
1051 770 1191 828 claritate
1207 771 1372 840 illuminat,
1390 771 1441 843 pia
1457 775 1528 828 vota
1544 770 1664 828 fidelium

419 873 457 930 de
476 875 717 932 clementissima
734 875 892 932 maiestate
909 876 936 932 ei
953 877 1146 948 sperancium
1172 882 1244 934 tunc
1266 878 1412 950 precipue
1434 877 1564 949 benigno
1580 876 1667 935 favore

419 981 626 1053 prosequitur,
640 997 711 1039 curn
724 981 838 1038 devota
850 983 990 1055 ipsorum
1002 983 1163 1040 humilitas
1176 989 1351 1040 sanctorum
1367 984 1486 1040 meritis
1498 988 1526 1039 et
1543 985 1668 1057 precibus

418 1085 589 1145 adiuvetur.
607 1089 774 1162 Cupientes
797 1089 892 1160 igitur
914 1093 948 1144 ut
969 1089 1097 1145 ecclesia
1119 1091 1186 1146 sive
1203 1091 1424 1147 monasterium
1442 1090 1529 1146 beate
1546 1090 1629 1146 Marie
1643 1091 1666 1146 in

417 1191 568 1266 Zagrabia
590 1195 734 1266 congruis
751 1195 920 1251 honoribus
944 1193 1157 1267 frequentetur
1178 1203 1207 1251 et
1230 1210 1248 1251 a
1276 1194 1390 1252 Christi
1408 1194 1553 1251 fidelibus
1575 1195 1669 1267 iugiter

419 1306 589 1370 veneretur,
613 1301 759 1358 omnibus
781 1316 855 1358 vere
883 1301 1090 1374 penitentibus
1107 1307 1135 1358 et
1152 1300 1307 1372 confessis
1325 1303 1378 1374 qui
1394 1300 1434 1358 ad
1458 1300 1571 1358 dictam
1589 1301 1669 1358 eccle-

417 1407 495 1462 siam
526 1406 556 1462 in
586 1407 715 1478 singulis
739 1407 828 1476 beate
853 1407 948 1464 Marie
979 1406 1200 1464 festivitatibus
1224 1413 1252 1464 et
1277 1408 1306 1464 in
1331 1408 1478 1464 omnibus
1501 1407 1568 1464 aliis
1590 1407 1629 1464 inf
1658 1437 1667 1447 ·

417 1513 548 1586 scriptis,
572 1512 731 1570 videlicet:
755 1513 867 1570 natalis
882 1513 1009 1584 domini,
1026 1513 1278 1584 circumcisionis,
1301 1513 1475 1586 epiphanie,
1499 1529 1667 1587 parasceves,

418 1619 539 1692 pasche,
553 1619 747 1688 ascensionis,
765 1625 964 1692 pentecostes,
981 1619 1134 1688 trinitatis,
1152 1619 1292 1692 corporis
1308 1618 1434 1688 Christi,
1451 1620 1628 1676 invencionis
1641 1626 1666 1675 et

417 1725 616 1782 exaltacionis
640 1731 743 1783 sancte
766 1725 873 1796 crucis,
901 1725 1061 1782 Michaelis
1092 1725 1279 1796 archangeli,
1311 1731 1340 1782 et
1372 1725 1401 1782 in
1432 1726 1576 1782 omnibus
1597 1725 1667 1782 festis

417 1833 511 1889 sancti
523 1833 671 1916 Johannis
689 1833 832 1906 baptiste,
846 1832 1007 1889 beatorum
1021 1831 1101 1888 Petri
1123 1835 1152 1888 et
1168 1831 1256 1888 Pauli
1272 1832 1488 1904 apostolorum
1502 1837 1531 1888 et
1546 1832 1666 1888 omnium

416 1939 550 1996 aliorum
574 1939 789 2012 apostolorum
807 1945 838 1996 et
855 1938 1133 2010 evangelistarum,
1157 1938 1187 1994 in
1212 1937 1290 1994 festo
1306 1939 1446 1995 omnium
1463 1943 1628 1994 sanctorum
1642 1945 1666 1993 et

417 2046 447 2102 in
464 2045 763 2102 commemoracione
786 2044 969 2114 animarum,
993 2049 1022 2100 et
1047 2043 1173 2100 indicte
1196 2044 1324 2100 ecclesie
1339 2043 1542 2114 dedicacione,
1564 2050 1667 2100 sande

419 2165 552 2223 rumque
568 2149 724 2224 Stephani,
742 2151 911 2220 laurencii,
927 2149 1063 2221 Georgii,
1083 2149 1213 2218 Martini,
1231 2148 1381 2220 Nicholai,
1400 2149 1549 2222 Gregorii,
1564 2153 1667 2206 sancta·

417 2273 549 2330 rumque
575 2257 670 2314 Marie
693 2256 884 2329 Magdalene,
909 2256 1062 2327 Katerine,
1087 2258 1259 2329 Margarete
1283 2261 1313 2314 et
1328 2273 1386 2332 per
1400 2261 1526 2314 octavas
1540 2256 1665 2312 omnium

418 2362 619 2420 festivitatum
643 2363 852 2436 predictarum
876 2367 1000 2420 octavas
1024 2363 1218 2434 habencium‚
1243 2363 1436 2436 singulisque
1460 2363 1566 2420 diebus
1581 2361 1667 2418 domi·

415 2470 493 2528 nicis
524 2485 615 2528 causa
647 2469 834 2534 devocionis,
865 2469 1017 2526 oracionis
1048 2475 1100 2526 aut
1124 2470 1385 2542 peregrinacionis
1409 2469 1601 2537 accesserint;
1621 2483 1664 2522 seu

415 2577 468 2648 qui
493 2577 603 2648 missiS,
628 2576 904 2650 predicacionibus,
929 2577 1096 2645 matutinis
1119 2577 1258 2649 vesperis
1278 2581 1330 2633 aut
1346 2576 1416 2632 aliis
1432 2575 1543 2632 divinis
1558 2575 1665 2641 officiis,

415 2683 553 2756 exequiis
576 2689 606 2740 et
628 2687 823 2740 mortuorum
848 2683 1017 2754 sepulturis
1038 2681 1154 2739 ibidem
1180 2682 1389 2749 interfuerint;
1417 2687 1469 2738 aut
1493 2682 1543 2754 qui
1565 2695 1664 2752 corpus

414 2789 529 2846 Christi
552 2789 603 2846 vel
627 2789 730 2846 oleum
761 2804 882 2846 sacrum
918 2805 989 2846 cum
1012 2787 1144 2845 infirmis
1168 2794 1338 2862 portentur,
1362 2789 1458 2845 secuti
1482 2787 1597 2855 fuerint,
1620 2784 1660 2840 vei

415 2897 468 2968 qui
491 2897 522 2953 in
546 2899 680 2953 serotina
702 2896 881 2968 pulsacione
904 2911 1054 2969 campane
1078 2895 1164 2952 flexis
1187 2897 1318 2965 genibus
1342 2900 1405 2952 ter:
1429 2909 1488 2950 ave
1511 2893 1609 2960 Maria,
1624 2891 1661 2947 di·

414 3004 522 3072 xerint,
547 3019 663 3060 necnon
687 3005 739 3076 qui
764 3003 800 3059 ad
834 3001 993 3070 fabricam,
1025 3003 1198 3070 luminaria,
1216 3008 1410 3058 ornamenta
1441 3000 1519 3058 dicte
1548 2998 1662 3056 ecclesie

414 3123 523 3166 manus
545 3109 710 3166 adiutrices
733 3109 934 3182 porrexerint,
959 3113 1011 3164 aut
1035 3109 1087 3180 qui
1111 3109 1142 3164 in
1166 3123 1272 3164 eorum
1296 3107 1488 3164 testamentis
1509 3106 1556 3162 vel
1581 3109 1664 3161 extra⁴

413 3231 532 3287 aurum,
557 3221 728 3288 argentum,
752 3217 943 3286 vestimenta,
968 3216 1075 3284 libros,
1103 3216 1221 3285 calices,
1245 3215 1359 3284 oleum,
1383 3229 1497 3281 ceram,
1519 3209 1664 3284 lampades

413 3329 465 3379 aut
488 3323 598 3394 quevis
621 3323 683 3379 alia
706 3321 785 3378 dicte
810 3321 936 3378 ecclesie
959 3321 1130 3378 necessaria
1149 3320 1340 3389 donaverint,
1357 3320 1528 3391 legaverint
1550 3325 1598 3376 aut
1619 3315 1663 3371 do

412 3429 479 3486 nari
502 3429 553 3486 vel
576 3428 675 3499 legari
698 3428 942 3501 procuraverint,
970 3443 1022 3484 seu
1046 3428 1100 3500 qui
1123 3426 1239 3484 dictam
1262 3427 1424 3483 ecclesiam
1449 3431 1479 3484 et
1501 3426 1563 3484 eius
1585 3423 1658 3480 cimi-

413 3537 526 3592 terium
559 3551 616 3608 pro
649 3535 811 3592 animabus
843 3549 1010 3607 corporum
1041 3535 1117 3590 inihi
1144 3535 1313 3590 iacencium
1341 3533 1546 3601 circuiverint,
1567 3539 1594 3588 et
1615 3529 1660 3601 qui

414 3657 471 3714 pro
502 3642 615 3698 abbate
647 3641 727 3698 dicte
758 3640 884 3698 ecclesie
913 3641 978 3696 sive
1000 3640 1179 3696 monasterii
1202 3639 1290 3696 istius
1313 3638 1509 3711 indulgencie
1531 3639 1661 3710 impetra·

413 3754 479 3804 tore
502 3749 626 3820 suisque
646 3747 826 3821 parentibus
857 3752 886 3803 et
916 3747 1023 3803 amicis
1051 3752 1081 3803 et
1103 3761 1162 3820 pro
1185 3746 1330 3802 omnibus
1355 3745 1437 3802 dicte
1461 3745 1584 3802 ecclesie
1605 3742 1660 3798 sive

413 3855 589 3911 monasterii
613 3853 863 3910 benefactoribus
887 3853 969 3910 vivis
992 3857 1022 3910 et
1045 3853 1176 3910 mortuis
1201 3853 1251 3925 pie
1274 3851 1367 3908 deum
1391 3853 1583 3908 exoraverint
1599 3863 1663 3922 quo·

412 3961 629 4031 cienscumque
659 3965 688 4015 et
720 3958 979 4031 quandocumque
1011 3963 1041 4015 et
1075 3959 1264 4030 ubicumque
1295 3959 1448 4031 premissa
1479 3959 1529 4015 vel
1559 3952 1662 4027 aliquid

412 4067 635 4140 premissorum
658 4065 769 4122 devote
792 4065 920 4122 fecerint
942 4065 980 4122 de
1004 4065 1224 4138 omnipotentis
1248 4063 1296 4121 dei
1320 4064 1532 4122 misericordia
1554 4069 1581 4120 et
1603 4063 1662 4117 bea-

412 4180 515 4230 torum
539 4173 621 4230 Petri
644 4177 673 4229 et
697 4171 785 4228 Pauli
818 4173 1033 4246 apostolorum
1064 4172 1129 4228 eius
1152 4171 1332 4228 auctoritate
1355 4170 1462 4227 confisi
1487 4169 1594 4241 singuli
1615 4179 1660 4222 no·

411 4285 510 4336 strum
534 4279 596 4335 XL.
621 4279 686 4335 dies
711 4279 976 4350 indulgenciarum
1004 4277 1042 4334 de
1070 4279 1212 4334 iniunctis
1236 4278 1279 4334 eis
1303 4277 1484 4350 penitenciis
1507 4275 1661 4334 misericor·

412 4385 492 4442 diter
514 4387 546 4442 in
569 4384 626 4441 deo
650 4385 835 4454 relaxamus,
859 4383 1031 4441 dummodo
1056 4383 1209 4440 diocesani
1233 4383 1377 4440 voluntas
1401 4382 1440 4439 ad
1465 4382 1495 4438 id
1517 4377 1661 4438 accesserit

412 4497 442 4548 et
464 4491 637 4548 consensus.
660 4490 693 4547 In
717 4491 803 4547 cuius
826 4491 871 4547 rei
887 4491 1098 4547 testimonium
1116 4489 1219 4561 sigilla
1236 4495 1340 4546 nostra
1356 4488 1550 4561 presentibus
1564 4484 1661 4542 litteris

411 4598 621 4671 apposuimus.
645 4597 760 4653 Datum
785 4597 949 4667 Avinionii,
973 4597 1022 4653 ΙΙΙ.
1039 4596 1088 4652 die
1111 4597 1225 4652 mensis
1248 4596 1436 4653 novembris.
1456 4597 1541 4652 Anno
1557 4588 1660 4650 domini

411 4702 643 4773 MCCCXLVll,
674 4709 703 4760 et
728 4702 924 4776 pontificatus
957 4701 1075 4758 domini
1105 4701 1275 4758 Clementis
1299 4717 1379 4775 pape
1404 4701 1455 4771 Vl,
1479 4713 1555 4758 anno
1578 4703 1658 4753 sexto.

500 4855 640 4921 Originale
667 4855 693 4904 in
713 4855 870 4911 membrana,
896 4855 986 4920 sigilla
1011 4856 1110 4905 desunt.
1138 4856 1179 4904 Ex
1204 4855 1274 4904 arch.
1302 4871 1357 4904 ven.
1377 4855 1455 4919 capit.
1482 4853 1580 4918 zagrah.
1609 4853 1657 4898 Act.

411 4946 474 5010 Cap.
494 4947 552 4994 Ant.
574 4942 633 4992 fasc.
654 4945 693 4994 88.
714 4958 752 4992 ur.
774 4952 813 5000 50.
