3824 5806
808 567 880 626 Doc.
897 562 974 645 383.
1001 601 1035 610 -
1062 569 1231 644 An.1395.

916 673 1151 681 ...-.....-..-..-.-.
1170 669 1646 680 ----—-.—-—-—

972 763 1061 830 383.

489 905 564 951 Anno
587 911 661 964 1395,
684 913 721 961 15.
742 903 866 953 octobris.
886 904 1039 968 Zagrabiae.

384 1029 522 1086 Derrr'rns
546 1031 645 1088 Bubek
675 1033 767 1089 barrus
796 1039 884 1090 ructas
904 1033 1091 1106 possessionis
1111 1033 1215 1089 crirr'rrm
1244 1032 1457 1101 Greclrensr'um,
1481 1051 1568 1105 quom
1593 1032 1650 1088 Pe-

385 1137 501 1192 troru'na
537 1145 647 1208 nocant,
679 1138 805 1212 capitulo
836 1139 1020 1212 angrabiensr'
1051 1138 1230 1197 reambuluri
1260 1145 1289 1196 cl
1319 1156 1410 1196 novas
1442 1145 1531 1194 metus
1565 1137 1650 1210 erigi,

976 1244 1058 1302 iubet.

473 1406 588 1463 Amicis
619 1406 683 1464 suis
713 1406 898 1478 reverendis,
937 1407 1075 1480 capitulo
1108 1407 1236 1464 ecclesie
1258 1407 1472 1479 zagrabiensis.
1503 1406 1650 1463 Detricus

386 1510 492 1569 Bubek
514 1513 600 1584 regni
623 1511 785 1571 Sclauonie
808 1513 915 1582 banus,
938 1513 1110 1570 amiciciam
1135 1519 1274 1586 paratam
1298 1527 1369 1569 cum
1395 1513 1517 1570 honore.
1546 1511 1649 1569 Nove-

384 1617 460 1688 ritis,
484 1617 567 1690 quod
590 1619 753 1701 Johannes,
784 1618 869 1676 filius
892 1619 1070 1690 Hermanni,
1093 1619 1169 1676 civis
1191 1617 1325 1675 civitatis
1347 1618 1460 1675 montis
1486 1615 1651 1674 Grecensis

381 1721 419 1778 de
440 1721 598 1795 Zagrabia,
622 1740 680 1797 pro
703 1724 803 1782 iudice
826 1731 856 1782 et
879 1725 986 1782 iuratis
1009 1724 1131 1782 civibus
1153 1723 1292 1781 eiusdem
1315 1723 1447 1780 civitatis
1476 1737 1547 1779 cum
1575 1738 1650 1794 pro·

381 1829 544 1886 curatoriis
567 1829 676 1886 litteris
700 1829 890 1900 eorumdem,
914 1839 1020 1888 contra
1044 1830 1232 1899 ladislaum,
1255 1829 1358 1887 filium
1384 1828 1545 1897 Valentini,
1570 1828 1648 1885 Pau·

382 1933 458 2002 lum,
482 1933 583 1991 filium
607 1935 698 2005 Petri,
722 1935 895 2007 Nicolaum,
928 1935 1030 1994 tilium
1056 1935 1146 1994 Nouk
1169 1941 1199 1993 et
1222 1935 1415 2008 Dyonisium,
1438 1934 1540 1992 lilium
1566 1934 1648 1992 Petri

383 2037 422 2096 de
446 2038 634 2112 Lomnycha,
657 2042 862 2115 personaliter
884 2048 1097 2116 comparentes
1121 2043 1206 2100 iuxta
1229 2041 1450 2099 continenciam
1471 2041 1647 2097 litterarum

382 2153 559 2203 nostrarum
584 2148 870 2219 prorogatoriarum
893 2147 925 2205 in
947 2149 1065 2206 octavis
1087 2147 1156 2206 testi
1180 2147 1263 2205 beati
1282 2147 1453 2220 Mycbaelis
1468 2145 1646 2218 archangeli

381 2251 411 2307 in
435 2249 536 2323 figura
558 2252 655 2310 nostri
677 2251 782 2311 iudicii
805 2253 1023 2327 comparend0,
1047 2254 1198 2328 quasdam
1221 2254 1340 2312 litteras
1366 2259 1483 2311 vestras
1511 2251 1646 2310 formam

382 2357 621 2430 possessionarie
657 2359 924 2431 reambulacionis,
962 2360 1224 2431 contradiccionis,
1259 2360 1455 2419 inbibicionis
1489 2365 1519 2417 et
1551 2364 1648 2416 statu-

381 2464 476 2520 cionis
491 2479 528 2521 ac
543 2464 699 2522 citacionis
714 2465 745 2522 in
768 2481 800 2522 se
824 2465 1010 2537 denotantes,
1027 2465 1117 2524 nobis
1134 2466 1330 2540 presentavit,
1344 2465 1543 2534 declarantes,
1560 2465 1645 2538 quod

380 2569 458 2641 regii
480 2575 511 2626 et
534 2571 628 2628 vestri
643 2571 792 2642 homines,
812 2571 921 2630 litteris
940 2573 970 2629 in
994 2572 1110 2630 eisdem
1126 2573 1284 2644 nominati,
1304 2571 1380 2630 leria
1402 2578 1488 2629 sexta
1503 2572 1648 2645 proxima

381 2681 452 2748 post
475 2673 588 2732 festum
611 2675 834 2748 penthecostes,
858 2694 938 2736 nunc
957 2679 1101 2753 proxime
1128 2679 1320 2752 preteritum,
1350 2678 1523 2736 adfaciem
1547 2677 1648 2735 cuius·

382 2779 455 2838 dam
478 2781 680 2855 possessionis
703 2781 896 2856 prelatorum
919 2783 1029 2843 iudicis
1052 2792 1082 2842 et
1098 2787 1270 2842 iuratorum
1285 2786 1400 2843 civium
1417 2785 1497 2842 dicte
1513 2783 1648 2841 civitatis

382 2886 546 2946 Petrouina
569 2896 686 2960 vocate,
715 2889 823 2947 vicinis
846 2897 876 2947 et
898 2892 1117 2949 commetaneis
1146 2892 1209 2948 suis
1236 2891 1389 2949 universis
1411 2891 1489 2949 inibi
1509 2891 1648 2962 legitime

383 2993 558 3050 convocatis
570 2999 601 3051 et
612 2995 806 3068 presentibus
817 2995 999 3066 accedendo
1018 2997 1119 3071 ipsam
1131 2999 1357 3072 possessionem
1377 2997 1539 3055 Petrouina
1556 3011 1648 3054 voca·

384 3105 456 3170 tam,
477 3099 580 3172 primo
594 3115 613 3157 a
629 3105 716 3174 parte
731 3103 933 3174 possessionis
944 3102 1097 3160 dictorum
1111 3103 1142 3161 in
1154 3119 1278 3161 causam
1291 3109 1494 3162 attractorum
1505 3102 1544 3160 de
1557 3103 1648 3160 Also-

384 3205 550 3278 lomnycba
562 3211 678 3279 vocate,
690 3208 924 3281 reambulando‚
940 3209 1056 3268 eisdem
1068 3209 1170 3281 ludici,
1184 3211 1292 3268 iuratis
1304 3217 1334 3268 et
1346 3210 1468 3268 civibus
1479 3209 1559 3267 dicte
1571 3210 1647 3268 civi·

381 3313 452 3369 tatis
474 3313 567 3369 statui
587 3311 688 3371 tacere
707 3314 885 3386 voluissent,
901 3330 975 3373 mox
994 3315 1106 3390 prefati
1129 3316 1300 3386 Ladislaus,
1315 3317 1438 3387 Paulus,
1454 3315 1600 3373 Nicotaus
1616 3322 1648 3374 et

381 3418 548 3490 Dyonisius
563 3419 693 3492 predicti
711 3422 949 3495 possessionarie
965 3423 1125 3480 statucioni
1142 3439 1199 3496 pru
1216 3423 1291 3496 ipsis
1308 3422 1415 3494 iudice,
1433 3423 1539 3480 iuratis
1554 3430 1584 3479 et
1604 3424 1648 3480 ci·

381 3525 473 3582 vibus
490 3523 626 3583 faciende
642 3527 894 3585 contradiccionis
910 3529 1065 3586 velamine
1085 3529 1271 3598 obviassent,
1288 3530 1329 3585 ob
1345 3544 1440 3602 quam
1455 3529 1645 3602 prohibicio-

381 3645 452 3687 nem
470 3630 563 3688 iidem
580 3632 819 3691 contradictores
835 3635 865 3692 in
882 3634 931 3692 die
947 3641 977 3692 et
989 3635 1058 3692 loco
1070 3635 1100 3692 in
1113 3635 1224 3692 vestris
1237 3635 1347 3692 litteris
1359 3634 1523 3692 declaratis
1539 3641 1647 3692 contra

381 3737 554 3794 nominatos
585 3737 720 3796 iudicem
749 3746 778 3796 et
810 3741 925 3797 iuratos
954 3741 1038 3798 cives
1068 3740 1107 3798 ad
1139 3739 1309 3813 quindenas
1339 3739 1420 3798 dicte
1451 3739 1527 3798 ferie
1561 3747 1649 3799 sexte

382 3844 479 3900 nostri
503 3843 534 3900 in
558 3845 751 3918 presenciam
782 3846 865 3903 citati
888 3847 1067 3904 extitissent
1095 3845 1344 3920 Quibusquidem
1368 3893 1647 3906 ..........

381 3948 522 4020 civitatis,
546 3951 576 4007 in
600 3952 739 4024 personis
762 3951 952 4022 eorumdem,
976 3952 1077 4026 ipsam
1099 3954 1323 4026 possessionem
1340 3953 1512 4024 Petrouina,
1529 3953 1647 4011 eisdem

382 4071 420 4112 ex
443 4056 527 4128 regia
550 4055 718 4114 donacione
740 4057 895 4130 pertinere
918 4063 948 4115 et
971 4057 1108 4130 legitime
1134 4064 1281 4116 statutam
1305 4057 1371 4117 iore
1406 4059 1575 4130 declarans,
1599 4077 1648 4118 ra·

382 4163 501 4222 cionem
522 4207 920 4224 ..............
951 4165 1122 4239 postulavit
1144 4179 1250 4223 coram
1273 4165 1370 4223 nobis.
1394 4164 1464 4238 Quo
1490 4169 1647 4239 precepto,

382 4269 494 4344 prefati
518 4269 688 4342 Ladislaus,
713 4270 836 4342 Paulus,
853 4271 998 4329 Nicolaus
1013 4276 1043 4329 et
1059 4271 1225 4343 Dyonisius
1240 4270 1466 4345 responderunt
1481 4286 1518 4328 eo
1534 4270 1647 4330 modo:

382 4376 464 4450 quod
489 4377 547 4451 ipsi
572 4382 711 4451 tempore
734 4376 871 4451 predicte
892 4377 1130 4451 possessionarie
1146 4377 1406 4436 reambulacionis
1423 4383 1453 4434 et
1468 4378 1648 4436 statucionis

381 4483 462 4541 dicte
491 4483 700 4556 possessionis,
735 4483 899 4541 Petrouina
932 4489 1048 4556 vocate,
1083 4484 1159 4559 ipsis
1187 4483 1289 4557 iudici,
1320 4484 1428 4542 iuratis
1459 4489 1490 4541 et
1522 4485 1647 4542 civibus

382 4588 483 4648 fienda
511 4603 569 4662 pro
600 4604 636 4646 eo
667 4587 907 4646 contradictores
937 4591 1161 4664 apparuissent,
1193 4591 1266 4664 quia
1302 4589 1362 4664 ipsi
1385 4589 1478 4648 iudex
1501 4597 1532 4648 et
1553 4591 1647 4649 iurati

382 4695 465 4753 cives
488 4711 544 4768 per
567 4694 752 4768 premissam
777 4711 884 4753 eorum
907 4696 1179 4769 possessionariam
1200 4697 1484 4754 reambulacionem
1500 4711 1648 4770 magnam

382 4807 504 4875 partem
527 4801 607 4859 dicte
628 4801 830 4874 possessionis
854 4803 1003 4875 ipsorum,
1034 4802 1213 4875 Lomnycha
1235 4809 1352 4876 vocate,
1377 4817 1530 4878 occupare
1553 4803 1646 4861 etad

383 4907 497 4965 dictam
520 4907 748 4982 possessionem
770 4907 909 4981 ipsorum
933 4908 1097 4966 Petrouina
1121 4914 1264 4967 vocatam
1283 4909 1444 4983 applicare
1459 4909 1647 4980 voluissent;

382 5013 511 5088 ipsaque
534 5013 688 5090 possessio
711 5027 819 5071 eorum
843 5013 1020 5088 Lomnycha
1037 5020 1154 5086 vocata,
1170 5015 1246 5090 ipsis
1263 5013 1449 5074 hereditario
1464 5015 1540 5074 iuris
1556 5015 1649 5077 titulo
