3600 5804
450 517 523 574 Doc.
546 514 618 575 186.
643 514 712 595 187.
737 516 809 578 188.
837 555 870 563 —
900 523 955 580 An.
983 536 1069 599 1345.
1335 527 1392 596 165

216 711 248 768 ln
271 727 294 769 e.
315 728 355 770 m.
379 714 515 788 capitulo
538 717 685 774 ecclesiae
708 721 924 793 zagrabiensis,
951 721 1035 780 clero
1059 727 1089 778 et
1112 723 1231 796 populo
1261 724 1395 782 civitatis

138 821 165 872 et
185 815 309 874 diocesis
331 821 547 892 zagrabiensis,
572 824 715 882 vassallis
737 825 884 884 ecclesiae
907 828 1124 900 zagrabiensis.

218 937 246 984 A.
266 935 388 988 Theiner.
410 939 477 989 Mon.
499 941 587 1006 Hung.
607 941 699 992 histor.
722 943 742 992 1.
762 959 787 1008 p.
807 945 866 1002 652.

723 1191 808 1258 186.

235 1332 309 1379 Anno
331 1340 407 1391 1343,
427 1339 449 1384 7-
472 1331 542 1380 maii.
562 1332 701 1382 Avinione.

219 1459 306 1516 Petro
329 1459 474 1533 Georgio,
498 1463 643 1519 canonico
675 1464 910 1523 transilvanensi
941 1481 958 1522 a
988 1466 1133 1539 pontifice
1163 1467 1322 1525 Clemente
1346 1468 1395 1525 Vl.

140 1565 314 1634 conceditur,
338 1573 370 1624 ut
395 1567 607 1624 canonicatum
631 1575 661 1624 et
683 1569 896 1642 praebendam
919 1571 949 1628 in
972 1571 1101 1629 ecclesia
1116 1573 1307 1646 zagrabiensi
1325 1575 1396 1631 reti·

141 1688 205 1729 nere
227 1673 329 1746 possit.

217 1779 348 1860 Johanni
373 1779 528 1850 Vulconis‚
553 1783 699 1838 canonico
725 1782 916 1854 zagrabiensi
947 1799 965 1840 a
993 1783 1138 1858 pontifice
1162 1785 1323 1842 Clemente
1348 1784 1396 1842 Vl.

141 1883 286 1942 confertur
308 1884 553 1942 consideratione
577 1887 657 1959 regis
682 1888 865 1960 Hungariae,
886 1889 1082 1946 canonicatus
1105 1889 1196 1947 huius
1220 1891 1373 1948 ecclesiae.

218 2004 247 2052 Α.
267 2001 389 2052 Thciner.
410 2003 480 2053 Mon.
500 2005 588 2069 Hung.
609 2004 667 2054 hist.
688 2005 707 2054 1.
728 2021 751 2070 p.
769 2005 828 2064 653.
874 2012 877 2020 ’

724 2235 806 2304 187.

238 2381 312 2428 Anno
334 2387 408 2440 1343,
431 2387 470 2436 15.
492 2378 562 2428 maii.
582 2377 721 2428 Avinione.

222 2490 321 2548 Blasio
344 2490 502 2564 quondam
524 2491 595 2560 Viti,
619 2490 692 2548 dicti
716 2491 805 2564 Lupi,
829 2492 975 2550 canonico
994 2492 1184 2564 zagrabiensi
1209 2508 1226 2549 a
1251 2492 1397 2565 pontifice

143 2595 288 2655 Clemente
319 2597 370 2654 VI.
401 2596 558 2655 confertur
581 2597 776 2654 canonicatus
807 2603 836 2655 et
864 2598 1042 2672 praebenda
1072 2599 1163 2656 huius
1186 2598 1332 2656 ecclesiae
1356 2599 1398 2656 si·

146 2703 261 2775 mulque
279 2702 466 2775 indulgetur,
490 2709 524 2760 ut
547 2711 685 2760 curatam
702 2703 863 2760 ecclesiam
888 2721 910 2761 s.
932 2704 1091 2762 Michaelis
1114 2704 1152 2761 de
1177 2703 1270 2777 Ugra,
1290 2718 1397 2776 zagra-

143 2809 246 2868 biensis
262 2809 411 2867 dioecesis
433 2817 462 2866 et
485 2811 583 2867 altare
606 2809 634 2866 b.
660 2810 774 2867 Mariae
798 2826 922 2885 semper
945 2811 1074 2883 virginis
1091 2811 1121 2868 in
1138 2811 1267 2868 ccclesia
1292 2825 1399 2883 zogra-

146 2917 232 2975 biensi
255 2917 386 2974 retinere
410 2918 514 2991 possit.

224 3037 251 3083 A.
270 3033 393 3084 Theiner.
413 3035 482 3085 Mon.
502 3035 591 3102 Hung.
612 3036 673 3085 hist.
686 3036 705 3085 I.
726 3053 750 3101 p.
770 3037 829 3095 653.

725 3285 808 3350 188.

238 3429 311 3475 Anno
337 3435 412 3486 1343,
433 3437 456 3476 2.
474 3425 549 3492 Julii.
574 3425 603 3476 In
623 3426 738 3476 Modrus‘.

149 3550 277 3608 dicolous
299 3553 391 3609 banus
414 3554 499 3610 totius
516 3552 673 3611 Slaoom'ae
693 3556 801 3612 invitat
813 3557 969 3630 copelzclum
991 3557 1051 3612 eccl.
1069 3555 1185 3628 aagrob.
1208 3563 1241 3611 ut
1254 3554 1398 3629 quomodo,

196 3661 317 3732 qualiter
337 3669 365 3718 et
385 3661 420 3716 de
444 3661 546 3735 quibus
569 3661 651 3718 rebus
674 3663 815 3719 tricesima
838 3663 977 3735 reginalt's
999 3659 1177 3735 exigebatur,
1201 3662 1338 3736 inquirat.

225 3803 302 3861 Viris
332 3804 472 3862 discretis
495 3809 523 3862 et
547 3806 690 3876 honestis,
721 3806 858 3880 capitulo
889 3807 1096 3878 zagrabiensis
1125 3806 1261 3874 ecclesie,
1293 3805 1400 3862 amicis

146 3909 200 3964 suis
221 3910 403 3981 reverendis,
429 3911 453 3967 N
458 3911 573 3968 icolaus
590 3912 688 3969 banus
712 3913 808 3968 tocius
832 3910 1002 3982 Sclauonie,
1019 3912 1157 3969 amicicie
1172 3911 1311 3968 debitum
1328 3926 1398 3968 cum

147 4011 256 4073 honore.
280 4017 390 4075 Vestra
414 4017 535 4074 noverit
557 4017 705 4087 amicicia,
730 4017 812 4089 quod
837 4017 995 4075 Nicoletus
1018 4017 1119 4087 iudex,
1144 4017 1299 4089 ceterique
1316 4017 1400 4073 cives

147 4119 179 4177 de
201 4121 345 4196 Zagrabia
368 4125 399 4181 in
423 4125 614 4197 presenciam
638 4123 763 4181 domine
787 4127 889 4180 nostre
912 4124 1018 4195 regine
1034 4121 1217 4192 accedendo,
1235 4123 1399 4195 querulose

148 4227 236 4284 eidem
258 4231 415 4302 conquesti
446 4230 621 4308 extiterunt,
653 4229 737 4303 quod
761 4245 818 4303 per
841 4228 993 4286 indebitas
1017 4236 1046 4286 et
1069 4229 1197 4285 iniustas
1221 4228 1400 4285 exacciones

148 4332 358 4392 tricesimamm
390 4336 521 4393 nimium
554 4336 793 4394 molestarentur
823 4341 853 4392 et
882 4351 995 4408 magna
1017 4335 1226 4409 percepissent
1249 4341 1279 4390 et
1302 4334 1400 4407 perci-

148 4445 245 4508 perent
266 4441 409 4515 dampna,
438 4441 582 4514 eoquod
607 4441 645 4498 de
669 4443 762 4499 rebus
785 4442 1079 4512 mercimonialibus,
1103 4441 1236 4498 scilicet:
1260 4440 1298 4498 de
1322 4455 1399 4509 cera,

148 4545 264 4616 cutibus,
294 4547 397 4620 porcis
420 4553 450 4604 et
473 4546 645 4620 pecudibus
669 4563 704 4604 ac
727 4547 797 4605 aliis
816 4548 1003 4606 utilitatibus
1027 4546 1065 4604 de
1089 4546 1239 4619 Zagrabia
1262 4554 1292 4603 et
1315 4544 1399 4603 Sela·

149 4651 229 4708 uonia
249 4652 278 4710 in
300 4653 468 4710 Veneciam
491 4652 544 4710 vel
568 4653 598 4710 in
622 4652 805 4711 Teutoniam
828 4659 882 4710 aut
904 4661 1065 4711 extraneas
1085 4661 1188 4726 partes
1205 4652 1400 4725 portantibus

149 4763 175 4812 et
194 4758 375 4831 pellentibus
398 4765 505 4818 contra
528 4760 667 4833 ipsorum
690 4759 943 4818 consuetudinem
966 4767 995 4816 et
1019 4759 1066 4816 ius
1091 4760 1131 4816 ab
1152 4759 1278 4830 antiquo
1295 4757 1401 4814 obser·

151 4871 243 4922 ratam
265 4866 434 4925 tricesimas
457 4867 498 4923 ab
521 4867 564 4924 eis
588 4865 732 4938 exigeret
759 4865 849 4925 Unde
875 4871 937 4922 tam
961 4866 1029 4937 ipsa
1045 4865 1190 4935 reginalis
1206 4863 1400 4932 excellencia,

151 4981 233 5040 quam
254 4987 316 5045 nos,
341 4972 384 5030 ob
407 4971 622 5030 huiuscemodi
649 4973 876 5030 tricesimamm
900 4972 1071 5042 exaccione,
1094 4979 1199 5028 utrum
1223 4969 1326 5026 debite
1349 4977 1402 5026 aut
