3824 5806
387 587 449 647 340
805 571 877 628 Dec.
896 565 971 646 361.
999 605 1035 612 —
1062 571 1117 628 An.
1143 585 1230 647 1392.

388 767 503 824 minata
540 769 725 825 instantibus
762 768 838 841 ipsis
874 767 1007 825 dominis
1035 768 1073 824 de
1096 769 1233 842 capitulo
1257 770 1409 826 iusticiam
1433 771 1575 842 exigente
1600 787 1655 844 per

387 881 544 946 presentes
576 875 826 946 pronunciamus,
859 874 990 931 dicimus
1022 881 1052 932 et
1083 877 1306 932 sentenciamus
1340 876 1475 933 decimas
1498 876 1537 932 de
1561 877 1655 934 Daui·

387 979 493 1037 dowcz
517 987 547 1036 et
571 981 667 1037 eciam
692 987 807 1037 rectam
834 985 863 1038 et
886 983 1030 1054 equalem
1059 981 1255 1039 medietatem
1280 982 1471 1039 decimamm
1495 983 1653 1040 devincis

387 1087 534 1144 territorii
558 1087 617 1143 vici
643 1087 823 1142 Latinorum
848 1088 877 1144 in
903 1089 1037 1160 presenti
1061 1088 1099 1144 ad
1125 1089 1208 1162 ipsos
1232 1089 1385 1161 pertinere
1409 1095 1438 1144 et
1461 1095 1601 1162 spectare
1624 1095 1654 1145 et

387 1193 470 1265 ipsas
494 1198 523 1248 et
547 1193 622 1265 ipsa,
657 1209 727 1248 suas
751 1197 780 1250 et
802 1208 857 1249 sua
882 1193 975 1250 fuisse
999 1200 1028 1250 et
1052 1195 1082 1250 in
1107 1195 1241 1266 presenti
1264 1210 1329 1250 esse
1353 1196 1435 1266 ipsas
1459 1194 1594 1251 decimas
1617 1193 1655 1250 de

388 1297 585 1356 Dauidowcz.
617 1305 650 1354 ut
673 1315 775 1372 supra,
797 1315 831 1356 ac
856 1314 982 1372 campos
1006 1307 1035 1356 et
1059 1308 1156 1356 terras
1180 1299 1397 1374 Bakonapolye
1422 1307 1451 1356 et
1475 1299 1587 1373 Ztruga
1610 1317 1655 1357 se-

388 1405 536 1476 pedictos,
560 1405 740 1461 auctoritate
764 1405 854 1462 nobis
878 1421 935 1478 per
957 1406 1039 1479 ipsas
1063 1411 1166 1478 partes
1186 1407 1353 1462 commissa
1368 1407 1451 1463 omni
1469 1407 1544 1473 iure,
1562 1407 1654 1464 modo

388 1517 418 1567 et
442 1510 551 1580 torma,
575 1511 689 1582 quibus
713 1512 825 1567 melius
846 1526 1011 1583 possumus
1035 1515 1065 1567 et
1088 1510 1245 1580 debemus,
1268 1511 1481 1568 adiudicamus
1502 1519 1532 1568 et
1556 1512 1653 1569 incor·

388 1632 535 1690 poramus
570 1617 704 1673 dominis
739 1616 777 1673 de
811 1617 949 1689 capitulo
977 1617 1116 1690 predicto
1143 1625 1173 1674 et
1197 1633 1301 1675 mense
1324 1619 1489 1690 capitulari
1512 1619 1654 1692 ipsomm

387 1731 417 1779 et
441 1724 615 1796 quartariis,
640 1725 724 1796 ipsos
747 1724 832 1780 iuxta
856 1729 925 1780 ante
941 1724 1032 1780 citata
1061 1729 1173 1781 statuta
1197 1724 1334 1781 eiusdem
1351 1725 1478 1781 ecclesie
1494 1731 1652 1796 tangentes

387 1835 480 1903 prout
504 1829 616 1886 melius
639 1845 812 1902 possumus
837 1835 870 1886 ut
894 1845 996 1903 supra,
1021 1830 1201 1888 mandantes
1225 1838 1254 1887 et
1270 1831 1496 1888 committentes
1512 1831 1653 1903 partibus

388 1936 472 2008 ipsis,
498 1941 529 1992 ut
553 1935 631 1992 hanc
662 1942 798 1992 nostram
830 1942 1005 2009 presentem
1035 1937 1221 1993 sentenciam
1253 1942 1283 1992 et
1306 1937 1504 1994 amicabilem
1529 1952 1652 2010 compo·

388 2043 534 2098 sicionem
559 2043 617 2098 sub
643 2043 729 2114 penis
753 2041 887 2098 duorum
912 2043 1048 2099 millium
1072 2041 1260 2099 florenorum
1284 2043 1313 2099 in
1337 2045 1564 2115 compromisso
1586 2058 1654 2099 con-

388 2153 542 2204 tentorum
571 2147 686 2204 debent
710 2163 766 2220 per
790 2149 894 2204 omnia
917 2163 1041 2204 servare
1060 2155 1090 2204 et
1114 2154 1311 2205 manutenere
1334 2149 1363 2205 in
1388 2149 1532 2221 capitulis
1555 2154 1585 2206 et
1608 2165 1654 2205 ar·

387 2255 490 2312 ticulis
521 2257 663 2328 superius
696 2263 725 2312 et
753 2256 783 2312 in
806 2257 1032 2328 compromisso
1056 2256 1248 2328 expressatis.
1285 2256 1317 2312 ln
1349 2271 1481 2328 quorum
1514 2257 1651 2312 omnium

388 2363 611 2435 premissorum
643 2362 836 2434 presentibus
866 2363 1005 2433 sigillum
1033 2367 1172 2419 nostrum
1195 2362 1405 2419 authenticum
1429 2361 1576 2418 duximus
1599 2377 1651 2434 ap-

387 2467 593 2540 pendendum.
618 2468 734 2524 Datum
758 2466 916 2538 Zagrabie,
940 2467 1113 2540 penultima
1138 2467 1188 2524 die
1212 2469 1325 2525 mensis
1349 2469 1465 2536 marcii,
1493 2469 1552 2525 sub
1575 2482 1653 2524 anno

387 2573 503 2631 domini
528 2573 697 2630 millesimo
720 2575 935 2630 tercentesimo
959 2575 1159 2645 nonagesimo
1182 2574 1324 2631 secundo.

476 2727 498 2774 E
518 2733 682 2792 transumpto
701 2743 766 2777 saec.
785 2727 861 2778 XVI.
882 2729 911 2778 In
929 2729 999 2777 arch.
1013 2728 1168 2794 archiepisc.
1182 2730 1287 2794 zagrab.
1301 2727 1453 2778 Decimalia.
1468 2727 1528 2777 fasc.
1543 2727 1562 2776 1.
1577 2743 1614 2776 nr.
1629 2729 1650 2777 Β.

983 3045 1065 3112 361.

496 3229 572 3277 Auno
595 3235 668 3288 1392,
692 3235 729 3275 12.
750 3225 819 3275 maii.
840 3224 993 3290 Zagrabiae.

388 3357 520 3424 Marcus,
542 3356 629 3429 filius
659 3354 784 3422 ΜίΙεείΙι,
806 3353 956 3426 promittet
985 3371 1014 3409 sc
1037 3353 1148 3409 litteras
1175 3353 1270 3424 regias
1302 3351 1335 3408 de
1365 3353 1536 3424 ascriptione
1557 3353 1605 3408 sm'
1624 3353 1653 3407 in

577 3463 718 3534 gremium
743 3461 869 3517 ciuitatis
891 3459 994 3516 montis
1023 3458 1192 3516 Greclrenst's
1214 3459 1375 3515 altutamm
1399 3476 1462 3515 csse.

477 3661 540 3717 Nos
564 3659 716 3722 Nicotaus.
741 3657 825 3714 filius
848 3657 996 3738 Johannis
1020 3656 1058 3713 de
1071 3656 1192 3726 Kanisa,
1209 3657 1289 3712 inter
1304 3663 1421 3712 ceteros
1440 3655 1570 3711 honores
1588 3669 1653 3710 ma·

388 3768 483 3839 gister
505 3766 735 3822 tabernicorum
759 3763 919 3834 regalium.
951 3763 1098 3818 Memorie
1132 3760 1386 3818 commendamus
1409 3776 1466 3833 per
1489 3768 1651 3834 presentes.

388 3872 470 3945 quod
496 3873 625 3940 Marcus,
648 3869 732 3925 filius
757 3869 876 3925 Mikech
900 3869 975 3925 civis
1003 3868 1115 3924 montis
1139 3867 1301 3924 Grecensis
1324 3867 1362 3924 ad
1387 3873 1524 3923 nostram
1549 3881 1652 3939 perso·

387 3979 499 4035 naliter
523 3974 674 4032 veniendo
698 3973 888 4046 presenciam
912 3972 1068 4030 confessus
1101 3973 1201 4030 extitit
1231 3974 1260 4030 in
1293 3974 1374 4029 hunc
1409 3971 1547 4040 modum,
1571 3971 1650 4044 quod

389 4084 461 4156 quia
484 4081 586 4147 iudex,
610 4081 701 4160 iurati
724 4087 754 4136 et
777 4080 913 4136 universi
936 4080 1019 4136 cives
1044 4080 1176 4136 civitatis
1208 4077 1345 4151 predicte
1373 4077 1433 4134 sibi
1456 4093 1549 4150 super
1574 4075 1652 4132 tacto

387 4187 637 4260 interempcionis
668 4183 826 4258 quondam
858 4183 1029 4242 Sebastiani
1061 4185 1195 4241 concivis
1226 4185 1364 4256 ipsorum
1400 4199 1457 4256 per
1490 4183 1591 4255 ipsum
1623 4183 1652 4238 in

390 4294 493 4351 medio
517 4307 624 4350 eorum
649 4296 825 4364 perpetrate
848 4289 887 4346 ad
911 4291 1073 4347 instantem
1099 4290 1282 4363 peticionem
1300 4289 1486 4345 serenissimi
1507 4287 1652 4361 principis

389 4400 506 4456 domini
530 4396 719 4470 Sigismundi
743 4396 792 4452 dei
815 4395 918 4467 gracia
939 4396 1020 4467 regis
1044 4396 1179 4467 Vugarie
1210 4401 1240 4452 et
1267 4401 1376 4462 cetera,
1400 4394 1652 4466 prelatorumque

389 4511 418 4562 et
441 4506 594 4562 baronum
618 4502 756 4559 eiusdem
780 4518 815 4558 ac
838 4507 984 4568 nostram,
1008 4503 1144 4574 graciam
1176 4500 1320 4559 facientes
1344 4501 1512 4573 specialem
1536 4499 1565 4556 in
1590 4515 1651 4555 me-

389 4612 476 4668 dium
499 4611 639 4684 ipsorum
662 4609 856 4665 admisissent
879 4617 1082 4677 moraturum,
1107 4607 1177 4665 ideo
1201 4609 1266 4680 ipse
1292 4608 1409 4664 litteras
1434 4605 1549 4662 domini
1574 4605 1653 4676 regis

389 4717 520 4790 predicti
542 4717 572 4772 in
597 4715 705 4772 eadem
730 4714 839 4784 forma,
863 4715 894 4770 in
925 4731 986 4786 qua
1017 4715 1077 4770 alie
1108 4715 1209 4770 littere
1239 4719 1342 4769 nostre
1374 4711 1483 4769 exinde
1515 4710 1649 4767 conlecte

389 4823 535 4896 predictis
559 4822 679 4878 civibus
704 4836 759 4892 per
783 4836 837 4876 nos
861 4819 930 4877 date
954 4820 1087 4876 existunt
1107 4835 1164 4892 pro
1181 4820 1296 4891 vigore,
1313 4819 1481 4876 stabilitate
1505 4825 1534 4873 et
1557 4816 1652 4874 firmi·

389 4932 450 4983 tate
473 4927 653 4982 libertatum
677 4926 816 4998 ipsorum
838 4926 953 4981 civium
986 4941 1055 4981 cum
1088 4925 1151 4983 suis
1181 4925 1324 4997 expensis
1355 4939 1453 4995 usque
1485 4922 1652 4995 quindenas

390 5031 459 5090 festi
483 5033 565 5088 beati
591 5031 713 5087 Martini
736 5029 919 5087 confessoris
951 5031 1092 5103 proxime
1123 5031 1273 5088 affuturas
1305 5039 1428 5104 portare
1451 5035 1481 5085 et
1506 5029 1652 5102 predictis
