3600 5804
367 592 381 634 a
388 591 429 650 30
788 575 860 632 Doc.
883 585 954 651 245.
971 609 1014 617 -
1036 575 1092 633 An.
1115 571 1206 654 1364.

365 773 459 830 hanni
482 771 631 830 iratribus
653 774 717 830 suis
740 789 775 830 ac
798 773 942 848 ipsorum
970 773 1144 844 heredibus,
1177 773 1388 847 heredumque
1415 789 1544 832 suorum
1567 791 1629 833 suc-

366 880 540 937 cessoribus
571 879 722 950 dedimus,
754 880 942 937 contulimus
973 885 1003 936 et
1035 879 1228 952 donavimus,
1261 880 1473 954 hedificiisque
1506 889 1535 938 et
1565 882 1630 939 aliis

368 986 504 1044 balneali
527 985 622 1043 domo
640 987 818 1044 necessariis
834 985 1063 1059 apponendum,
1080 985 1298 1058 decorandum,
1320 988 1426 1060 sicque
1449 1004 1507 1061 per
1530 1003 1580 1044 eos
1602 997 1630 1044 et

367 1095 506 1168 ipsorum
538 1098 679 1166 posteros
711 1093 776 1150 iure
810 1101 961 1166 perpetuo
996 1092 1228 1165 possidendum,
1260 1093 1426 1151 tenendum
1459 1095 1574 1169 pariter
1603 1105 1630 1151 et

367 1199 555 1268 babendum,
579 1199 621 1257 ita
645 1205 763 1256 tamen:
788 1198 872 1271 quod
896 1197 978 1256 idem
995 1197 1140 1256 dominus
1165 1199 1278 1256 Paulus
1302 1207 1332 1256 et
1355 1199 1466 1257 iratres
1489 1201 1536 1258 sui
1553 1206 1631 1257 ante

368 1304 442 1363 dicti
464 1321 499 1362 ac
522 1319 631 1362 eorum
654 1303 783 1362 heredes
806 1305 857 1360 vel
882 1305 934 1362 alii
960 1305 1057 1378 ipsius
1074 1304 1177 1362 balnei
1195 1320 1388 1378 possessores
1403 1306 1535 1378 singulis
1551 1307 1633 1364 anuis

368 1411 501 1469 infesto
532 1411 769 1468 resurreccionis
800 1410 927 1482 domini,
961 1411 1002 1468 ab
1030 1426 1110 1468 anno
1134 1411 1274 1469 eiusdem
1297 1413 1467 1470 millesimo
1492 1419 1634 1470 tercente

368 1518 448 1575 simo
478 1517 671 1590 sexagesimo
702 1523 790 1575 sexto
821 1516 1004 1591 incipiendo
1027 1533 1085 1590 pro
1117 1533 1208 1574 censu
1241 1532 1343 1575 annuo
1366 1517 1463 1591 ipsius
1487 1519 1549 1576 loci
1573 1519 1634 1576 bal-

367 1625 464 1682 nealis
478 1629 611 1698 quatuor
627 1639 737 1698 pensas
753 1623 951 1681 denariorum
978 1632 1100 1680 monete
1116 1639 1174 1697 pro
1191 1631 1332 1697 tempore
1347 1625 1508 1696 currentis
1521 1640 1634 1682 necnon

368 1739 415 1788 ter
444 1731 474 1787 in
506 1745 587 1787 anno
618 1747 674 1803 per
704 1729 810 1786 decem
835 1729 984 1798 denarios,
1007 1730 1130 1786 racione
1162 1745 1335 1800 munerum,
1358 1730 1449 1786 nobis
1472 1735 1503 1786 et
1527 1731 1635 1787 nostris

368 1837 581 1895 succesoribus
601 1836 674 1893 dare
696 1836 881 1893 tenebuntur
893 1841 923 1892 et
935 1835 1171 1896 amministrare.
1189 1835 1260 1893 licet
1277 1836 1380 1909 primo
1396 1851 1505 1892 census
1521 1851 1636 1892 annuus

368 1943 441 2000 dicti
466 1942 569 1999 balnei
591 1947 710 1999 tautum
734 1941 773 1998 ad
797 1943 956 2014 sexaginta
979 1941 1121 1998 denarios
1145 1941 1245 1999 suerat
1268 1947 1481 2014 computatus;
1507 1945 1565 2000 boc
1588 1959 1634 2000 ex·

371 2063 486 2124 presso,
511 2047 593 2121 quod
619 2047 700 2105 idem
725 2047 869 2106 dominus
894 2048 1007 2104 Paulus
1031 2053 1061 2105 et
1085 2047 1195 2104 iratres
1219 2049 1265 2104 sui
1291 2047 1420 2122 predicti
1442 2065 1498 2122 per
1518 2051 1635 2106 balnea-

370 2162 471 2214 torem
502 2156 568 2212 sive
599 2170 720 2212 rasores
752 2155 781 2211 in
813 2153 923 2211 eodem
955 2155 1067 2211 balneo
1103 2153 1279 2226 residentes
1303 2155 1393 2212 nobis
1426 2161 1457 2212 et
1492 2155 1636 2213 iratribus

369 2263 482 2320 nostris
507 2261 557 2318 vel
581 2261 611 2318 in
634 2261 726 2318 stuba
750 2261 886 2317 balneali
910 2261 961 2317 vei
987 2261 1016 2318 in
1040 2259 1134 2317 domo
1158 2267 1271 2330 nostra,
1288 2260 1364 2318 dum
1382 2278 1437 2335 per
1453 2277 1510 2319 nos
1528 2261 1638 2319 suerint

369 2369 519 2441 requisiti,
543 2369 573 2424 in
597 2367 727 2440 singulis
750 2366 912 2439 quindenis
936 2367 1073 2439 exceptis
1097 2366 1207 2424 diebus
1231 2367 1306 2424 ferie
1330 2375 1439 2440 quarte
1463 2375 1494 2424 et
1517 2369 1637 2425 sabbati

369 2482 400 2533 et
423 2476 453 2533 iu
477 2475 590 2547 quibus
613 2488 673 2531 non
697 2472 822 2546 expedit
845 2475 948 2546 ipsum
972 2477 1076 2546 petere
1097 2489 1234 2530 rasorem
1262 2473 1301 2530 ad
1321 2473 1502 2543 radendum,
1519 2476 1638 2532 mittere

370 2582 555 2638 tenebuntur
579 2585 608 2637 et
632 2579 805 2650 debebunt;
829 2595 886 2652 pro
906 2579 1063 2651 sanguinis
1079 2580 1177 2636 eciam
1205 2579 1378 2636 minucione
1394 2581 1537 2652 quolibet
1552 2595 1638 2650 anno,

370 2689 396 2746 si
428 2703 551 2745 necesse
583 2686 683 2758 fuerit,
716 2693 848 2760 quatuor
878 2687 1000 2744 vicibus
1032 2686 1217 2743 balneorum
1249 2686 1418 2742 minutores
1454 2687 1639 2744 tenebuntur

370 2794 461 2852 nobis
485 2793 668 2867 providere;
692 2795 749 2851 hoc
772 2810 833 2851 non
856 2794 1064 2867 pretermissO,
1096 2791 1180 2865 quod
1212 2791 1471 2864 quandocumque
1502 2793 1640 2866 predicta

371 2901 462 2957 stuba
475 2901 578 2957 balnei
591 2900 700 2957 diebus
720 2899 872 2956 consvetis
892 2915 949 2973 pro
971 2898 1151 2956 balneandis
1172 2899 1350 2956 hominibus
1370 2897 1520 2956 calefacta
1541 2898 1640 2966 luerit,

372 3021 427 3063 nos
442 3013 472 3063 et
489 3005 599 3063 iratres
619 3006 716 3063 nostri
739 3005 869 3061 liberam
885 3005 1071 3061 habebimus
1084 3004 1112 3060 in
1127 3004 1256 3060 eandem
1271 3004 1412 3074 intrandi,
1426 3019 1517 3061 causa
1536 3005 1640 3061 balne

371 3111 444 3170 audi
467 3112 586 3185 absque
609 3111 765 3169 solucione
785 3110 923 3183 aliquali,
952 3110 1148 3180 facultatem;
1164 3115 1194 3167 et
1218 3111 1302 3184 quod
1325 3111 1486 3168 balneator
1509 3111 1641 3185 predicti

373 3219 476 3275 balnei
493 3225 523 3276 et
538 3219 703 3276 servitores
721 3218 751 3275 in
767 3216 876 3275 eodem
894 3218 1057 3274 existentes
1074 3218 1164 3274 nobis
1180 3217 1286 3274 debita
1301 3222 1331 3274 et
1347 3223 1491 3274 consueta
1512 3219 1641 3275 servicia

372 3325 659 3394 amministrabunt;
676 3323 782 3381 dantes
800 3331 830 3382 et
845 3324 1045 3382 concedentes
1061 3324 1281 3381 nichilominus
1296 3331 1401 3381 nostro
1416 3331 1447 3380 et
1464 3328 1641 3381 nostrorum

374 3447 585 3489 successorum
610 3431 786 3488 nominibus
810 3430 958 3503 predictis
974 3430 1101 3487 domino
1117 3430 1214 3487 Paulo
1231 3438 1260 3486 et
1276 3431 1340 3487 suis
1357 3429 1506 3487 fratribus
1523 3431 1642 3488 dictum

375 3539 479 3595 locum
504 3537 680 3595 balnealem
703 3553 774 3593 cum
798 3538 949 3594 universis
979 3535 1131 3594 hedificiis
1158 3536 1363 3610 preparandis
1386 3543 1416 3594 et
1439 3537 1643 3595 hedificandis

375 3647 406 3702 in
436 3645 554 3714 eodem,
585 3643 748 3713 vendendi,
779 3643 922 3714 donandi,
955 3643 1086 3716 legandi,
1124 3641 1253 3714 locandi,
1286 3643 1447 3716 obligandi
1480 3649 1510 3701 et
1541 3644 1642 3702 modis

374 3750 519 3807 omnibus
542 3765 600 3823 pro
624 3765 678 3807 sue
702 3749 792 3806 libito
817 3749 994 3821 voluntatis,
1026 3749 1122 3806 salvis
1154 3755 1183 3805 et
1207 3748 1304 3805 illesis
1335 3748 1480 3822 predictis
1503 3750 1643 3806 serviciis

375 3857 464 3912 nobis
489 3855 653 3928 provenire
676 3855 870 3926 debentibus,
893 3857 1066 3926 reservatis
1090 3854 1275 3928 disponendi
1296 3855 1429 3912 liberam
1454 3854 1641 3912 facultatem.

375 3959 408 4019 Si
431 3977 506 4018 vero
529 3961 611 4018 idem
636 3961 780 4019 dominus
813 3961 925 4018 Paulus
950 3962 1000 4018 vel
1031 3961 1085 4018 alii
1117 3975 1310 4034 possessores
1337 3962 1436 4035 ipsius
1459 3962 1564 4019 balnei
1587 3963 1642 4019 ali·

376 4083 469 4140 quem
492 4069 659 4126 terminum
683 4069 883 4125 obmitterent
904 4068 1037 4141 predicti
1060 4084 1168 4126 census
1188 4067 1219 4125 in
1243 4067 1402 4138 solvendo,
1426 4083 1486 4142 pro
1502 4069 1643 4141 qualibet

375 4175 532 4232 solucione
556 4175 693 4232 obmissa
716 4189 829 4248 penam
853 4174 965 4248 duppli
985 4174 1141 4231 incurrent
1156 4174 1226 4248 ipso
1250 4173 1347 4243 facto;
1370 4175 1523 4248 premissa
1539 4181 1643 4232 autem

375 4281 479 4339 omnia
511 4287 541 4338 et
572 4281 694 4352 singula
725 4281 950 4354 premissorum
981 4296 1036 4337 nos
1067 4287 1098 4337 et
1128 4291 1249 4337 nostros
1277 4296 1467 4338 successores
1491 4287 1643 4354 perpetuo

375 4387 599 4445 inviolabiliter
634 4394 663 4445 et
698 4387 945 4444 irrevocabiliter
979 4401 1015 4443 ac
1049 4385 1182 4444 firmiter
1216 4386 1438 4444 observaturos
1474 4393 1643 4460 spontanea

377 4493 553 4565 obligamus
577 4493 745 4551 voluntate.
778 4493 811 4554 In
843 4493 928 4550 cuius
960 4493 1005 4550 rei
1036 4493 1250 4550 testimonium
1280 4493 1475 4566 presentibus
1502 4493 1643 4565 sigillum

376 4606 517 4658 nostrum
549 4607 579 4658 et
608 4601 706 4659 nostri
739 4607 913 4670 conventus,
948 4605 981 4657 ut
1012 4599 1109 4656 robur
1140 4604 1289 4672 perpetue
1317 4599 1473 4656 firmitatis
1497 4600 1643 4672 optineat,

376 4706 522 4764 duximus
536 4707 747 4781 appendenda.
765 4707 879 4764 Datum
894 4708 925 4764 in
941 4705 1128 4764 monasterio
1140 4709 1246 4763 nostro
1258 4705 1406 4780 predicto,
1420 4705 1497 4762 feria
1510 4703 1644 4762 secunda

376 4813 521 4886 proxima
543 4819 614 4886 post
637 4812 807 4886 quindenas
828 4812 919 4869 Pasce
935 4811 1061 4869 domini.
1078 4809 1168 4869 Anno
1185 4811 1324 4869 eiusdem
1340 4809 1506 4868 MCCCLX
1523 4815 1642 4883 quarto·

467 4949 607 5014 originale
627 4949 653 4998 iu
673 4947 831 4998 membrana.
850 4947 975 5013 Sigillum
993 4963 1008 4996 a
1027 4963 1091 4997 zona
1110 4947 1211 4997 sericea
1231 4947 1313 4998 viridi
1333 4945 1470 5010 dependet.
1491 4944 1520 4994 In
1534 4943 1643 4994 archivo

379 5037 438 5088 hon.
459 5035 568 5102 collegii
588 5035 852 5094 Praebendariorum,
871 5035 1024 5102 Zagrabiae.
