3600 5804
817 533 890 591 Doc.
917 528 983 594 181.
1013 567 1049 576 -
1075 535 1131 592 An.
1156 548 1244 611 1342.

990 747 1068 812 181.

504 889 579 936 Anno
602 895 675 946 1342,
699 896 735 947 14.
757 885 910 936 decembris.
931 886 960 936 ln
981 887 1119 952 Viiegrad.

403 1014 568 1088 Capitulum
598 1015 716 1086 zagrab.
752 1015 831 1071 iussu
868 1014 1008 1071 ludovici
1032 1017 1208 1088 lhtngortite
1234 1024 1281 1072 etc.
1309 1017 1385 1088 regis
1412 1017 1443 1070 iu
1471 1033 1548 1071 usum
1572 1023 1657 1087 prae-

398 1122 551 1194 zu'gentticm
575 1122 784 1178 inemundatum
814 1121 852 1176 ab
878 1122 957 1177 omui
985 1124 1130 1179 exactione
1153 1124 1223 1187 nint,
1246 1123 1327 1180 bladi
1355 1131 1383 1178 et
1411 1122 1590 1178 denariorum
1622 1119 1663 1176 nd

727 1234 851 1283 castmm
876 1227 1009 1296 Medaed,
1033 1229 1155 1284 immune
1182 1229 1326 1284 statuitur.

485 1369 660 1427 lodovicus
675 1369 725 1428 dei
741 1372 844 1443 gracia
860 1387 914 1428 rex
927 1371 1092 1444 Hungarie.
1106 1372 1129 1427 F
1131 1370 1205 1429 ldeli
1217 1387 1273 1428 suo
1287 1371 1453 1443 magnifico
1470 1371 1537 1428 viro
1553 1369 1658 1440 Mykch

397 1479 478 1534 bano
495 1477 593 1533 tocius
609 1475 790 1534 Sclauouiae
806 1477 938 1534 salutem
955 1483 985 1534 et
1001 1479 1145 1550 graciam.
1163 1477 1291 1534 Noverit
1308 1483 1412 1534 vestra
1428 1476 1560 1534 fidelitas
1579 1475 1658 1548 quod

397 1582 578 1640 honorabile
602 1583 775 1655 capitulum
798 1583 926 1640 ecclesie
950 1583 1156 1655 zagrabiensis
1173 1599 1229 1657 per
1252 1585 1354 1640 virum
1370 1583 1540 1640 discretum
1560 1591 1590 1640 et
1604 1584 1655 1638 ho·

397 1695 519 1746 nestum
550 1689 735 1760 magistrum
762 1689 914 1771 Jacobum
943 1690 1136 1763 prepositum
1164 1689 1302 1747 ciusdem
1331 1690 1459 1746 ecclesie
1490 1688 1656 1761 significare

396 1795 519 1852 curavit
551 1795 715 1867 querulose
745 1801 849 1852 nostre
881 1796 1042 1866 maiestati,
1083 1796 1218 1868 qualiter
1248 1801 1354 1853 contra
1381 1795 1557 1852 libertatem
1581 1793 1656 1851 dicte

397 1902 525 1959 ecclesie
551 1915 607 1974 per
630 1905 750 1958 nostros
775 1903 987 1974 progenitores
1011 1903 1146 1974 gratiose
1169 1910 1198 1958 et
1222 1903 1390 1959 salubriter
1413 1902 1473 1958 sibi
1496 1899 1606 1958 factam
1631 1908 1658 1955 et

398 2006 516 2064 dudum
542 2021 718 2064 concessam
742 2005 1029 2065 efficacissimorum
1054 2008 1300 2080 privilegialium
1320 2010 1594 2064 instrumentorum
1616 2006 1656 2061 vi·

397 2128 470 2186 gore
509 2113 662 2170 mediante
693 2111 732 2169 ad
763 2121 898 2169 castrum
928 2112 1059 2184 liedvey
1092 2130 1149 2188 per
1180 2113 1374 2170 diversarum
1405 2113 1605 2170 collectarum
1630 2120 1655 2168 et

396 2221 594 2278 exaccionum
618 2219 733 2276 honera
758 2219 918 2276 videlicet:
942 2220 1015 2290 vini,
1050 2219 1136 2276 bladi
1169 2227 1198 2276 et
1225 2218 1424 2276 denariorum
1445 2219 1512 2291 ipsa
1534 2217 1655 2275 ecclesia

395 2326 525 2383 nimium
550 2324 629 2383 foret
652 2331 820 2398 aggravata
836 2332 866 2382 et
882 2341 1040 2399 oppressa,
1062 2333 1200 2399 petentes
1217 2329 1354 2382 nostram
1370 2324 1589 2382 excellenciam
1605 2324 1654 2379 hu·

395 2431 512 2489 militer
536 2431 749 2505 supplicando,
781 2437 815 2488 ut
845 2432 946 2504 ipsam
979 2432 1142 2488 ecclesiam
1165 2431 1206 2488 ab
1229 2429 1408 2488 huiusmodi
1431 2429 1583 2497 indebitis,
1605 2429 1653 2484 ho

395 2538 511 2595 nerosis
535 2537 769 2609 gravaminibus
792 2537 903 2594 intuitu
928 2537 1032 2594 divine
1051 2538 1174 2610 pietatis
1191 2537 1380 2594 exhonerare
1396 2535 1601 2608 dignaremur,
1618 2535 1653 2590 ab

397 2642 504 2700 eadem
530 2643 730 2716 oppressione
754 2642 869 2699 dictam
891 2644 1055 2700 ecclesiam
1072 2643 1125 2716 pio
1141 2644 1272 2700 humero
1291 2641 1467 2699 relevando.
1486 2642 1580 2714 igitur
1594 2655 1653 2708 nos,

395 2749 509 2822 quiex
533 2747 638 2806 debito
662 2749 759 2806 nostri
782 2747 877 2806 officii
901 2755 1025 2806 cunctas
1050 2749 1194 2806 ecclesias
1216 2750 1301 2820 regni
1330 2749 1426 2806 nostri
1451 2762 1583 2821 quarum
1604 2761 1651 2820 pa·

394 2857 474 2913 troni
498 2855 657 2912 existimus
682 2853 805 2912 favente
829 2854 933 2912 divina
957 2856 1125 2912 clemencia
1149 2856 1306 2928 speciales
1324 2869 1519 2927 quarumque
1543 2853 1650 2910 oracio·

393 2978 467 3019 num
491 2961 735 3033 suffragantibus
759 2962 877 3019 meritis
900 2962 1037 3018 vivimus
1068 2968 1098 3018 et
1129 2976 1302 3034 regnamus,
1328 2961 1402 3017 visis
1430 2961 1541 3017 litteris
1565 2957 1652 3033 privi-

392 3068 559 3140 legialibus
584 3067 702 3124 domini
725 3065 873 3142 Stephani
897 3069 975 3126 olim
997 3069 1079 3140 regis
1095 3067 1261 3140 Hungarie‚
1286 3068 1337 3124 avi
1359 3067 1457 3124 nostri
1479 3065 1650 3132 charissimi,

393 3174 491 3232 felicis
514 3175 673 3241 memorie,
705 3181 858 3231 caractere
880 3190 971 3231 auree
995 3174 1084 3230 bulle
1115 3173 1252 3230 eiusdem
1281 3173 1475 3245 consignatis,
1504 3174 1653 3230 libertates

392 3279 473 3338 dicte
504 3281 632 3337 ecclesie
663 3280 870 3352 zagrabiensis
901 3281 1156 3353 exprimentibus,
1188 3279 1318 3336 eandem
1346 3279 1510 3338 ecelesiam
1544 3280 1573 3336 in
1594 3277 1649 3334 suis

392 3387 590 3445 libertatibus
614 3402 670 3460 per
694 3387 761 3459 pios
785 3388 998 3460 progenitores
1014 3394 1136 3444 nostros
1152 3387 1252 3444 eidem
1269 3387 1420 3444 concessis
1439 3387 1577 3443 volentes
1591 3384 1651 3441 ille·

392 3509 458 3554 sam
483 3501 513 3549 et
536 3491 735 3566 indempnem
760 3507 952 3562 conservare,
979 3491 1167 3567 deciusque
1191 3499 1271 3550 statu
1292 3492 1421 3566 pacifico
1438 3501 1468 3549 et
1492 3490 1650 3564 tranquillo

392 3599 498 3671 utique
530 3599 693 3670 invigilare
723 3599 890 3671 cupientes,
916 3599 1030 3657 amodo
1060 3605 1089 3656 et
1120 3598 1265 3672 deinceps
1295 3597 1334 3655 de
1364 3599 1478 3671 pietate
1502 3599 1584 3670 regia
1615 3596 1649 3651 ab

392 3705 554 3761 exaccione
578 3703 800 3776 premissarum
825 3703 1034 3761 indebitarum
1056 3705 1255 3761 exaccionum
1278 3704 1412 3761 liberam
1427 3705 1574 3762 volumus
1589 3701 1648 3758 fieri

394 3817 543 3884 perpetuo
573 3824 700 3882 prorsus
730 3815 759 3866 et
789 3815 1009 3882 exempmtam.
1043 3811 1147 3882 ltaque
1178 3815 1279 3866 vestre
1306 3809 1450 3866 fidelitati
1473 3807 1648 3866 firmissimis

392 3916 502 3977 damus
525 3917 554 3974 in
580 3917 734 3989 preceptis
757 3925 907 3989 quatenus
923 3923 1065 3991 pretextu
1087 3915 1238 3972 dictarum
1256 3917 1455 3973 exacciouum
1472 3917 1546 3984 vini,
1570 3911 1646 3971 bladi

391 4029 421 4079 et
444 4022 640 4083 denariorum
665 4038 699 4078 ac
723 4025 906 4095 quorumvis
931 4023 1113 4080 victualium
1137 4029 1166 4078 et
1192 4021 1393 4079 serviciorum
1417 4020 1457 4078 ad
1478 4020 1593 4078 <lictum
1607 4033 1647 4074 ca·

391 4136 490 4186 strum
512 4127 766 4200 exhigendorum,
790 4144 807 4185 a
831 4129 944 4200 quibus
978 4129 1120 4185 videlicet
1154 4127 1262 4185 eadem
1285 4128 1416 4185 ecclesia
1443 4144 1481 4184 ex
1504 4126 1602 4200 gracia
1622 4129 1647 4180 et

391 4235 504 4308 pietate
528 4234 760 4307 progenitorum
784 4242 960 4292 nostrorum
978 4235 1078 4291 extitit
1103 4235 1235 4291 liberata
1258 4235 1299 4291 ab
1322 4235 1459 4306 antiquo
1483 4234 1646 4291 nullatenus

391 4340 504 4400 amodo
528 4340 698 4412 inquietare
722 4341 908 4414 presumatis
932 4347 961 4396 et
986 4341 1103 4414 pariter
1126 4356 1305 4412 aggravare,
1329 4339 1383 4396 sed
1407 4339 1539 4396 eandem
1560 4337 1645 4394 eccle·

390 4445 469 4502 siam
492 4446 622 4518 pristina
653 4461 708 4501 sua
740 4446 937 4518 privilegiata
969 4448 1112 4503 libertate
1142 4445 1270 4519 pacifice
1301 4445 1421 4519 pertrui
1444 4451 1474 4502 et
1498 4441 1642 4518 gratulari.

390 4552 507 4625 absque
530 4551 671 4608 ulteriori
695 4552 913 4624 inquietatione
931 4553 1123 4624 permittatis.
1141 4552 1295 4608 Volumus
1312 4551 1394 4608 enim
1411 4559 1440 4608 et
1457 4549 1644 4610 nihilominus

390 4663 555 4715 statuentes
576 4657 614 4714 de
637 4657 829 4730 plenitudine
853 4659 936 4730 regie
953 4659 1111 4730 potestatis
1135 4658 1375 4714 committimus:
1399 4662 1433 4713 ut
1457 4657 1560 4714 nullus
1581 4652 1643 4716 dux,

391 4765 440 4821 vel
476 4765 574 4820 banus
610 4764 707 4820 tocius
740 4762 901 4820 Sclauonie
932 4763 1061 4820 eandem
1093 4763 1255 4819 ecclesiam
1286 4763 1519 4834 zagrabiensem
1548 4767 1639 4817 contra

390 4870 576 4944 premissam
598 4870 734 4941 graciam
759 4879 788 4925 et
819 4869 997 4926 'libertatem
1028 4869 1088 4926 sibi
1118 4885 1173 4942 per
1206 4869 1275 4941 pios
1300 4869 1515 4941 progenitores
1536 4871 1642 4923 nostros

389 4976 512 5044 factam,
536 4981 565 5032 et
589 4990 645 5047 per
668 4989 722 5032 nos
746 4991 785 5032 ex
808 4981 889 5032 certe
911 4976 1040 5032 sciencia
1063 4974 1151 5032 etde
1174 4975 1304 5032 consilio
1325 4975 1537 5047 praelatorum
1551 4978 1578 5028 et
1593 4969 1637 5024 ba-
