3600 5804
320 525 379 592 ¹218
746 525 818 582 Dec.
843 539 913 602 242.
938 559 974 568 -
1001 527 1057 584 An.
1082 523 1170 602 1361.

318 728 350 781 et
372 724 547 795 Dyonisius‚
578 724 715 781 canonici
746 724 844 797 ipsius
874 725 1002 783 ecclesie
1031 725 1246 797 zagrabiensis,
1278 731 1341 782 tam
1373 740 1431 798 pro
1454 741 1488 781 se
1510 725 1582 798 ipsis

319 830 530 903 personaliter,
561 845 656 903 quam
688 846 759 887 cum
790 831 901 888 litteris
933 830 1153 904 procuratoriis
1187 830 1261 888 dicti
1296 831 1426 904 capituli
1461 829 1585 888 ecclesie

320 935 527 1008 zagrabiensis
556 951 614 1009 pro
646 935 755 994 eodem
786 937 881 1009 pleno
905 937 1043 1010 capitulo
1066 953 1170 994 coram
1195 936 1306 994 eodem
1329 937 1501 994 laurencio
1525 953 1586 993 nra-

321 1041 417 1113 gistro
446 1041 676 1098 tavamicorum
708 1042 860 1114 regalium
892 1042 1109 1115 comparend0,
1140 1043 1170 1100 in
1194 1042 1296 1114 figura
1318 1042 1425 1100 iudicii
1448 1042 1588 1100 eiusdem

320 1146 461 1219 magistri
484 1146 644 1204 laurencii
667 1147 872 1222 proponendo
896 1147 1028 1220 egissent
1051 1164 1088 1205 eo
1113 1146 1225 1206 modo:
1249 1147 1333 1220 quod
1356 1148 1440 1205 cives
1464 1152 1496 1205 et
1519 1149 1588 1205 hos·

321 1252 399 1325 pites
430 1251 469 1309 de
501 1251 602 1310 Grech
633 1253 784 1325 quasdam
816 1254 985 1328 particulas
1016 1261 1096 1313 terre
1126 1255 1166 1312 ad
1196 1255 1423 1329 possessionem
1447 1263 1589 1312 suamet

320 1357 447 1415 ecclesie
478 1373 531 1415 sue
563 1359 759 1432 pertinentes,
791 1359 932 1432 Kassyna
963 1367 1115 1430 vocatam,
1145 1367 1176 1418 et
1208 1361 1289 1418 intra
1319 1366 1417 1417 metas
1450 1359 1588 1417 eiusdem

319 1465 490 1534 existentes,
514 1481 532 1520 a
555 1469 696 1538 tempore
718 1464 915 1523 dominorum
931 1465 1080 1540 Stephani
1096 1472 1126 1524 et
1141 1466 1277 1524 Ladislai
1293 1467 1463 1524 illustrium
1479 1481 1588 1538 regum

319 1569 484 1642 Hungarie‚
508 1571 670 1627 beatarum
693 1571 956 1642 recordacionum,
981 1572 1162 1645 occupando
1188 1572 1360 1630 detinerent
1375 1579 1405 1630 et
1422 1572 1588 1632 detinendo

319 1677 511 1750 possiderent
527 1678 557 1735 in
572 1677 689 1750 grande
706 1677 911 1751 preiudicium
928 1678 1008 1735 dicte
1024 1679 1152 1736 ecclesie
1168 1684 1198 1736 et
1210 1679 1368 1749 iacturam,
1380 1685 1409 1736 et
1422 1695 1481 1752 per
1492 1679 1589 1751 quod-

319 1783 392 1840 dam
417 1783 565 1841 lossatum
592 1800 649 1858 per
668 1783 793 1841 eosdem
814 1784 951 1858 hospites
974 1783 1099 1855 sactum,
1127 1783 1282 1856 quandam
1305 1799 1419 1857 aquarn
1447 1785 1589 1842 velocem

319 1895 432 1946 terram
446 1890 584 1962 ipsorum
598 1889 807 1948 destruentem
820 1906 925 1948 curere
938 1889 1087 1949 iecissent.
1097 1890 1182 1961 item,
1196 1889 1279 1963 quod
1293 1897 1399 1947 contra
1411 1891 1589 1948 libertatem

318 1994 446 2052 ecclesie
463 1995 614 2052 tributum
625 1994 664 2052 de
680 1996 799 2053 salibus
812 1996 891 2053 etde
906 2012 975 2053 cera
989 2012 1023 2053 ac
1035 1997 1105 2054 aliis
1118 1997 1244 2053 minutis
1256 1997 1349 2053 rebus
1362 1996 1420 2053 hiis
1433 1996 1590 2053 similibus

318 2099 393 2157 dicti
424 2101 506 2158 cives
538 2109 568 2159 et
591 2102 728 2176 hospites
759 2103 887 2176 propria
910 2119 964 2160 sua
988 2117 1058 2159 cum
1084 2101 1225 2174 potencia
1247 2100 1462 2159 constituendo
1486 2107 1588 2158 extor-

306 2214 456 2280 querent,
493 2208 662 2266 voluissent
689 2209 766 2266 scire
798 2225 859 2282 qua
889 2209 1012 2266 racione
1044 2208 1214 2278 mediante;
1244 2213 1274 2265 et
1302 2223 1338 2265 eo
1362 2208 1446 2266 dicto
1469 2207 1588 2265 ibidem

318 2328 422 2370 coram
447 2313 557 2371 eodem
581 2315 731 2386 magistro
754 2315 923 2372 laurencio
945 2315 1064 2372 litteras
1084 2314 1297 2387 privilegiales
1315 2315 1444 2388 capituli
1460 2315 1590 2372 ecclesie

317 2418 452 2476 albensis
491 2435 571 2477 anno
601 2421 641 2478 ab
672 2421 885 2478 incarnacione
917 2421 1034 2479 domini
1071 2419 1154 2477 MCC
1189 2421 1418 2494 septuagesimo
1454 2419 1590 2478 secundo

318 2532 483 2595 emanatas,
508 2525 644 2584 sormam
668 2534 698 2584 et
721 2533 859 2584 tenorem
883 2527 1000 2584 domini
1025 2526 1148 2584 Andree
1171 2527 1261 2599 regis,
1285 2527 1430 2584 similiter
1457 2527 1589 2584 illustris

317 2631 447 2690 condam
480 2633 561 2705 regis
592 2633 750 2706 Hungarie
782 2634 960 2692 excellentis
994 2635 1143 2692 memorie
1175 2634 1204 2691 in
1236 2648 1317 2690 anno
1352 2632 1470 2690 domini
1504 2632 1589 2689 MCC

315 2723 450 2811 septimo
483 2738 625 2808 emanati,
656 2739 743 2796 cuius
773 2740 867 2798 series
899 2756 1007 2798 cursus
1038 2748 1189 2804 metarum
1221 2745 1250 2797 et
1273 2739 1503 2813 possessionum
1529 2743 1590 2796 ter-

317 2859 423 2902 rarum
445 2844 525 2901 dicte
549 2845 677 2902 ecclesie
700 2861 757 2918 per
779 2845 920 2903 ordinem
944 2845 1148 2917 denotassent,
1172 2845 1434 2902 demonstrassent
1442 2863 1449 2914 ;
1473 2845 1590 2918 inquo

318 2951 397 3007 inter
420 2957 520 3008 cetera
544 2951 716 3026 reperisset,
748 2951 831 3024 quod
866 2951 1023 3024 quandam
1056 2957 1171 3009 terram
1197 2951 1325 3008 Kassina
1347 2957 1500 3022 vocatam,
1519 2953 1590 3024 qui-

318 3055 390 3113 dam
414 3058 509 3114 homo
542 3057 666 3114 nomine
689 3058 751 3114 Vta
773 3073 842 3116 cum
867 3059 931 3115 suis
958 3057 1107 3116 iratribus
1138 3058 1217 3115 dicte
1241 3057 1370 3114 ecclesie
1393 3057 1588 3129 zagrabiensi

318 3164 506 3234 contulisset,
529 3164 616 3220 cuius
639 3169 719 3222 mete
743 3163 897 3222 declarate
921 3163 1048 3222 luissent
1075 3165 1241 3238 privilegio
1269 3164 1300 3221 in
1326 3163 1452 3232 eodem;
1472 3164 1593 3236 quibus

318 3270 408 3327 dictis
431 3276 460 3327 et
488 3270 631 3344 partibus
662 3275 799 3328 tenorem
830 3271 928 3344 ipsius
957 3270 1115 3345 privilegii
1138 3285 1304 3327 accursus
1327 3277 1480 3327 metarum
1504 3269 1592 3327 dicte

318 3377 519 3450 possessionis
557 3377 688 3434 Kassina
721 3383 838 3449 vocate,
878 3377 1050 3434 luculenter
1087 3377 1242 3451 expositis
1277 3375 1417 3432 Nicoleth
1454 3374 1593 3432 condam

319 3482 410 3540 iudex
442 3489 472 3540 et
502 3483 578 3566 Jaxe
609 3482 775 3554 aurifaber,
806 3484 889 3540 cives
920 3484 1010 3541 iurati
1043 3483 1081 3539 de
1112 3482 1218 3539 eadem
1249 3481 1361 3548 Grech,
1384 3487 1447 3538 tam
1471 3497 1529 3554 pro
1556 3499 1593 3538 se

320 3589 533 3663 personaliter,
563 3605 657 3662 quarn
689 3605 758 3646 curn
791 3589 1012 3662 procuratoriis
1041 3589 1151 3646 litteris
1174 3588 1291 3645 civium
1312 3593 1342 3644 et
1364 3587 1522 3660 hospitum
1548 3586 1594 3643 de

319 3695 420 3754 Grech
452 3695 674 3769 predictorum,
710 3711 768 3768 pro
800 3694 917 3752 eisdem
949 3694 1123 3768 hospitibus
1154 3708 1258 3750 coram
1294 3691 1403 3749 eodem
1438 3692 1595 3763 magistro

319 3801 488 3860 Laurencio
521 3801 739 3876 comparendo‚
767 3802 797 3859 in
828 3801 1017 3858 contrarium
1049 3787 1189 3857 omnium
1212 3800 1436 3874 premissorum
1460 3813 1595 3871 respon-

319 3909 434 3966 dissent
464 3924 500 3966 eo
533 3909 634 3979 m0d0,
667 3907 750 3980 quod
782 3909 847 3982 ipse
878 3907 1030 3982 particule
1057 3911 1146 3978 terre,
1170 3922 1247 3978 quas
1271 3905 1388 3963 dictum
1413 3903 1594 3977 capitulum

320 4015 357 4072 ad
393 4015 617 4088 possessionem
649 4029 736 4070 suam
769 4013 895 4070 Cassina
927 4019 1066 4070 vocatam
1088 4012 1249 4085 pertinere,
1274 4017 1304 4068 et
1327 4009 1425 4067 dictos
1449 4009 1595 4083 hospites

319 4121 447 4178 dixisset
495 4137 661 4194 occupasse
705 4121 829 4178 Kobilia
871 4127 901 4177 et
941 4120 1003 4176 alio
1038 4119 1171 4176 nominis
1209 4117 1364 4175 vocabulo
1399 4117 1596 4189 Kyralouch‚

320 4229 393 4286 item
424 4226 572 4299 Scyuibla
602 4244 654 4284 seu
688 4227 764 4284 Nart
788 4232 995 4300 nuncupatas;
1023 4232 1053 4282 et
1076 4227 1176 4299 ipsam
1200 4224 1424 4297 possessionem
1450 4223 1595 4295 Kobilia‚

320 4335 532 4392 serenissimus
564 4334 709 4407 princeps
740 4333 884 4390 dominus
915 4333 1085 4403 ladislaus,
1113 4331 1245 4388 condam
1269 4330 1400 4387 illustris
1423 4345 1476 4386 rex
1500 4329 1596 4386 Hun-

320 4442 405 4513 garie
438 4440 614 4498 recollende
646 4440 796 4497 memorie
806 4458 813 4509 ;
845 4440 944 4512 ipsam
969 4454 1044 4496 vero
1067 4438 1292 4512 possessionem
1317 4435 1507 4510 Scyuiblam,
1531 4435 1596 4494 do-

322 4547 424 4604 minus
448 4546 521 4603 Bela
537 4563 592 4604 rex
608 4546 697 4603 dictis
718 4545 892 4619 hospitibus
909 4545 1108 4612 contuLissent
1126 4544 1191 4600 iure
1209 4549 1359 4617 perpetuo
1375 4540 1595 4616 possidendas

321 4670 397 4726 quas
420 4669 436 4709 a
461 4659 601 4726 tempore
622 4652 800 4709 collacionis
823 4667 947 4724 semper
969 4651 1042 4709 dicti
1066 4650 1203 4723 hospites
1226 4649 1291 4706 sine
1315 4648 1444 4705 alicuius
1467 4657 1597 4706 contra-

321 4760 458 4817 diccione
489 4759 616 4833 pacifice
647 4757 864 4832 possedissent,
898 4763 928 4814 et
959 4756 1041 4829 quod
1074 4772 1154 4828 aqua
1186 4761 1215 4812 in
1247 4754 1440 4828 preallegato
1472 4752 1598 4812 fossato

320 4882 445 4923 currens
468 4865 506 4923 ad
530 4871 645 4922 terram
669 4864 824 4922 dictorum
849 4865 1006 4937 hospitum
1030 4863 1198 4920 cucurisset
1223 4867 1253 4918 et
1271 4865 1403 4917 measset
1420 4863 1451 4916 et
1466 4859 1596 4918 nullam

322 4973 448 5032 omnino
472 4970 715 5027 destruccionem
740 4969 853 5028 faceret
877 4971 906 5026 in
931 4978 1012 5026 terra
1035 4969 1163 5042 capituli
1187 4965 1339 5042 prenotati
1363 4971 1392 5022 et
1416 4963 1499 5039 quod
1516 4981 1599 5038 pro-
