3782 5812
401 550 439 608 26
737 551 810 610 Doc.
827 565 879 627 31.
898 564 951 628 32.
979 585 1015 594 —
1040 553 1096 611 An.
1121 550 1333 631 1256-1257.

398 749 531 805 tentione
563 751 754 820 accesserint,
787 751 953 820 annuatim,
990 751 1029 809 de
1068 752 1288 826 omnipotentis
1318 754 1368 811 dei
1396 754 1610 812 misericordia
1646 765 1678 812 et

398 853 559 912 beatorum
591 855 671 914 Petri
702 863 731 914 et
769 856 865 926 Pauli,
897 858 962 915 eius
993 859 1174 916 auctoritate
1211 859 1328 930 confisi,
1364 876 1459 917 unum
1491 877 1607 918 annum
1642 867 1675 918 et

404 959 607 1032 quadraginta
639 961 704 1019 dies
736 962 774 1019 de
806 964 939 1020 iniuncta
964 965 1007 1021 eis
1033 965 1199 1038 penitentia
1222 965 1464 1023 misericorditer
1487 968 1676 1024 relaxamus,

402 1063 517 1124 Datum
550 1069 697 1141 Anagnie,
730 1069 795 1128 XV.
815 1069 963 1128 kalendas
989 1071 1127 1143 Augusti.
1153 1070 1351 1130 Pontificatus
1375 1074 1471 1130 nostri
1493 1089 1572 1130 anno
1597 1073 1676 1130 duo·

401 1169 531 1231 decimo.

491 1292 631 1356 Originale
651 1293 677 1343 in
696 1296 854 1352 membrana.
874 1295 900 1345 in
924 1312 977 1359 quo
998 1311 1012 1346 a
1032 1311 1097 1346 zona
1119 1297 1217 1346 sericea
1237 1298 1366 1362 dependet
1386 1299 1510 1364 plumbea
1530 1299 1611 1348 bulla.
1631 1300 1675 1348 Ex

402 1381 472 1431 arch.
494 1383 571 1446 capit.
591 1383 696 1447 zagrab.
716 1383 776 1433 lasc.
800 1394 855 1434 101.
870 1400 908 1434 nr.
925 1396 947 1434 2.
962 1387 1044 1436 Adest
1064 1401 1170 1450 quoque
1186 1385 1211 1436 in
1225 1393 1352 1452 excerpto
1372 1386 1399 1436 in
1417 1387 1489 1438 libro
1504 1389 1674 1438 Statutorum

403 1477 469 1534 part.
489 1469 535 1519 lV.
555 1485 575 1519 c.
596 1470 629 1520 11.
649 1471 732 1537 Typis
752 1473 873 1538 vulgavit
891 1475 965 1539 Joan.
986 1473 1101 1524 Tkaleie.
1123 1474 1192 1524 Mon.
1213 1475 1272 1524 hist.
1291 1475 1369 1540 episc.
1384 1476 1488 1540 zagrab.
1503 1493 1525 1525 r.
1540 1475 1573 1526 ΙΙ.
1588 1492 1613 1540 p.
1628 1485 1674 1538 93.

1004 1759 1059 1824 31.

506 1899 554 1946 Au.
578 1897 651 1955 1256,
672 1907 711 1947 21.
731 1900 828 1950 martii.
849 1903 928 1965 Apud
947 1902 1043 1950 Albam
1064 1901 1170 1951 curiam.

399 2024 473 2080 Belo
506 2024 561 2080 IV.
593 2025 770 2098 Huugariae
792 2036 839 2085 etc.
863 2047 917 2084 rex
939 2029 1063 2086 concedit
1082 2030 1190 2086 ciuibus
1212 2031 1245 2087 de
1267 2038 1358 2087 nwnte
1391 2029 1487 2088 Grech
1518 2029 1672 2086 nundinas

767 2135 812 2190 die
827 2135 949 2209 festos.
975 2136 1078 2192 Marci
1098 2137 1297 2210 evangelistae.

490 2275 554 2333 Nos
579 2270 676 2356 B(ela)
699 2278 748 2336 dei
768 2281 871 2351 gracia
893 2297 948 2337 rex
968 2280 1132 2354 Huugarie.
1150 2279 1366 2354 Significamus
1382 2281 1535 2352 omnibus,
1552 2281 1670 2354 quibus

397 2387 554 2454 presentes
585 2384 815 2455 hostendentur‚
848 2385 929 2458 quod
956 2387 1115 2444 voluimus
1145 2401 1180 2444 ac
1204 2388 1419 2458 concessimus,
1450 2391 1483 2444 ut
1509 2387 1539 2444 in
1562 2394 1673 2444 monte

397 2485 497 2544 Grech
523 2487 561 2545 de
584 2489 744 2562 Zagrabia‚
773 2491 908 2548 nundine
939 2492 979 2548 ab
1010 2498 1088 2566 octo,
1103 2491 1213 2549 diebus
1236 2499 1306 2550 ante
1330 2492 1443 2550 festum
1467 2494 1549 2551 beati
1572 2493 1672 2550 Marci

396 2594 586 2665 evangeliste
617 2596 795 2670 incipiendo
825 2613 921 2670 usque
952 2597 988 2654 ad
1022 2604 1146 2655 octavas
1177 2598 1315 2656 eiusdem
1348 2599 1426 2668 sesti,
1457 2601 1521 2656 sine
1551 2599 1672 2656 tributo

397 2700 537 2770 quolibet
562 2703 766 2760 celebrentur.
785 2703 874 2762 Unde
890 2704 1079 2776 quicumque
1100 2705 1151 2762 vel
1175 2704 1391 2778 undecumque
1414 2706 1570 2764 voluerint
1592 2705 1671 2784 illic,

395 2822 500 2864 secure
532 2815 560 2866 et
593 2809 690 2867 libere
723 2810 855 2868 debeant
886 2810 1041 2882 advenire,
1074 2810 1213 2868 faciendo
1244 2818 1460 2882 mercaturam,
1491 2827 1597 2870 secure
1628 2811 1671 2869 ad

396 2915 524 2988 propria
555 2922 757 2988 revertantur,
790 2917 962 2991 nullusque
989 2918 1064 2991 ipsis
1095 2917 1231 2991 dampna
1254 2919 1306 2976 vel
1330 2918 1488 2976 molestias
1509 2926 1673 2991 presumat

396 3020 589 3094 aliquatenus
621 3023 775 3096 irrogare,
804 3039 874 3081 curn
906 3025 1039 3082 velimus
1071 3040 1122 3082 eos
1154 3024 1229 3081 illuc
1259 3025 1440 3097 congregari
1472 3025 1530 3081 sub
1562 3031 1671 3081 nostra

395 3129 590 3200 proteccione
613 3130 747 3203 speciali.
773 3129 887 3188 Datum
913 3131 996 3205 apud
1016 3131 1129 3187 Albam
1152 3131 1270 3187 curiam
1295 3131 1325 3187 in
1350 3129 1429 3187 festo
1452 3132 1548 3188 sancti
1573 3129 1668 3187 Bene·

395 3231 477 3291 dicti.
503 3235 591 3291 Anno
615 3234 732 3292 domini
758 3235 842 3292 MCC
870 3237 1127 3309 quinquagesimo
1151 3245 1245 3293 sexto,

484 3370 504 3418 E
524 3375 690 3438 transumpto
711 3372 836 3437 Stephani
860 3373 930 3438 regis
950 3373 1104 3437 Huugariae
1124 3379 1171 3422 etc.
1192 3374 1225 3421 de
1244 3388 1311 3422 anno
1335 3383 1407 3428 1270.

500 3675 548 3724 An.
572 3681 646 3732 1257.
666 3684 707 3734 30.
728 3676 824 3726 martii.
1002 3642 1062 3707 32·

394 3803 516 3874 Petrus,
548 3802 767 3863 archidiaconus
797 3804 990 3875 cathedralis,
1016 3807 1195 3880 permittmtc
1225 3825 1290 3880 rege
1320 3805 1394 3862 Belo
1418 3804 1485 3874 JV„
1512 3803 1671 3862 introducit

396 3908 575 3982 Zograbiom
597 3910 749 3969 monachos
774 3911 834 3968 ord.
863 3911 1069 3988 cysterciensis,
1093 3912 1143 3969 ubi
1156 3921 1215 3986 pro
1239 3913 1297 3969 illis
1320 3911 1529 3986 aedificaverat
1553 3911 1615 3967 eccl.
1640 3910 1665 3966 b.

619 4036 644 4075 u.
669 4018 799 4088 Mariae,
830 4018 956 4075 dotatam
972 4019 1197 4092 possessionibus
1220 4024 1248 4075 ct
1267 4017 1441 4074 molendinis.

482 4161 556 4219 Bela
586 4162 635 4220 dei
665 4164 769 4235 gracia
803 4163 978 4235 Huugarie‚
1009 4163 1183 4234 Dalmacie,
1219 4162 1359 4232 Croacie,
1399 4162 1508 4232 Reme,
1548 4159 1665 4230 Serme,

394 4267 541 4340 Gallicie‚
572 4269 755 4328 Lodomerie
779 4269 991 4342 Cumanieque
1013 4285 1075 4327 rex.
1110 4268 1270 4327 Universis
1293 4273 1453 4341 presentes
1476 4267 1595 4324 litteras
1619 4265 1665 4324 in·

394 4376 544 4448 specturis
568 4377 700 4433 salutem
724 4376 755 4432 in
779 4391 823 4445 eo,
849 4376 902 4448 qui
928 4381 973 4433 est
996 4375 1080 4432 salus
1104 4375 1252 4432 omnium.
1274 4373 1370 4456 Justis
1391 4373 1566 4446 petencium
1583 4371 1664 4429 desi·

395 4480 487 4538 deriis
507 4481 655 4554 principis
673 4483 816 4540 convenit
833 4482 971 4539 animum
988 4481 1138 4550 inclinari,
1160 4481 1325 4554 presertim
1349 4494 1419 4536 cum
1438 4479 1530 4536 abeo
1547 4478 1664 4552 petitur

394 4587 477 4659 quod
502 4587 592 4644 saluti
623 4587 800 4657 conveniat,
831 4587 914 4660 quod
944 4589 1062 4646 iusticie
1087 4588 1213 4644 minime
1236 4585 1433 4643 contradicat.
1467 4584 1598 4642 Proinde
1621 4584 1660 4641 ad

393 4693 611 4750 universorum
635 4693 780 4750 noticiam
806 4695 952 4752 volumus
976 4695 1151 4767 pervenire,
1183 4691 1267 4764 quod
1290 4691 1438 4749 accedens
1461 4690 1501 4748 ad
1523 4697 1662 4748 nostram

395 4799 584 4872 presenciam
610 4799 758 4871 magister
775 4799 891 4869 Petrus,
911 4799 1143 4857 archidiaconus
1160 4799 1375 4871 zagrabiensis
1395 4797 1486 4854 nobis
1502 4797 1664 4854 humiliter

393 4906 597 4978 supplicavit,
629 4911 663 4963 ut
703 4905 899 4963 donationem
939 4916 1034 4978 quam
1064 4906 1191 4962 ecclesie
1220 4905 1308 4961 beate
1340 4903 1469 4976 virginis
1500 4904 1529 4960 in
1561 4903 1662 4959 insula

392 5009 502 5082 Egidii‚
527 5011 556 5068 in
581 5027 644 5084 qua
668 5010 851 5068 fundaverat
875 5011 958 5069 idem
980 5010 1106 5083 Egidius
1122 5011 1300 5068 ecclessiam
1317 5009 1412 5067 sancti
1427 5009 1544 5091 jacobi,
1561 5007 1663 5064 facere
