3728 5806
559 543 632 600 Doc.
650 556 726 621 304·
738 551 813 618 305.
840 575 877 584 -
898 541 954 599 An.
978 539 1071 619 1380.

765 737 860 803 304.

276 865 354 912 Anno
375 863 450 921 1380,
470 871 511 922 23.
531 862 602 913 maii.
621 861 775 928 Zagrabiae.

211 989 243 1044 Τ
238 987 379 1047 hemlinus
401 991 570 1047 tavarnicus
593 990 638 1046 ius
665 987 776 1045 dicendi
803 989 834 1044 in
864 1005 953 1045 causa
980 989 1161 1058 llli'chaelem,
1181 989 1282 1063 filium
1312 988 1438 1064 Orthols

363 1096 440 1152 tuter
459 1103 487 1152 ct
501 1095 646 1173 jacobum
668 1094 754 1151 Bolle
776 1093 818 1150 ud
838 1095 992 1170 ,autt'quos
1013 1094 1137 1152 iudt'ccs“
1160 1095 1276 1168 relegat.

273 1238 336 1296 Nos
359 1239 542 1298 Themlinus
571 1241 718 1312 magister
750 1239 1003 1296 thavarnicorum
1034 1240 1187 1312 regalium
1210 1245 1240 1296 et
1263 1239 1356 1298 iudex
1387 1241 1453 1297 uni-

183 1360 345 1403 versarum
368 1347 529 1404 civitatum
552 1347 725 1403 liberarum
748 1345 779 1403 in
802 1360 898 1417 regno
926 1345 1083 1417 Hungarie
1113 1346 1322 1404 existencium.
1355 1346 1453 1403 Vobis

184 1451 288 1523 iudici,
312 1453 429 1522 iuratis,
461 1453 644 1510 consiliariis
675 1456 704 1509 et
735 1451 888 1509 universis
918 1450 1039 1508 civibus
1072 1451 1205 1508 civitatis
1237 1451 1351 1508 montis
1375 1451 1451 1509 Gre-

184 1558 305 1615 chensis
328 1557 367 1616 de
390 1557 550 1630 Zagrabia,
574 1559 687 1616 nostris
717 1557 834 1627 amiciS,
857 1557 1048 1630 precipimus
1072 1563 1102 1614 et
1125 1557 1269 1629 petimus,
1302 1564 1453 1631 quatenus

184 1680 309 1722 causam
334 1665 502 1736 Michaelis
527 1665 586 1722 filii
611 1663 740 1722 Ortholl
760 1669 790 1721 et
809 1661 918 1746 Jacobi
942 1661 1025 1733 Bole,
1041 1661 1174 1719 condam
1190 1662 1308 1734 iudiciS,
1333 1669 1450 1720 vestro-

183 1787 255 1828 rum
279 1772 462 1842 concivium,
490 1772 569 1828 inter
600 1771 683 1845 ipsos
715 1769 907 1840 ventilatam,
939 1777 1033 1842 prout
1065 1767 1171 1826 luisset
1205 1769 1366 1842 nuperime
1396 1784 1453 1841 per

183 1893 240 1934 nos
264 1877 431 1935 diiudicata
456 1883 486 1934 et
508 1878 637 1935 demum
660 1876 699 1934 ad
722 1877 865 1949 antiquos
888 1875 1004 1932 iudices
1025 1874 1158 1932 deducta
1174 1881 1204 1932 et
1219 1875 1379 1949 appellata
1397 1891 1452 1948 per

183 1983 318 2040 eundem
339 1984 493 2066 Jacobum
518 1984 600 2056 Bole,
624 1983 685 2040 fine
709 1982 840 2040 iuridico
864 1988 894 2039 et
917 1980 1053 2038 decisivo
1077 1982 1142 2038 sine
1165 1981 1271 2054 aliqua
1299 1980 1451 2038 dilacione

184 2088 354 2147 diiudicare
378 2097 408 2147 et
431 2090 638 2147 determinare
661 2089 788 2160 faciatis,
820 2093 912 2162 prout
943 2087 973 2144 in
997 2094 1102 2144 nostra
1125 2087 1283 2160 presencia
1307 2101 1452 2159 persona·

185 2195 257 2252 liter
280 2197 506 2269 assumpsistis;
531 2197 669 2268 alioquin
702 2196 728 2252 si
758 2211 845 2251 secus
876 2193 1018 2264 feceritis,
1041 2193 1195 2266 prefatam
1219 2207 1344 2250 causam
1368 2193 1453 2249 iuxta

184 2303 408 2360 continenciam
431 2304 565 2360 aliarum
588 2303 765 2359 litterarum
787 2306 965 2358 nostrarum
988 2299 1283 2357 adiudicatoriarum
1306 2313 1452 2372 persona-

184 2409 256 2466 liter
279 2408 443 2466 decernere
465 2407 662 2466 intendamus
684 2413 715 2464 et
737 2407 866 2464 dilinire.
898 2405 1014 2463 Datum
1043 2405 1201 2476 Zagrabie,
1234 2403 1311 2461 feria
1342 2411 1452 2478 quarta

184 2515 329 2588 proxima
353 2520 422 2571 ante
445 2513 559 2571 festum
581 2513 781 2570 sacratissimi
804 2511 943 2586 corporis
967 2510 1088 2569 Christi.
1121 2513 1210 2568 Anno
1235 2509 1354 2567 domini
1378 2509 1448 2566 mil-

183 2621 293 2678 lesimo
317 2619 517 2677 CCCLXXX.
542 2619 701 2677 Presentes
724 2619 807 2676 enim
830 2616 919 2675 reddi
943 2617 1087 2674 iubemus
1115 2621 1186 2690 post
1210 2616 1357 2672 lectivam
1380 2631 1452 2689 pre·

184 2726 322 2784 sentanti.
346 2726 471 2797 Datum,
495 2733 530 2782 ut
552 2741 655 2800 supra.

273 2842 415 2908 Originale
435 2843 461 2892 in
480 2843 579 2901 charta,
598 2842 719 2908 sigilium
737 2841 900 2907 impressum.
921 2841 951 2890 ln
964 2841 1063 2892 archiv.
1078 2843 1094 2890 l.
1115 2857 1137 2892 r.
1157 2841 1206 2892 civ.
1226 2842 1329 2908 zagrab.

773 3109 862 3176 305.

289 3237 368 3286 Anno
391 3235 464 3294 1380,
484 3241 524 3288 27.
545 3233 615 3284 mail.
636 3234 742 3283 Romae.

190 3363 326 3422 Urbanus
358 3363 405 3420 Vn
422 3370 506 3436 papa
531 3362 631 3419 abbati
658 3361 682 3418 b.
715 3379 740 3418 v.
768 3361 891 3418 Man'ae
912 3360 947 3418 de
973 3361 1106 3434 Topusko
1128 3360 1257 3430 mundat,
1280 3368 1314 3418 ut
1333 3360 1368 3417 de
1390 3361 1453 3418 titre

371 3475 550 3542 patronatus
579 3469 641 3526 eccl.
663 3486 685 3524 s.
708 3467 812 3524 Marci
836 3467 969 3542 inquirat
990 3474 1018 3523 ct
1038 3467 1144 3524 abusus
1166 3467 1256 3524 tollat.

273 3614 419 3671 Vrbanus
449 3613 613 3686 episcopus
643 3627 752 3670 servus
783 3625 946 3668 servorum
976 3610 1033 3668 dei.
1057 3610 1179 3667 Dilecto
1202 3608 1269 3666 filio
1294 3610 1452 3668 ..abbati

183 3726 288 3778 sancte
310 3721 408 3776 Marie
431 3719 470 3776 de
493 3718 631 3792 Toplica,
655 3718 862 3790 zagrabieusis
885 3717 1015 3774 diocesis
1038 3717 1172 3773 salutem
1194 3722 1225 3773 et
1247 3717 1452 3789 apostolicam

184 3825 440 3884 benedictionem.
463 3824 590 3882 Dudum
622 3825 764 3898 exposito
794 3824 883 3881 nobis
906 3838 965 3896 pro
989 3829 1076 3896 parte
1100 3821 1249 3879 carissimi
1273 3822 1303 3878 iu
1327 3821 1452 3879 Christo

184 3931 244 3990 filii
265 3919 364 3989 nostri
387 3931 556 4002 Ludowici,
579 3932 661 4004 regis
686 3931 821 4003 Vngarie
842 3929 981 4000 illustris
999 3927 1082 4001 quod
1107 3928 1179 3984 licet
1201 3927 1248 3984 ius
1270 3933 1450 4001 patronatus
1470 3951 1476 3964 =

183 4039 282 4096 tocius
316 4038 460 4112 cappelle
494 4039 590 4096 sancti
623 4038 718 4095 Marci
741 4036 855 4094 montis
878 4035 1042 4093 Grecensis
1065 4049 1121 4107 per
1143 4040 1205 4090 tres
1228 4033 1318 4090 solite
1338 4033 1450 4105 guber·

183 4145 250 4201 nari
274 4150 418 4215 rectores,
441 4144 649 4216 zagrabiensis
681 4143 820 4214 diocesis,
848 4141 887 4198 ad
911 4142 1014 4214 ipsum
1037 4154 1143 4212 regem
1164 4139 1244 4196 iusto
1267 4139 1358 4197 titulo
1382 4153 1451 4212 per-

183 4250 293 4308 tineret
316 4255 411 4322 prout
433 4249 574 4323 pertinet,
593 4250 722 4324 ipsaque
745 4248 868 4329 capella
890 4247 941 4304 vel
965 4246 1071 4318 aliqua
1094 4246 1159 4302 eius
1182 4259 1255 4318 pars
1278 4251 1350 4301 tunc
1374 4251 1450 4302 tem-

183 4357 269 4428 poris
292 4356 421 4414 minime
444 4355 623 4425 vacavisset,
654 4371 709 4412 nec
733 4360 863 4412 vacaret.
896 4352 1034 4410 Tandem
1069 4351 1200 4408 dilectus
1223 4350 1307 4408 filius
1331 4350 1450 4408 Blasius

184 4463 222 4519 de
245 4463 368 4535 Palana,
392 4462 521 4520 clericus
544 4461 625 4519 dicte
649 4461 786 4532 diocesis,
819 4460 898 4518 falso
921 4459 1104 4534 pretendens
1138 4457 1222 4530 quod
1253 4459 1347 4515 tercia
1377 4473 1449 4531 pars

184 4568 304 4641 prefate
335 4569 455 4642 capelle
485 4569 624 4639 vacabat,
653 4575 683 4624 et
708 4574 849 4642 pretextu
874 4565 1081 4640 quarumdam
1105 4565 1280 4621 litterarum
1303 4565 1451 4638 apostoli·

185 4689 300 4746 carum,
324 4688 402 4746 quas
424 4689 582 4747 nunquam
605 4674 637 4731 in
661 4674 803 4746 partibus
826 4673 889 4730 illis
913 4673 1103 4741 exhibuerat,
1127 4671 1187 4728 sibi
1210 4669 1249 4727 de
1273 4671 1338 4728 iure
1358 4669 1451 4728 debe·

185 4781 284 4852 batur,
319 4779 452 4836 eundem
475 4795 580 4852 regem
603 4779 803 4853 superdicta
827 4779 922 4837 tercia
942 4783 1030 4852 parte
1051 4777 1131 4835 dicte
1153 4777 1274 4850 capelle
1297 4776 1451 4851 multipli-

184 4887 258 4943 citer
281 4886 508 4943 molestaverat.
533 4885 596 4942 Nos
619 4884 658 4942 ad
682 4886 863 4943 instanciam
886 4885 961 4942 dicti
984 4885 1065 4956 regis
1083 4883 1197 4941 dilecto
1213 4882 1280 4940 filio
1296 4927 1303 4940 .
1320 4928 1325 4940 .
1342 4883 1450 4940 abbati

185 4992 363 5050 monasterii
395 4998 498 5049 sancte
532 4992 628 5049 Marie
662 4998 750 5049 extra
777 5007 883 5048 muros
905 4989 1125 5063 Zagrabienses
1149 5005 1205 5063 per
1229 4988 1306 5046 alias
1328 4995 1450 5046 nostras
