3728 5806
747 545 819 602 Doc.
844 555 912 620 279.
936 541 1010 602 280.
1038 578 1073 587 -
1100 546 1155 602 An.
1182 542 1270 622 1378.

971 737 1058 806 279.

486 862 563 910 Anno
588 861 660 919 1378,
682 870 702 910 1.
722 860 860 910 februarii.
880 861 1034 927 Zagrabiae.

387 986 580 1044 Communilas
602 989 727 1045 civitatis
742 989 845 1045 montis
874 987 1044 1046 Greclcmsr's
1067 991 1176 1060 literas,
1191 992 1293 1064 quibus
1312 999 1464 1048 conventus
1479 991 1538 1047 ord.
1554 991 1646 1047 Prae-

381 1093 540 1151 dicatorum
572 1094 746 1166 Zagrabt'ae‚
776 1094 916 1169 quasdam
944 1096 1044 1152 vineas
1073 1096 1181 1153 civibus
1211 1097 1379 1162 donaverat,
1400 1097 1524 1170 proprio
1551 1097 1647 1168 sigillo

927 1201 1099 1259 corroborat.

468 1346 532 1402 Nos
556 1347 743 1416 Franciscus‚
766 1347 851 1404 filius
874 1348 979 1417 Marci,
999 1346 1100 1419 iudex,
1117 1347 1278 1420 Georgius,
1294 1347 1467 1416 ladizlaus,
1484 1345 1647 1419 Georgius,

379 1453 541 1534 Johannes‚
557 1451 752 1523 laurencius,
765 1435 920 1524 Genynus‚
935 1453 1069 1536 Jacobus
1085 1459 1114 1510 et
1133 1452 1285 1526 Georgius
1306 1454 1407 1524 iurati,
1432 1453 1601 1510 consiliarii
1617 1461 1649 1510 et

382 1558 517 1614 universi
533 1559 615 1614 cives
632 1559 744 1615 montis
759 1558 951 1630 Grechensis,
974 1565 1078 1616 tenore
1095 1559 1290 1632 presencium
1307 1559 1518 1631 significamus
1534 1560 1649 1631 quibus

380 1663 506 1736 expedit
530 1664 689 1734 universis,
713 1665 796 1736 quod
822 1665 870 1722 vir
893 1665 1057 1737 religiosus
1074 1666 1256 1723 Dominicus
1272 1666 1482 1739 provincialis,
1504 1670 1647 1737 totusque

381 1775 549 1828 conventus
572 1771 751 1828 monosterii
783 1772 879 1830 sancti
910 1771 1030 1828 Nicolai
1059 1769 1243 1828 confessoris
1272 1771 1311 1829 de
1342 1770 1503 1844 Zagrabia,
1531 1769 1648 1828 ordinis

380 1875 621 1946 Predicatorum,
645 1875 685 1933 ad
708 1882 846 1934 nostram
870 1879 1073 1950 personaliter
1096 1875 1274 1934 accedentes
1290 1877 1484 1950 presenciam
1500 1876 1646 1934 exhibue-

381 1986 452 2038 runt
474 1982 564 2039 nobis
585 1981 740 2054 queddam
763 1984 822 2040 tria
847 1984 1020 2056 privilegia,
1048 1983 1154 2054 sigillo
1185 1986 1353 2040 conventus
1384 1982 1527 2054 ipsorum
1550 1983 1645 2039 consi-

382 2093 483 2160 gnata,
507 2093 644 2161 petentes
668 2104 723 2146 nos
746 2089 852 2146 debita
874 2105 945 2146 cum
969 2089 1125 2160 instancia,
1148 2095 1182 2145 ut
1213 2087 1322 2145 eadem
1354 2088 1519 2145 transcribi
1542 2094 1571 2144 et
1592 2102 1646 2144 no·

380 2199 443 2250 stro
475 2195 631 2250 communi
661 2194 766 2267 sigillo
798 2185 955 2253 roborari
975 2194 1101 2252 maioris
1133 2195 1178 2252 rei
1209 2192 1250 2250 ad
1284 2193 1438 2251 cautelam
1469 2192 1647 2251 faceremus,

381 2299 650 2372 Quarumquidem
674 2301 850 2358 litterarum
880 2300 1127 2374 privilegialium
1157 2305 1245 2356 tenor
1275 2299 1415 2372 sequitur
1437 2304 1468 2356 et
1491 2305 1538 2356 est
1560 2299 1646 2356 talis:

381 2399 455 2482 (vid.
479 2422 522 2464 nr.
549 2405 618 2474 265.
642 2421 722 2464 anno
757 2421 847 2480 1377,
882 2420 928 2475 25.
960 2398 1089 2481 aprilis).
1120 2403 1259 2463 Secunde
1290 2411 1394 2462 autem
1421 2403 1526 2462 littere
1558 2411 1643 2462 tenor

381 2511 452 2568 talis
475 2517 535 2569 est:
560 2505 634 2590 (vid.
654 2529 698 2570 nr.
725 2511 795 2570 266.
821 2528 901 2570 anno
937 2525 1028 2585 1377,
1063 2525 1110 2579 25.
1142 2503 1271 2588 aprilis).
1302 2511 1409 2568 Tercle
1432 2517 1538 2567 autem
1561 2516 1646 2568 tenor

381 2617 430 2674 hic
453 2624 513 2674 est:
537 2611 610 2695 (vid.
635 2634 678 2675 nr.
705 2617 774 2692 264.
797 2633 877 2675 anuo
904 2631 996 2690 1377,
1023 2634 1070 2674 aa.
1095 2610 1223 2694 aprilis).
1247 2617 1311 2674 Nos
1327 2617 1421 2688 igitur
1438 2617 1641 2689 peticionibus

382 2721 609 2780 favorabilibus
632 2724 844 2798 predictorum
875 2723 1007 2782 fratrum
1038 2729 1214 2794 annuentes
1238 2721 1392 2796 predictas
1421 2723 1527 2779 literas
1550 2723 1645 2796 privi-

381 2828 509 2901 legiales
532 2829 591 2886 sub
614 2829 719 2901 sigillo
743 2829 926 2887 eorumdem
949 2829 1081 2887 fratrum
1105 2827 1266 2898 confectas,
1290 2828 1328 2886 de
1344 2829 1443 2885 verbo
1459 2828 1647 2885 adverbum

381 2935 545 2992 transcribi
559 2934 688 2993 fecimus
700 2941 729 2993 et
742 2941 846 2994 nostro
859 2937 1017 2994 communi
1033 2935 1137 3008 sigillo
1151 2934 1292 2993 roborari
1304 2934 1344 2991 ad
1359 2935 1521 2992 cautelam.
1533 2934 1647 2990 Datum

381 3039 412 3094 in
435 3039 544 3111 vigilia
564 3039 632 3098 festi
655 3041 883 3114 purificacionis
904 3041 1033 3113 virginis
1056 3040 1198 3112 gloriose.
1224 3041 1313 3097 Anno
1337 3039 1456 3097 domini
1479 3039 1648 3096 millesimo

383 3144 460 3201 CCC
483 3147 712 3220 septuagesimo
735 3152 852 3204 octavo.

472 3263 612 3328 Originale
631 3264 658 3313 in
671 3265 829 3315 membrana.
849 3265 975 3331 Sigillum
993 3266 1116 3330 deperiit,
1130 3267 1296 3316 solummodo
1309 3271 1391 3315 restat
1405 3265 1506 3314 sericea
1518 3281 1582 3314 zoua
1594 3265 1649 3314 vio-

383 3351 449 3400 lacei
469 3351 573 3401 coloris.
598 3353 628 3401 In
647 3353 746 3404 archiv.
765 3353 812 3403 lib.
832 3369 887 3419 reg.
908 3354 956 3404 civ.
976 3355 1081 3420 zagrab.

975 3532 1066 3597 280.

488 3656 564 3704 Anno
586 3655 661 3713 1378,
680 3663 721 3710 27.
741 3655 838 3705 martii.
859 3655 954 3705 Budae.

382 3765 546 3822 ludovicus
562 3767 739 3840 Hunganitc
762 3775 808 3824 etc.
832 3786 886 3824 rex
908 3785 1025 3825 causam
1047 3768 1124 3823 inter
1144 3766 1300 3839 episcopum
1316 3773 1345 3822 et
1358 3765 1515 3838 copt'tulum
1531 3763 1647 3836 sagrab.

732 3883 818 3949 atquc
843 3875 916 3932 cenes
945 3874 1127 3941 Grechenscs,
1143 3879 1295 3945 prorogat.
1352 3939 1354 3944 Ι

471 4015 644 4073 Lodouicus
657 4016 707 4074 dei
722 4018 825 4090 gracia
841 4035 895 4075 rex
911 4018 1077 4090 Hungarie‚
1092 4017 1227 4088 Polonie,
1244 4016 1405 4074 Dalmacie
1418 4023 1474 4073 etc.
1493 4016 1652 4074 Fidelibus

383 4123 446 4178 suis
469 4122 571 4190 iudici,
606 4122 713 4180 iuratis
735 4129 767 4180 et
789 4124 940 4182 universis
963 4124 1085 4181 civibus
1108 4123 1240 4181 civitatis
1264 4121 1434 4194 GrecensiS,
1462 4123 1598 4180 salutem
1619 4129 1650 4180 et

383 4228 528 4299 graciam.
553 4229 637 4285 Licet
660 4229 843 4302 magnificus
866 4231 915 4288 vir
938 4246 1042 4287 comes
1064 4230 1199 4313 Jacobus
1223 4229 1261 4285 de
1284 4228 1410 4301 Scepus,
1431 4228 1517 4286 curie
1540 4235 1569 4285 et
1585 4229 1651 4285 uui·

385 4349 544 4390 versarum
574 4335 741 4392 civitatum
773 4341 950 4393 nostrarum
984 4335 1085 4406 iudex,
1120 4351 1245 4392 causam
1276 4335 1354 4392 inter
1387 4349 1444 4390 vos
1473 4335 1514 4391 ab
1536 4349 1598 4391 una
1620 4340 1650 4391 et

384 4440 595 4496 venerabilem
627 4441 658 4497 in
681 4441 803 4498 Christo
834 4447 956 4515 patrem
983 4441 1146 4499 dominum
1178 4441 1372 4498 Demetrium
1397 4440 1581 4514 episcopum
1602 4456 1651 4496 za-

384 4545 589 4617 grabiensem‚
616 4546 687 4604 aule
713 4553 816 4605 nostre
845 4549 1066 4605 cancellarium
1089 4555 1119 4605 et
1142 4547 1315 4620 capitulum
1338 4561 1429 4602 suum
1452 4547 1651 4618 zagrabiense

385 4657 473 4723 parte
496 4653 537 4708 ab
560 4653 659 4710 altera
681 4659 864 4724 vertentem,
886 4655 916 4712 in
941 4655 1058 4712 octavis
1083 4653 1151 4711 festi
1171 4653 1416 4726 Epiphaniamm
1441 4652 1560 4710 domini
1580 4667 1650 4726 pro

386 4757 468 4814 xime
491 4759 647 4830 preteritis
669 4760 701 4817 in
724 4761 915 4833 presenciam
939 4760 1097 4833 magnifici
1120 4760 1179 4817 viri
1203 4758 1321 4816 domini
1336 4759 1419 4816 Petri
1435 4757 1548 4830 Zudor,
1564 4759 1651 4831 regni

385 4865 482 4921 nostri
505 4861 668 4923 Sclauonie
691 4866 764 4923 bani
787 4866 999 4937 transmiserit,
1023 4867 1164 4940 partibus
1184 4873 1309 4923 octavas
1324 4865 1385 4923 diei
1401 4863 1504 4922 medie
1520 4864 1650 4938 quadra-

386 4971 511 5042 gesime,
543 4987 624 5030 nunc
653 4979 808 5044 venturas,
839 4987 944 5029 coram
974 4973 1084 5030 eodem
1115 4972 1241 5030 domino
1265 4973 1347 5030 bano
1369 4971 1572 5044 comparendi
1593 4985 1650 5044 pro
