3600 5804
570 581 642 640 Doc.
667 594 738 658 203.
766 614 801 623 -
829 581 883 638 An.
908 576 999 658 1346.
1357 585 1411 643 181

158 779 262 847 ciones,
287 779 513 851 inquisiciones‚
538 779 807 836 reambulaciones
830 785 860 836 et
883 781 1067 836 statuciones
1099 781 1326 854 possessionum
1351 797 1421 838 con-

158 884 328 954 liuentibus,
353 884 443 941 nobis
466 884 599 955 directis,
623 884 791 942 honorifice
814 886 972 959 susceptis
996 901 1128 943 unacum
1152 885 1263 954 Adam,
1287 886 1353 944 filio
1369 888 1419 970 Ja-

158 992 223 1048 cobi
246 990 285 1048 de
308 989 491 1062 Glaunieha‚
523 993 648 1049 homine
677 991 816 1050 eiusdem
849 992 967 1050 domini
1000 995 1096 1050 nostri
1127 993 1217 1065 regis,
1248 992 1279 1049 in
1302 993 1419 1050 eisdem

159 1098 265 1154 litteris
289 1099 411 1168 insert0,
436 1097 604 1155 discretum
628 1099 732 1155 virum
755 1097 916 1156 dominum
934 1098 1068 1169 Petrum,
1086 1099 1335 1156 archidiaconum
1358 1114 1420 1155 sas·

160 1203 336 1260 watiensem
360 1203 392 1260 in
416 1204 544 1261 ecclesia
569 1212 680 1274 nostra,
713 1205 870 1262 hominem
904 1211 1051 1275 nostrum,
1083 1220 1141 1277 pro
1173 1205 1349 1262 testimonio
1380 1203 1419 1261 ad

160 1307 349 1382 infrascripta
373 1308 508 1367 fideliter
523 1308 719 1382 exsequenda
735 1311 1019 1368 transmisissemus.
1037 1310 1178 1367 Tandem
1198 1309 1292 1367 iidem
1309 1310 1347 1367 ad
1365 1326 1420 1367 nos

159 1415 269 1472 reversi
292 1415 384 1472 nobis
407 1413 600 1473 concorditer
622 1417 794 1474 retulerunt
824 1417 854 1474 in
878 1417 959 1474 hunc
986 1416 1132 1475 modum:
1157 1416 1239 1490 quod
1264 1432 1335 1474 cum
1359 1418 1419 1490 ipsi

160 1519 338 1592 Zagrabiam
362 1521 559 1578 accessissent
584 1522 688 1594 ibique
719 1523 749 1578 in
783 1527 883 1580 castro
914 1521 1060 1581 Grecensi
1084 1529 1114 1581 et
1137 1529 1225 1580 extra
1248 1524 1419 1593 existentes

161 1625 206 1682 die
228 1625 293 1696 fori,
319 1626 397 1684 feria
420 1627 554 1684 secunda
578 1626 722 1686 videlicet
745 1634 817 1701 post
840 1627 1028 1686 dominicam
1044 1629 1144 1699 Oculi,
1162 1628 1286 1702 quando
1302 1629 1419 1687 scilicet

159 1740 379 1790 consueverunt
401 1733 507 1790 venire
530 1732 568 1790 ad
593 1733 697 1791 forum
721 1735 850 1807 plurimi
873 1733 911 1791 de
935 1735 1102 1808 provinciis
1126 1735 1310 1808 propinquis
1327 1743 1356 1792 et
1373 1752 1418 1791 re-

161 1839 256 1909 motis,
278 1839 444 1910 diligenter
469 1839 705 1912 inquisicionem
722 1839 862 1898 faciendo
886 1855 904 1897 a
926 1840 1046 1898 clericis
1070 1845 1099 1897 et
1122 1856 1141 1898 a
1163 1841 1269 1912 laycis
1291 1856 1309 1896 a
1332 1841 1420 1898 nobi-

161 1945 239 2001 libus
260 1951 289 2002 et
313 1945 505 2017 ignobilibus
528 1953 558 2002 et
580 1945 620 2002 ab
645 1946 714 2002 aliis
737 1961 755 2002 a
778 1945 891 2018 quibus
916 1945 1019 2003 decuit
1041 1953 1070 2003 et
1095 1947 1182 2004 licuit
1200 1952 1230 2004 et
1245 1946 1420 2020 specialiter

160 2051 196 2106 ab
218 2052 372 2124 aliquibus
389 2052 567 2125 pocioribus
583 2053 704 2109 civibus
722 2051 928 2109 Grecensibus
943 2052 1140 2110 rescivissent
1162 2052 1418 2110 certitudinaliter

160 2158 233 2214 inter
254 2163 370 2216 cetera:
395 2157 478 2230 quod
503 2159 655 2215 tributum
679 2159 793 2215 montis
815 2157 986 2229 Grecensis,
1011 2157 1167 2230 Zagrabie,
1185 2159 1333 2216 cumsuis
1349 2175 1418 2232 per-

161 2263 290 2321 tinenciis
313 2262 351 2320 de
376 2262 460 2335 ioris,
491 2264 664 2338 capitulum
695 2264 891 2336 zagrabiense
923 2280 942 2320 a
974 2269 1113 2337 tempore
1136 2264 1222 2320 cuius
1251 2279 1312 2321 non
1335 2270 1418 2322 extat

162 2369 303 2426 memoria
327 2385 364 2426 ex
389 2369 559 2428 collacione
582 2385 692 2440 regum
716 2370 873 2442 Hungarie
897 2370 1097 2443 optinuerunt
1119 2377 1149 2427 et
1170 2371 1352 2444 optinebant
1374 2377 1418 2428 to-

161 2476 262 2545 taliter,
286 2482 391 2549 preter
415 2477 603 2534 tricesimam
627 2476 805 2548 reginalem,
829 2482 859 2534 et
883 2491 1007 2550 semper
1030 2474 1090 2533 fuit
1113 2492 1239 2550 presens
1263 2477 1416 2535 tributum

162 2581 247 2639 modo
270 2581 467 2655 infrascripto
491 2589 673 2656 perceptum
696 2588 727 2640 et
749 2583 981 2656 percipiebatur
1004 2587 1076 2640 tunc
1103 2598 1158 2656 per
1174 2581 1344 2655 Georgium
1360 2585 1418 2641 vil-

164 2688 260 2754 licum,
283 2689 484 2746 tributarium
507 2689 604 2762 ipsius
627 2689 764 2762 capituli,
786 2689 840 2761 qui
864 2689 893 2745 in
917 2705 1009 2746 manu
1033 2705 1088 2746 sua
1108 2689 1254 2763 portabat
1277 2697 1418 2762 quartam

164 2793 349 2869 infrascripta
372 2795 588 2866 continentem,
618 2794 656 2852 de
686 2795 779 2852 rebus
811 2801 882 2852 tunc
905 2796 1146 2866 occurrentibus
1170 2795 1258 2851 salvo
1282 2795 1418 2868 quodam

163 2899 270 2958 tributo
292 2902 332 2958 ab
348 2901 507 2972 aliquibus
531 2901 707 2958 novissimis
724 2902 918 2975 temporibus
934 2899 1083 2972 ordinato,
1100 2899 1283 2973 fylarchyna
1299 2909 1417 2974 vocato,

162 3007 231 3076 solo,
253 3006 335 3079 quod
352 3022 410 3080 pro
426 3007 548 3064 civibus
563 3007 770 3066 Grecensibus
794 3007 1031 3081 percipiebatur.
1048 3005 1097 3063 Ad
1113 3005 1303 3064 solucionem
1323 3009 1417 3080 igitur

164 3112 253 3184 ipsius
274 3114 381 3171 tributi
415 3112 559 3172 dixerunt
590 3129 622 3171 se
652 3114 812 3171 rescivisse
843 3129 949 3171 omnes
973 3119 1003 3170 et
1025 3113 1164 3185 singulos
1195 3115 1299 3185 teneri,
1323 3115 1417 3188 quia

164 3220 309 3276 solucione
343 3219 483 3278 eiusdem
516 3221 621 3292 vigore
653 3221 728 3278 iuris
760 3220 896 3277 canonici
927 3220 980 3276 vel
1010 3219 1111 3277 civilis
1142 3225 1195 3276 aut
1225 3235 1282 3293 per
1313 3223 1417 3294 regale

96 3339 99 3342 ·
163 3325 352 3398 privilegium
377 3329 553 3384 emanatum
577 3331 647 3384 ante
670 3327 872 3384 collacionem
896 3326 993 3400 ipsius
1015 3324 1127 3383 factam
1152 3325 1251 3383 eidem
1272 3328 1417 3401 capitulo,

164 3433 362 3504 reperirentur
384 3433 528 3505 exempti.
554 3432 663 3490 Modus
687 3438 792 3490 autem
818 3433 990 3490 exaccionis
1013 3432 1111 3506 ipsius
1134 3432 1251 3503 tributi,
1276 3440 1310 3490 ut
1332 3433 1417 3490 dixe·

165 3543 235 3610 runt,
265 3539 334 3596 talis
365 3545 449 3596 erat:
473 3538 557 3612 quod
588 3538 734 3596 videlicet
764 3537 802 3594 de
832 3539 962 3611 singulis
993 3538 1136 3596 curribus
1166 3539 1321 3596 baliarum
1344 3555 1416 3596 cum

164 3645 308 3703 mercibus
335 3647 477 3716 oneratis,
507 3661 568 3702 non
600 3645 760 3718 disligatis,
781 3643 930 3717 Zagrabie
954 3644 1192 3715 transeuntibus,
1220 3660 1416 3718 quocumque

164 3757 190 3807 et
210 3752 421 3825 undecumque
443 3768 501 3826 per
524 3752 714 3809 territorium
741 3751 882 3824 ipsorum
913 3749 1114 3808 Grecensium
1138 3749 1188 3806 vel
1214 3749 1311 3822 ipsius
1334 3751 1417 3823 capi-

165 3858 214 3914 tuli
237 3873 333 3932 prope
356 3858 549 3930 Zagrabiam,
578 3857 730 3915 debentur
761 3857 932 3915 tributariis
962 3857 1060 3930 ipsius
1092 3856 1220 3929 capituli
1251 3854 1415 3914 duodecim

164 3963 270 4022 denarii
292 3965 427 4035 banales,
451 3979 575 4037 semper
594 3962 856 4036 subintelligendo
873 3962 911 4019 de
928 3961 1104 4020 huiusmodi
1121 3961 1264 4032 denariis,
1281 3977 1415 4035 quorum

165 4072 347 4144 septuaginta
376 4069 416 4127 ad
447 4071 520 4144 plus
549 4071 673 4127 valeant
704 4069 742 4127 de
773 4085 853 4143 puro
882 4083 966 4139 aur0,
999 4067 1151 4126 ssorenum
1175 4069 1226 4125 vel
1260 4068 1414 4126 ducatum.

165 4175 293 4248 Erigitur
319 4177 417 4234 eciam
448 4178 601 4235 tributum
631 4175 738 4234 ordine
768 4174 895 4233 inferius
926 4174 1070 4232 distincto
1104 4174 1143 4231 de
1175 4175 1362 4232 animalibus
1386 4183 1416 4232 et

165 4283 248 4340 rebus
269 4284 337 4341 aliis
360 4284 531 4354 venalibus,
557 4299 617 4355 que
641 4289 799 4340 transeunt
822 4281 874 4338 vel
897 4281 1051 4338 ducuntur
1074 4297 1130 4354 per
1153 4280 1348 4353 Zagrabyam
1364 4282 1416 4338 vel

165 4389 236 4446 circa
258 4405 461 4462 quocumque,
485 4405 609 4462 semper
633 4395 736 4446 tamen
755 4389 861 4461 previa
885 4389 1014 4445 racione.
1031 4387 1116 4455 Item,
1133 4387 1172 4445 de
1190 4388 1332 4445 curribus
1350 4388 1415 4445 bal-

165 4495 264 4567 iarum,
296 4514 356 4570 que
387 4497 541 4554 ducuntur
571 4496 610 4553 ad
641 4501 780 4553 montem
812 4495 997 4553 Grecensem
1026 4493 1091 4551 sive
1115 4500 1259 4565 castrum,
1281 4509 1415 4566 quorum

165 4617 271 4660 merces
295 4604 345 4660 vel
370 4619 407 4660 ex
431 4602 474 4659 eis
497 4603 601 4675 alique
632 4601 805 4659 vendicioni
836 4607 1039 4673 exponuntur,
1062 4599 1216 4657 tributum
1240 4599 1297 4656 hoc
1321 4599 1415 4656 modo

165 4708 236 4768 solvi
259 4709 423 4779 consuevit,
447 4709 551 4783 primo
574 4708 726 4778 videlicet,
750 4707 788 4763 de
811 4705 940 4778 singulis
963 4705 1059 4778 peciis
1083 4706 1175 4777 panni
1199 4705 1331 4775 scarleti,
1351 4720 1415 4761 me-

165 4811 225 4870 dius
247 4815 323 4872 ferto
347 4815 418 4887 puri
441 4815 567 4887 argenti.
592 4815 677 4884 ltem,
699 4813 737 4870 de
759 4813 868 4887 pannis
891 4791 960 4869 aliis
987 4812 1039 4868 vel
1055 4811 1148 4869 rebus
1167 4811 1415 4883 quibuscumque

166 4927 191 4974 et
211 4921 238 4976 in
260 4936 455 4994 quocumque
479 4921 644 4978 consistant
660 4936 713 4976 seu
729 4901 949 4991 cuiuscumque
966 4917 1061 4992 precii
1077 4919 1218 4987 existant,
1242 4917 1415 4974 communis

166 5024 310 5084 estimacio
332 5025 472 5100 precedit
494 5026 525 5083 in
550 5025 619 5083 loco
639 5024 829 5084 vendicionis
845 5031 1032 5098 competens,
1049 5039 1110 5097 qua
1126 5023 1213 5092 facta,
1231 5021 1270 5080 de
1285 5022 1415 5095 singulis
