3728 5806
628 575 701 632 Dec.
717 588 793 650 32⁰·
821 607 858 614 —
884 573 939 629 Aa.
965 568 1055 649 1584.

215 778 305 834 nobis
328 777 526 852 presentavit,
550 781 657 849 petens
681 789 737 830 nos
760 788 830 829 curn
855 771 1009 841 instancia,
1026 777 1060 826 ut
1076 777 1213 827 tenorem
1233 768 1415 826 earumdem
1432 769 1481 824 lit-

216 885 289 940 teris
305 884 417 941 nostris
435 883 610 955 patentibus
631 881 723 938 inseri
740 884 769 936 et
786 878 823 935 de
839 878 937 934 verbo
954 875 991 932 ad
1007 877 1140 932 verbum
1153 875 1316 932 transcribi
1332 874 1481 944 faciende,

216 989 316 1046 eidem
341 988 414 1045 dare
430 988 636 1060 dignaremur.
655 985 795 1058 Quarum
813 990 899 1041 tenor
915 982 987 1039 talis
1003 989 1064 1038 est:
1081 975 1156 1060 (vid.
1173 998 1218 1040 nr.
1236 995 1308 1054 317,
1323 997 1369 1038 an.
1391 981 1481 1054 1384,

223 1110 271 1152 20.
295 1087 424 1170 aprilis).
449 1093 512 1150 Nos
535 1092 629 1164 igitur
645 1092 731 1148 iustis
748 1095 777 1146 et
793 1090 850 1146 iuri
868 1088 1009 1145 consonis
1024 1087 1228 1161 peticionibus
1251 1087 1386 1143 annotati
1404 1087 1483 1143 Lau·

219 1199 314 1257 rencii
342 1199 488 1264 inclinati,
513 1203 652 1255 tenorem
675 1195 886 1270 predictarum
910 1195 1084 1251 litterarum
1108 1194 1243 1251 annotati
1267 1193 1407 1264 magistri
1431 1191 1483 1249 Ni-

217 1307 297 1362 colai
313 1305 509 1384 presentibus
529 1304 639 1360 litteris
655 1303 767 1360 nostris
783 1301 959 1375 patentibus
976 1301 1067 1356 inseri
1083 1305 1113 1356 et
1132 1299 1170 1356 de
1186 1300 1284 1356 verbo
1297 1298 1337 1355 ad
1350 1300 1482 1356 verbum

216 1411 380 1468 transcribi
403 1409 543 1467 'faciendo
567 1409 668 1466 eidem
700 1408 846 1465 duximus
878 1405 1094 1462 concedendas
1128 1406 1285 1463 Presentes
1317 1411 1420 1462 autem
1444 1405 1483 1461 si-

217 1517 302 1589 gillis
324 1517 436 1574 nostris
452 1515 640 1584 absentibus,
656 1514 761 1587 sigillo
777 1514 917 1586 magistri
930 1513 1047 1580 Basow‘,
1064 1513 1185 1569 comitis
1201 1512 1297 1570 nostri
1313 1512 1483 1583 crisyensis

217 1621 345 1679 fecimus
362 1621 541 1693 consignari.
557 1621 672 1677 Datum
690 1619 848 1692 Zagrabie‚
861 1621 992 1676 sabbato
1011 1619 1154 1692 proximo
1170 1625 1239 1675 ante
1256 1617 1368 1674 festum
1381 1624 1483 1675 sancte

217 1729 382 1822 Trinitatis.
416 1729 504 1784 Anno
527 1727 645 1784 domini
669 1725 894 1783 MCCCLXXX
918 1731 1036 1798 quarto,
1060 1725 1246 1799 supradicto.

309 1862 449 1926 Originale
470 1862 495 1911 in
515 1862 612 1918 charta,
632 1877 647 1910 a
667 1868 742 1926 tergo
761 1860 917 1926 impressum
938 1867 976 1909 est
995 1861 1121 1926 sigillum.
1148 1859 1178 1909 In
1202 1860 1272 1908 arch.
1292 1860 1339 1909 lib.
1359 1875 1413 1925 reg.
1434 1859 1482 1909 civ.

218 1951 323 2016 zagrab.

807 2109 897 2175 320.

322 2201 398 2248 Anno
422 2199 494 2259 1384.
514 2197 612 2247 Budae.

220 2327 338 2398 Maria,
360 2327 462 2398 regina
485 2327 671 2400 Hungnriae,
686 2327 793 2382 ciuibus
815 2325 1023 2384 Grecleensv'bus
1038 2332 1072 2382 ut
1092 2333 1203 2382 morteto
1226 2325 1390 2398 Zograbiae
1404 2327 1484 2383 cude-

725 2440 814 2502 retur,
829 2433 982 2510 praeemit.

307 2578 405 2634 Maria
428 2577 477 2634 dei
500 2577 613 2649 gracia,
637 2570 757 2654 (maior,
781 2577 887 2648 regina
913 2577 1078 2648 Hungarie.
1101 2569 1272 2652 Fidelibus)
1293 2578 1364 2648 suis
1381 2577 1483 2648 iudici,

219 2685 327 2741 iuratis
358 2689 388 2740 et
418 2683 571 2740 universis
602 2683 723 2739 civibus
754 2697 789 2740 ac
820 2682 995 2754 hospitibus
1025 2683 1138 2739 nostris
1169 2681 1398 2740 Greclrensibns
1421 2675 1484 2762 (de)

218 2790 369 2863 Zagrabia
393 2789 525 2846 salutem
551 2793 580 2845 et
600 2781 770 2866 (graciam.)
788 2782 861 2864 [l'ro
877 2788 1087 2844 emolumento
1106 2781 1290 2864 inc]olarum
1307 2794 1484 2846 nostrorum

220 2911 352 2954 unacum
375 2896 504 2969 prelatis
527 2903 557 2952 et
579 2895 749 2952 baronibus
765 2895 878 2951 nostris
894 2893 1101 2951 deliberantes
1117 2894 1337 2964 ordinavimus,
1354 2899 1387 2952 ut
1404 2911 1484 2952 nova

218 3007 342 3059 moneta
363 3007 468 3058 nostra
493 3045 498 3057 .
523 3047 528 3056 .
551 3045 557 3057 .
582 2994 651 3077 (per
666 2994 765 3077 regni)
781 3000 877 3056 nostri
901 3000 1026 3057 climata
1049 2999 1201 3058 discurrat
1225 3007 1254 3057 et
1276 3003 1316 3058 ab
1340 3001 1485 3058 omnibus

220 3113 360 3180 patenter
373 3107 548 3178 recipiatur,
564 3111 729 3178 nostreque
746 3106 875 3162 collecte
892 3151 897 3163 .
915 3151 921 3163 .
938 3151 943 3163 .
960 3099 1049 3184 (tam)
1061 3108 1181 3179 regales
1196 3113 1226 3164 et
1242 3108 1393 3180 reginales
1410 3154 1415 3166 .
1432 3154 1438 3166 .
1455 3153 1461 3166 .
1478 3153 1483 3165 .

220 3224 249 3269 et
273 3213 426 3271 tricesime
448 3218 552 3269 nostre
577 3227 647 3268 cum
672 3210 780 3268 eadem
804 3212 980 3283 solvantur;
1006 3213 1141 3270 universi
1163 3214 1260 3271 eciam
1284 3215 1484 3272 ecclesiarum

220 3319 391 3393 prelati..
416 3363 453 3377 ..
484 3326 514 3376 et
545 3318 651 3376 debita
681 3333 716 3375 ac
740 3321 866 3390 quosvis
888 3319 1027 3377 redditus
1050 3365 1056 3377 .
1082 3365 1088 3378 .
1115 3366 1121 3378 .
1145 3366 1151 3378 .
1175 3327 1205 3378 et
1227 3321 1348 3378 nobiles
1370 3323 1486 3395 aliique

220 3425 355 3482 cuiusvis
376 3431 472 3482 status
496 3425 636 3482 homines
660 3425 800 3499 ipsorum
824 3431 993 3499 proventus
1018 3427 1187 3496 universos
1211 3428 1336 3500 tributa,
1353 3430 1484 3502 terragia

220 3535 250 3587 et
273 3531 400 3603 quasvis
422 3523 625 3608 (exacciones)
649 3575 655 3588 .
679 3576 686 3589 .
709 3575 715 3588 .
739 3576 745 3588 .
770 3536 800 3588 et
822 3532 1047 3604 iobagionibus,
1064 3533 1234 3590 tributariis
1251 3539 1280 3592 et
1298 3534 1485 3593 officialibus

221 3637 251 3694 in
275 3637 343 3708 ipsa
366 3652 447 3694 nova
471 3643 593 3694 moneta
616 3644 729 3708 nostra,
753 3643 804 3694 aut
828 3631 883 3716 (in)
907 3637 1029 3696 florenis
1053 3639 1149 3713 recipi
1172 3646 1201 3696 et
1225 3640 1346 3712 exigere
1366 3647 1487 3698 tenean-

221 3749 272 3800 tur
296 3788 301 3799 .
389 3789 394 3800 .
418 3788 425 3801 .
448 3759 528 3801 nove
559 3750 688 3802 monete.
719 3744 879 3802 Fidelibus
903 3745 1023 3815 nostris,
1048 3746 1203 3817 magistris
1226 3744 1343 3804 Simoni
1367 3747 1406 3804 de
1429 3747 1486 3804 Ta-

221 3849 320 3920 lentis,
344 3849 406 3906 civi
434 3855 541 3908 nostro
573 3850 764 3908 Casseuiensi
795 3856 825 3908 et
850 3852 963 3908 Aczom
987 3850 1118 3924 Gallico,
1142 3853 1248 3909 comiti
1272 3899 1277 3910 .
1302 3897 1307 3910 .
1332 3898 1338 3910 .
1362 3897 1368 3910 .
1392 3852 1486 3910 duxe-

220 3955 318 4012 rimus
341 3955 594 4014 committendam
618 4002 624 4014 .
648 4002 684 4014 ..
714 3955 869 4014 Fidelitati
899 3963 1002 4015 vestre
1028 3957 1160 4016 tirmiter
1190 3959 1381 4031 mandamus,
1412 3975 1487 4032 qua-

220 4067 309 4118 tenus
330 4060 446 4119 dictam
474 4067 630 4120 monetam
661 4069 800 4120 nostram
830 4064 966 4135 regalem
997 4064 1028 4120 in
1058 4063 1178 4137 prefata
1210 4057 1357 4141 [civitate]
1389 4110 1486 4123 ....

222 4166 367 4224 videlicet
390 4167 487 4240 regali
511 4167 550 4225 ad
573 4169 632 4226 hoc
655 4169 826 4240 constituta,
851 4168 1002 4242 prefatam
1031 4185 1145 4227 novam
1170 4177 1325 4228 monetam
1349 4177 1486 4228 nostram

223 4271 313 4330 dictis
335 4273 491 4346 magistris
514 4273 631 4332 Simoni
657 4279 687 4331 et
711 4275 825 4331 Aczom
849 4291 884 4332 ac
907 4290 1015 4332 eorum
1045 4277 1222 4334 camerariis
1349 4277 1419 4335 cudi
1443 4276 1487 4334 ia-

223 4395 291 4436 cere
319 4381 514 4453 permittatis,
542 4381 704 4454 ipsamque
736 4397 849 4438 novam
874 4390 1029 4439 monetam
1056 4388 1193 4439 nostram
1216 4383 1247 4440 in
1271 4383 1485 4456 empcionibus

224 4491 254 4542 et
283 4485 518 4544 vendicionibus
548 4503 654 4544 rerum
684 4493 858 4545 vestrarum
889 4489 1026 4561 recipere
1050 4497 1079 4546 et
1109 4483 1240 4566 (percipi
1268 4489 1376 4560 facere,
1400 4483 1486 4567 labo)

224 4607 334 4664 resque
357 4607 502 4649 cusorum
526 4594 623 4667 ipsius
646 4601 768 4650 monete
796 4600 899 4650 nostre
915 4592 1051 4651 fideliter
1069 4595 1245 4668 conspicere
1269 4611 1304 4653 ac
1328 4597 1411 4671 ipsos
1434 4613 1485 4654 cu·

223 4711 307 4755 sores
326 4713 450 4770 semper
473 4697 513 4755 ad
536 4698 670 4756 fideliter
696 4705 726 4756 et
753 4700 896 4756 sollerter
919 4699 1125 4757 laborandum
1149 4746 1276 4759 .....
1299 4703 1485 4774 necessariis

223 4803 299 4862 dum
328 4811 358 4861 et
388 4805 512 4876 quando
547 4811 734 4877 oportunum
770 4803 863 4862 suerit
897 4807 1007 4862 vestris
1038 4807 1174 4864 consiliis
1207 4812 1237 4864 et
1271 4805 1431 4865 favoribus
1451 4821 1486 4864 ac

223 4910 346 4966 auxiliis
380 4911 541 4983 oportunis
571 4910 713 4966 assistere
744 4909 888 4968 debeatis.
920 4905 1018 4987 [lianc
1048 4918 1151 4970 autem
1183 4911 1411 4970 ordinacionem
1435 4913 1486 4970 de·

225 5008 315 5094 betis]
337 5060 523 5075 .......
546 5017 577 5072 in
602 5015 677 5075 soris
700 5023 729 5074 et
753 5017 782 5074 in
815 5017 883 5075 aliis
914 5019 990 5076 locis
1019 5019 1154 5092 publicis
1183 5019 1299 5092 ubique
1327 5019 1357 5075 in
1390 5033 1485 5092 regno
