3600 5804
741 495 815 554 Dor.
841 509 909 573 149.
934 509 1000 571 150.
1028 530 1065 538 -
1091 497 1260 573 An.1329.

957 690 1044 756 149.

474 813 551 862 Anno
570 821 641 875 1329,
660 826 683 876 9.
701 811 824 876 januarii.
844 813 997 878 Zagrabiae.

382 921 540 978 Lodislaus
562 922 642 994 episc.
667 922 784 996 zagrab.
801 930 995 994 proventuum
1017 925 1204 982 communium
1226 943 1339 981 mensae
1360 924 1526 997 capimlan'
1546 923 1624 980 obue-

761 1029 907 1099 nuntium,
929 1029 1095 1088 divr'sunem
1118 1031 1241 1088 ordinat.

454 1152 626 1224 Ladizlaus‚
656 1154 705 1212 dei
736 1161 766 1212 et
798 1156 968 1229 apostolice
991 1156 1073 1214 sedis
1096 1159 1209 1230 gracia,
1233 1158 1398 1231 episcopus
1421 1155 1637 1229 zagrabiensis

368 1258 528 1317 Universis
551 1261 747 1334 presencium
769 1262 916 1318 noticiam
938 1263 1092 1320 habituris
1115 1263 1248 1321 salutem
1271 1265 1300 1321 in
1316 1263 1457 1320 omnium
1472 1262 1636 1320 salvatore.

369 1363 553 1422 Presidentis
576 1367 711 1439 exquirit
734 1365 873 1424 officium
897 1383 957 1425 non
981 1368 1086 1426 solum
1105 1369 1188 1426 male
1203 1375 1272 1426 acta
1287 1369 1451 1440 corrigere,
1467 1367 1524 1425 sed
1542 1367 1636 1424 eciam

367 1469 446 1526 bene
469 1470 634 1528 observata
657 1472 865 1545 oportunitate
888 1479 1067 1531 occurrente
1090 1473 1296 1532 ordinabilius
1319 1475 1485 1548 disponere
1502 1471 1636 1530 evidenti

367 1575 500 1634 utilitate
522 1578 659 1635 maxime
691 1579 839 1652 exigente.
871 1577 949 1636 Sane
980 1595 1052 1636 cum
1075 1579 1116 1637 ad
1138 1581 1278 1652 regimen
1300 1580 1439 1654 predicte
1462 1585 1569 1637 nostre
1591 1593 1636 1634 za·

368 1682 540 1754 grabiensis
563 1683 689 1741 ecclesie
713 1684 879 1742 fuissemus
901 1685 1038 1757 promoti
1061 1686 1141 1743 inter
1163 1691 1265 1743 cetera
1287 1686 1471 1756 invenimus,
1496 1682 1581 1758 quod
1605 1685 1635 1740 in

369 1789 437 1862 ipsa
460 1795 564 1848 nostra
595 1791 724 1848 ecclesia
747 1790 811 1848 fere
842 1791 975 1848 incertus
999 1791 1215 1849 inveniebatur
1237 1792 1454 1849 canonicorum
1479 1805 1633 1856 numerus,

368 1899 399 1951 et
422 1893 506 1967 quod
540 1895 638 1954 lector
660 1897 691 1954 in
715 1895 825 1954 eadem
848 1898 1031 1955 constitutus
1054 1897 1246 1972 duplicatam
1269 1911 1330 1954 non
1354 1898 1491 1955 habebat
1513 1897 1633 1970 porcio

368 2015 441 2057 nem
465 2005 495 2058 et
526 2001 603 2059 alias
633 2002 799 2060 lectoratus
830 2003 962 2076 dignitas
985 2004 1092 2077 paucis
1116 2011 1181 2060 erat
1204 2003 1309 2062 dotata
1331 2003 1504 2061 redditibus
1528 2017 1565 2060 eo
1588 2017 1632 2058 re

367 2110 482 2179 spectu,
506 2107 585 2164 sicut
607 2108 639 2165 in
661 2107 730 2165 aliis
762 2107 997 2166 kathedralibus
1028 2109 1165 2168 ecclesiis
1196 2110 1375 2183 apparebat
1403 2109 1521 2166 Idcirco
1545 2120 1632 2164 cano·

366 2212 507 2269 nieorum
536 2228 703 2271 numerum
735 2215 766 2272 in
797 2214 879 2272 dicta
914 2221 1020 2272 nostra
1053 2216 1183 2273 ecclesia
1217 2215 1255 2272 de
1290 2215 1423 2273 fratrum
1457 2222 1630 2272 nostrorum

366 2317 495 2376 consilio
519 2323 549 2376 et
571 2333 720 2378 consensu
743 2320 783 2378 ad
807 2322 1002 2378 canonicatus
1026 2321 1151 2394 triginta
1174 2327 1235 2378 tres
1267 2324 1296 2379 in
1326 2327 1477 2394 quantum
1503 2317 1631 2378 inveniri

366 2426 467 2497 potnit
489 2425 587 2482 eciam
610 2426 686 2484 olim
709 2432 870 2484 extensum
895 2431 1044 2498 taxamus,
1062 2427 1261 2500 ratificamus,
1277 2428 1499 2502 approbamus,
1523 2423 1629 2484 confir·

367 2545 489 2588 mamus
519 2538 550 2589 et
579 2533 731 2606 presentis
759 2533 868 2606 scripti
890 2534 1061 2606 patrocinio
1085 2533 1316 2592 observandum
1339 2539 1370 2591 et
1393 2533 1570 2591 habendum
1592 2530 1628 2586 de

366 2642 467 2694 cetero
490 2639 675 2696 roboramus
698 2639 749 2710 ita,
774 2638 858 2712 quod
885 2639 991 2710 lector,
1023 2641 1077 2712 qni
1100 2657 1180 2697 nunc
1203 2647 1257 2712 est,
1281 2647 1311 2698 et
1335 2641 1389 2714 qui
1412 2655 1470 2714 pro
1493 2649 1627 2713 tempore

367 2741 460 2801 fuerit
483 2746 674 2817 constitutus,
698 2746 780 2803 ultra
802 2761 845 2817 ea,
870 2762 930 2818 que
955 2750 1079 2802 actenus
1102 2746 1224 2803 racione
1247 2747 1414 2804 lectoratus
1429 2746 1545 2820 percipi
1561 2758 1627 2800 con-

366 2856 532 2908 sueverunt
555 2850 593 2908 de
609 2852 759 2909 'omnibus
783 2851 956 2909 redditibus
980 2851 1117 2926 capituli,
1141 2857 1246 2925 preter
1267 2852 1360 2909 villas
1375 2867 1430 2909 seu
1446 2851 1625 2924 iobagiones‚

368 2954 560 3028 duplicatam
583 2957 614 3014 in
636 2958 791 3028 omnibus
815 2956 891 3014 dum
914 2963 1018 3014 tamen
1033 2957 1073 3014 sit
1088 2958 1260 3028 canonicus,
1277 2957 1430 3030 percipiat
1445 2957 1625 3030 porcionem.

366 3077 403 3119 eo
433 3077 494 3120 non
524 3063 673 3135 obstante,
705 3062 789 3136 qnod
819 3063 985 3134 sublectos,
1018 3063 1071 3135 qui
1101 3063 1142 3120 ab
1169 3063 1238 3136 ipso
1265 3063 1379 3120 lectore
1418 3061 1625 3120 denominatur

366 3173 396 3225 et
407 3168 447 3225 ad
462 3169 560 3242 ipsius
575 3170 708 3242 pertinet
723 3170 959 3240 eorreccionem
977 3169 1015 3227 de
1033 3167 1206 3226 redditibus
1222 3169 1406 3226 comunibus
1421 3185 1509 3226 suam
1521 3169 1625 3226 habeat

366 3289 423 3346 per
444 3289 476 3331 se
499 3274 686 3348 porcionem.
711 3273 861 3332 Similiter
884 3275 1031 3332 volumus
1053 3281 1083 3332 et
1106 3276 1279 3345 statuimus,
1300 3274 1386 3348 quod
1401 3280 1514 3346 cantor,
1530 3279 1624 3331 custos

367 3395 402 3437 ac
430 3379 571 3452 decanus,
602 3395 660 3454 pro
691 3386 832 3455 tempore
861 3381 1026 3452 constituti,
1058 3383 1112 3454 qui
1139 3381 1252 3456 duplas
1275 3382 1308 3439 in
1330 3380 1504 3439 redditibus
1527 3393 1624 3436 comu-

366 3486 457 3543 nibus
480 3492 704 3544 consveverunt
726 3486 841 3544 habere
858 3487 1019 3560 porciones
1042 3488 1073 3544 in
1097 3488 1182 3544 villis
1205 3503 1260 3545 seu
1275 3487 1502 3559 iobagionibus,
1517 3483 1623 3558 singuli

366 3593 497 3666 singulis
526 3593 726 3667 porcionibus
756 3594 835 3650 sicut
864 3593 919 3650 alii
950 3595 1089 3652 canonici
1120 3593 1254 3651 debeant
1284 3593 1462 3651 contentari
1489 3592 1520 3648 ln
1543 3592 1623 3648 cuius

366 3700 412 3756 rei
433 3700 620 3757 memoriam
641 3705 887 3774 perpetuamque
911 3698 1096 3757 firmitatem
1118 3700 1314 3773 presentibus
1337 3699 1478 3771 sigillum
1493 3704 1623 3755 nostmm

366 3803 512 3862 duximus
534 3803 782 3879 appendendum.
813 3805 930 3863 Datum
953 3805 1111 3878 Zagrabie‚
1139 3805 1216 3862 teria
1240 3804 1374 3862 secunda
1396 3805 1537 3878 proxima
1559 3805 1623 3876 post

367 3917 491 3968 octavas
513 3910 695 3984 Epyphanie
717 3908 843 3968 domini.
866 3911 956 3968 Anno
979 3910 1117 3969 eiusdem
1136 3910 1306 3968 MCCCXX
1329 3925 1417 3969 nono.

454 4026 548 4078 Elibr.
560 4027 623 4079 Stat.
634 4042 690 4078 ven.
703 4042 757 4094 cap.
768 4027 873 4094 ragrab.
882 4043 906 4093 p.
913 4027 960 4078 111.
970 4042 990 4078 c.
998 4027 1031 4078 11.
1038 4029 1061 4094 J.
1072 4027 1188 4078 Tkateie.
1199 4027 1268 4078 Mon.
1277 4028 1336 4078 hist.
1348 4042 1387 4094 ep.
1400 4029 1503 4094 zagrab.
1511 4027 1543 4078 ΙΙ.
1551 4042 1574 4092 p.
1585 4032 1623 4088 79-

954 4241 1039 4308 150.

473 4387 549 4435 Anno
571 4394 645 4448 1329,
664 4385 688 4436 8.
707 4383 829 4451 Augusti.
849 4383 879 4434 In
898 4383 1037 4450 Viiegrad.

372 4513 493 4571 Carolus
507 4513 684 4586 Hungarr'oe
702 4520 749 4570 etc.
773 4531 834 4583 rex,
861 4513 891 4569 in
915 4513 1043 4587 qualibet
1063 4530 1151 4570 causa
1170 4514 1199 4570 si
1218 4514 1282 4587 quis
1303 4513 1378 4569 cives
1400 4510 1568 4570 Grrclunscs
1582 4507 1628 4564 uel

366 4620 440 4690 illos,
456 4619 498 4676 ad
516 4638 561 4676 ros
576 4620 629 4694 qui
633 4620 789 4694 partimur,
813 4619 855 4676 ad
868 4619 945 4692 regis
955 4619 1151 4692 praesentiam
1170 4619 1278 4688 citaret,
1294 4619 1370 4676 solus
1386 4626 1421 4675 ut
1434 4617 1519 4674 iurlcx
1535 4614 1624 4672 adesse

838 4732 977 4795 tencatur,
999 4725 1162 4799 confirmat.

456 4851 590 4909 Karolus
614 4851 664 4909 dei
686 4853 789 4925 gracia
811 4868 865 4910 rex
889 4851 1054 4924 Hungarie.
1086 4849 1246 4908 Fidelibus
1276 4851 1339 4908 suis
1370 4849 1574 4923 zagrabiensis
1596 4851 1623 4903 et

369 4959 557 5018 chasmensis
572 4959 771 5017 ecclesiarum
787 4959 940 5033 capitulis,
956 4959 1089 5016 salutem
1105 4962 1136 5016 et
1150 4957 1295 5031 graciam.
1316 4955 1397 5030 Quia
1413 4957 1540 5015 libertas
1555 4953 1624 5012 fide
