3600 5804
571 580 643 636 Dor.
668 593 736 656 104.
763 613 798 622 —
826 579 881 635 An.
906 591 989 656 1315.
1367 581 1406 654 89

161 779 202 835 vir
223 777 313 835 irater
334 778 497 861 Johannes,
529 779 729 852 provincialis
759 779 876 837 ordinis
906 778 1148 850 Predicatorum,
1172 794 1289 837 necnon
1313 778 1407 838 irater

160 883 335 954 Benedictus
359 885 447 958 prior
470 884 597 942 claustri
621 885 702 943 beati
725 885 845 942 Nicolai
869 885 899 944 in
922 885 1082 957 Zagrabia‚
1097 901 1169 943 cum
1186 887 1407 959 procuratoriis

159 991 256 1047 litteris
286 990 414 1064 capituli
444 991 541 1048 nostri
571 989 711 1064 predicti,
735 1005 812 1048 onus
835 997 864 1048 et
886 992 1068 1062 gravamina
1091 991 1219 1049 claustri
1243 992 1408 1049 memorati

158 1104 184 1154 et
204 1113 255 1170 per
275 1113 463 1169 consequens
488 1098 702 1155 universorum
727 1096 858 1154 fratrum
889 1095 1006 1155 ordinis
1034 1097 1173 1170 ipsorum
1201 1099 1232 1154 in
1262 1113 1295 1154 se
1324 1097 1409 1170 ipsos

160 1209 401 1276 assumpmentes,
426 1203 631 1276 personaliter
654 1207 790 1261 nostram
814 1203 971 1260 venientes
1002 1202 1031 1259 in
1056 1203 1256 1276 presenciam,
1280 1202 1409 1260 confessi

159 1316 219 1367 sunt
246 1309 368 1366 oraculo
399 1310 472 1366 vive
502 1310 587 1366 vocis
623 1309 653 1366 in
677 1300 757 1366 hunc
784 1307 923 1380 modum,
948 1307 1030 1380 quod
1055 1309 1115 1382 ipsi
1138 1324 1197 1382 pro
1221 1307 1408 1381 quibusdam

158 1418 283 1490 ipsorum
314 1415 547 1472 necessitatibus
579 1415 662 1489 ipsos
693 1415 874 1490 permaxine
904 1413 943 1471 ad
975 1428 1103 1486 presens
1133 1414 1315 1486 urgentibus
1345 1415 1408 1471 evi-

159 1520 255 1590 tandis,
277 1521 362 1594 prius
385 1521 465 1578 inter
488 1537 520 1578 se
544 1527 664 1578 matura
696 1521 781 1578 omni
805 1519 1033 1578 deliberacione
1057 1519 1228 1593 prehabita,
1253 1519 1408 1592 quandam

158 1627 365 1700 possessionem
391 1627 531 1700 ipsorum
554 1626 659 1684 Blizna
678 1632 828 1697 vocatam,
853 1641 924 1684 cum
948 1627 1106 1684 montibus
1128 1625 1265 1698 Warheg
1282 1627 1408 1697 vocatis,

159 1750 190 1790 er
218 1732 380 1790 donacione
412 1731 510 1790 felicis
545 1733 694 1790 memorie
721 1732 838 1790 domini
878 1731 949 1790 Bele
982 1731 1114 1790 condam
1151 1733 1234 1804 regis
1264 1731 1408 1804 Vngarie,

158 1845 186 1897 ut
207 1839 321 1911 dicitur,
353 1840 429 1912 ipsis
452 1840 483 1897 in
506 1845 688 1914 perpetuam
713 1839 915 1897 elemosinam
940 1838 1033 1896 luisse
1056 1838 1212 1908 collatam,
1237 1839 1268 1896 in
1297 1838 1408 1896 tenutis

158 1946 239 2003 castri
268 1945 387 2003 Medwe
417 1946 508 2003 sitam
539 1951 569 2002 et
599 1945 789 2016 existentem,
819 1944 954 2018 demptis
986 1943 1173 2017 quibusdam
1201 1943 1318 2018 prediis
1341 1944 1407 2000 sive

156 2053 236 2110 terris
264 2052 444 2122 arabilibus,
473 2050 617 2109 videlicet
648 2049 831 2109 Crathkidol
863 2057 891 2108 et
923 2051 1026 2108 Lunea
1050 2051 1175 2120 vocatis,
1199 2051 1229 2108 in
1254 2050 1409 2108 territorio

156 2157 281 2231 predicte
304 2158 504 2232 possessionis
527 2156 641 2230 Blyzna
663 2157 777 2215 habitis
792 2162 822 2215 et
840 2158 1006 2227 existentis,
1023 2155 1147 2230 egregio
1169 2157 1238 2213 viro
1260 2156 1409 2228 magistro

155 2263 285 2320 Renoldo
314 2263 353 2320 de
384 2263 521 2334 Wywar,
552 2278 610 2338 pro
641 2269 713 2320 tunc
747 2268 913 2337 capetaneo
936 2264 1028 2321 castri
1052 2261 1171 2320 Medwe
1195 2261 1326 2336 predicti
1350 2256 1413 2336 pro

155 2369 281 2427 ducentis
304 2375 333 2427 et
356 2371 550 2444 septuaginta
573 2385 627 2427 sex
649 2368 771 2427 florenis
794 2370 866 2443 puri
889 2369 956 2426 auri
980 2368 1174 2442 ungaricalis,
1198 2369 1265 2425 veri
1288 2373 1318 2425 et
1334 2369 1406 2426 iusti

156 2476 298 2549 ponderis,
329 2477 430 2550 plene,
462 2481 495 2534 ut
523 2476 666 2534 dixerunt
690 2475 800 2534 iratres
823 2475 954 2550 predicti
977 2479 1017 2534 ab
1041 2476 1150 2535 eodem
1174 2477 1323 2549 magistro
1350 2476 1408 2534 Re·

155 2580 240 2638 noldo
262 2582 375 2639 habitis
398 2588 428 2639 et
451 2583 590 2656 receptis,
614 2582 737 2656 pignori
760 2582 958 2655 obligassent,
982 2583 1038 2640 tali
1060 2581 1260 2655 obligaminis
1282 2582 1408 2639 vinculo

156 2687 312 2757 interserto,
337 2688 470 2761 quodsi
501 2687 581 2746 inira
612 2687 776 2746 annualem
807 2688 1038 2746 revolucionem
1061 2689 1161 2762 ipsam
1182 2687 1408 2762 possessionem

156 2791 258 2864 Blyzna
280 2794 320 2850 ab
343 2793 452 2852 eodem
477 2795 625 2868 magistro
652 2793 793 2851 Renoldo
816 2809 888 2868 sepe
912 2797 1070 2853 nominato
1093 2794 1244 2852 redimere
1260 2810 1320 2851 non
1338 2809 1408 2868 pos·

156 2904 213 2956 sent
236 2901 284 2957 vel
306 2915 367 2958 non
390 2907 540 2972 curarent,
572 2917 609 2958 ex
641 2905 712 2957 tunc
735 2900 874 2974 predicta
897 2903 1050 2975 possessio
1073 2899 1188 2972 Blyzna
1218 2899 1319 2958 eidem
1343 2915 1407 2957 ma·

157 3006 242 3076 gistro
264 3005 412 3078 Renold0,
436 3008 595 3082 capitaneo
619 3023 691 3080 sepe
712 3005 802 3077 dicto,
819 3023 878 3080 pro
894 3007 1010 3064 eisdem
1026 3009 1163 3082 pecuniis
1179 3023 1235 3082 per
1252 3006 1407 3080 predictos

157 3111 231 3168 viros
252 3112 420 3185 religiosos,
445 3112 555 3171 fratres
580 3113 722 3171 videlicet
745 3113 917 3196 Johannem
941 3117 970 3170 et
987 3113 1194 3184 Benedictum,
1216 3119 1251 3170 ut
1267 3113 1416 3171 dixerant-

157 3217 191 3272 ab
222 3217 327 3276 eodem
358 3219 508 3290 magistro
537 3219 679 3277 Renoldo
707 3221 839 3294 receptis
871 3224 899 3276 et
932 3219 1069 3292 plenarie
1092 3219 1216 3290 habitis,
1237 3220 1306 3294 ipso
1329 3235 1408 3277 anno

157 3323 296 3396 revoluto,
318 3325 349 3382 in
374 3325 438 3382 vim
463 3326 685 3399 perpetuitatis,
718 3327 802 3384 omni
826 3340 862 3384 eo
885 3326 958 3396 iure,
983 3341 1044 3399 quo
1068 3342 1124 3400 per
1148 3325 1271 3384 eosdem
1297 3326 1406 3384 iratres

160 3427 355 3488 Predicatores
385 3435 468 3488 tenta
499 3437 529 3488 et
552 3447 692 3505 possessa
717 3431 831 3503 fuisset,
860 3432 977 3505 absque
1000 3433 1084 3488 omni
1109 3430 1334 3489 contradicione
1358 3430 1409 3488 de-

158 3535 292 3594 volvatur
316 3537 382 3594 iure
405 3543 556 3612 perpetuo
580 3545 609 3594 et
632 3538 886 3608 irrevocabiliter,
914 3538 1025 3596 barum
1047 3543 1224 3594 nostrarum
1248 3538 1355 3608 vigore
1379 3543 1408 3594 et

158 3643 320 3700 testimonio
343 3644 504 3700 literarum
521 3643 682 3702 mediante.
698 3643 814 3701 Datum
831 3643 907 3701 ieria
923 3649 1033 3716 quarta
1049 3645 1192 3718 proxima
1207 3649 1276 3700 ante
1293 3641 1406 3700 festum

160 3749 342 3806 sacratissimi
358 3749 498 3822 corporis
514 3748 636 3806 Christi.
654 3751 742 3807 Anno
759 3749 875 3807 domini
894 3751 923 3805 M
939 3749 1153 3806 trecentesimo
1170 3747 1407 3826 quintodecimo

235 3901 255 3950 E
282 3908 446 3968 transumpto
475 3902 586 3968 capituti
615 3904 793 3970 zagrabiensis
821 3904 853 3952 de
872 3918 939 3953 anno
964 3904 1037 3962 1376.
1058 3902 1087 3952 ln
1108 3901 1217 3951 archivo
1237 3901 1311 3965 regni
1333 3901 1405 3951 (Sl).

159 3991 206 4038 liet.
225 3997 338 4041 convent.
358 3991 521 4042 Remetensis
539 3991 600 4042 fasc.
623 4001 643 4042 l.
664 4007 702 4042 nr.
724 4001 746 4051 3.

735 4275 824 4342 104.

252 4438 324 4484 Anno
345 4443 420 4494 1315,
439 4444 479 4497 29.
500 4433 664 4499 septembris.
683 4433 836 4500 Zagrabiae.

159 4576 201 4632 Fr.
232 4579 409 4653 Augustinus
438 4581 583 4653 episcopus
613 4579 808 4652 zagrabiensis
830 4580 863 4636 de
882 4579 1037 4637 redditibus
1066 4581 1178 4637 insulae
1200 4597 1221 4636 s.
1239 4579 1350 4655 sacobi
1369 4579 1412 4634 ad

160 4681 256 4742 &uum
276 4687 355 4756 sitae,
377 4703 494 4744 causam
516 4689 592 4744 inter
605 4686 721 4760 fratres
744 4685 854 4742 ordinis
883 4686 1065 4743 cisterciensis
1087 4695 1114 4744 ri
1143 4687 1280 4744 maritales
1302 4703 1406 4758 zagra-

654 4789 762 4852 bienses
784 4793 900 4850 dirimit.

236 4935 296 4994 Nos
320 4936 414 4994 frater
438 4937 626 5010 Augustinus
649 4937 848 4995 miseracione
872 4935 977 4994 divina
1001 4937 1164 5011 episcopus
1192 4935 1408 5008 zagrabiensis.

161 5036 360 5112 significamus
383 5043 497 5116 quibus
520 5043 644 5118 expedit
667 5044 826 5114 universis,
855 5044 1004 5101 memorie
1039 5042 1299 5114 commendantes,
1323 5040 1407 5115 quod
