3824 5806
372 545 434 605 m
790 517 1220 601 Mm-Mffl

368 725 558 798 Quiquidem
579 724 724 782 Nicolaus
748 724 829 780 Heer
857 722 964 792 dictus
995 720 1035 790 ad
1066 721 1216 795 premissa
1246 721 1290 776 sic
1318 724 1348 776 et
1377 719 1480 776 taliter
1503 731 1631 790 respon-

368 831 477 889 disset:
502 830 586 904 quod
609 829 691 888 idem
715 829 862 903 magister
883 829 1045 911 johannes,
1062 826 1205 886 dominus
1226 841 1307 896 suus,
1324 826 1406 899 ipsas
1422 824 1632 899 possessiones

368 937 522 995 dictorum
553 937 667 994 civium
699 951 851 1008 occupare
881 941 912 992 et
941 933 1104 991 duodecim
1136 949 1174 990 ex
1205 931 1324 990 eisdem
1352 931 1473 989 civibus
1496 929 1633 987 detinere

359 1039 504 1100 ‘iussisset
526 1049 556 1100 et
579 1043 712 1100 firmiter
735 1041 837 1100 eidem
860 1041 1078 1110 commisisset,
1102 1045 1132 1096 et
1154 1039 1211 1096 nisi
1228 1038 1329 1095 littere
1351 1035 1490 1094 eiusdem
1513 1035 1633 1092 domini

367 1150 415 1208 sui
438 1149 497 1207 sibi
521 1151 552 1206 in
576 1149 664 1206 brevi
689 1154 829 1222 tempore
852 1151 1099 1221 apportarentur,
1122 1143 1246 1202 easdem
1266 1144 1473 1216 possessiones
1491 1143 1631 1216 ipsorum

368 1257 483 1313 civium
506 1270 657 1329 occupare
680 1259 711 1311 et
732 1253 772 1311 ad
795 1252 914 1310 dictum
936 1259 1071 1310 castrum
1095 1250 1187 1323 Selyn
1211 1251 1379 1324 applicare,
1406 1249 1532 1322 insuper
1554 1248 1631 1306 duo-

366 1362 466 1419 decim
497 1377 535 1418 ex
566 1360 683 1418 eisdem
714 1359 850 1418 detinere
880 1359 977 1416 vellet
1007 1365 1037 1415 et
1067 1359 1215 1416 niteretur
1245 1357 1373 1430 propria
1403 1371 1458 1412 sua
1490 1356 1631 1429 potencia

366 1467 528 1538 mediante,
552 1469 582 1525 in
607 1465 813 1541 preiudicium
836 1465 1018 1524 eorumdem
1042 1465 1134 1522 valde
1150 1479 1306 1536 magnum,
1330 1462 1444 1520 Datum
1472 1462 1630 1535 Zagrabie,

367 1572 523 1631 dominico
547 1573 597 1630 dei
621 1573 765 1646 proximo
788 1579 858 1629 ante
882 1571 994 1630 festum
1019 1571 1101 1629 beati
1123 1569 1244 1628 Nicolai
1259 1568 1449 1627 confessoris.
1470 1570 1560 1626 Anno
1575 1569 1630 1627 do-

367 1679 443 1736 mini
467 1680 637 1737 millesimo
660 1678 738 1736 CCC
760 1679 959 1751 nonagesimo
983 1683 1077 1735 sexto.

457 1814 596 1880 Originale
616 1815 643 1865 in
662 1815 760 1874 charta,
779 1830 795 1864 a
814 1821 890 1880 tergo
909 1819 1038 1879 apparent
1056 1811 1169 1878 vestigia
1188 1813 1303 1862 duorum
1319 1812 1508 1878 impressorum
1527 1811 1630 1877 sigillo·

365 1918 431 1954 rum.
451 1902 481 1954 ln
500 1903 609 1954 archivo
628 1903 675 1954 lib.
695 1918 749 1969 reg.
771 1901 863 1954 civitat
888 1902 994 1969 zagrab.

952 2171 1042 2237 393.

469 2335 545 2382 Auno
568 2333 641 2395 1396.
663 2341 703 2380 20.
724 2329 878 2380 decembris.
900 2329 1054 2395 Zagrabiac.

364 2476 510 2534 Bacinora
542 2475 745 2532 nortiaullorum
770 2474 948 2532 tlonrinomm
970 2475 1004 2532 de
1026 2476 1150 2548 capitulo
1176 2477 1206 2531 iu
1236 2475 1369 2532 suburbio
1397 2476 1521 2531 civitatis
1557 2473 1630 2532 Gre-

403 2581 520 2652 chensis,
543 2583 573 2638 ia
598 2583 658 2639 vtro
685 2580 924 2640 Theutonicorum
946 2580 1029 2651 ilecto,
1054 2599 1129 2656 quae
1144 2589 1394 2655 perpetraverant,
1416 2581 1591 2655 refferuntur.

452 2744 515 2802 Nos
538 2745 684 2818 magister
706 2745 856 2802 Martinus
878 2743 966 2815 Ders‚
989 2745 1157 2804 vicebanus
1180 2751 1210 2802 et
1234 2759 1336 2802 comes
1352 2744 1568 2818 zagrabiensis,
1592 2760 1628 2801 ac

363 2849 479 2908 iudices
508 2850 662 2907 nobilium
693 2849 831 2908 eiusdem
863 2850 1035 2908 comitatus.
1067 2851 1215 2908 Memorie
1246 2849 1509 2921 commendamus,
1543 2850 1628 2923 quod

363 2971 434 3014 cum
458 2971 514 3014 nos
539 2955 576 3012 ad
602 2957 765 3014 instantem
789 2956 974 3030 peticionem
997 2956 1202 3029 providorum
1226 2957 1366 3014 virorum
1390 2949 1495 3014 Marci
1509 2956 1628 3028 iudicis,

363 3065 533 3120 iuratorum
558 3069 587 3121 et
611 3047 827 3121 universorum
851 3063 966 3121 civium
991 3064 1123 3122 civitatis
1148 3064 1261 3121 montis
1293 3063 1476 3122 Grechensis
1503 3063 1542 3120 de
1572 3062 1627 3120 Za-

361 3169 479 3241 grabia,
503 3169 585 3240 luan,
610 3169 712 3227 filium
735 3169 878 3242 Gregorii
902 3173 931 3226 et
954 3169 1081 3228 Petrum
1103 3169 1206 3226 filium
1229 3167 1386 3244 Stephani,
1409 3168 1487 3227 duos
1510 3170 1627 3227 scilicet

361 3291 399 3332 ex
423 3277 512 3334 nobis
536 3276 690 3334 iudicibus
714 3277 868 3334 nobilium
892 3277 930 3333 ad
954 3276 1185 3350 infrascriptam
1201 3276 1437 3349 inquisicionem
1453 3275 1627 3334 faciendam

360 3382 498 3454 legitime
529 3381 783 3452 destinassemus3
815 3382 940 3440 tandem
971 3382 1064 3440 iidem
1096 3383 1205 3440 exinde
1235 3382 1275 3440 ad
1305 3398 1362 3441 nos
1392 3383 1508 3441 reversi
1536 3383 1626 3441 nobis

363 3488 536 3545 retulerunt
557 3489 615 3546 isto
638 3487 746 3546 modo:
771 3488 854 3561 quod
885 3489 945 3562 ipsi
975 3490 1016 3546 ab
1039 3491 1192 3562 omnibus,
1216 3485 1328 3563 quibus
1351 3489 1454 3547 decuit
1477 3495 1507 3546 et
1530 3489 1626 3562 licuit,

360 3594 466 3667 palam
489 3599 518 3650 et
541 3595 660 3652 occulte
682 3593 847 3668 diligenter
870 3594 1064 3668 inquirend0,
1081 3596 1160 3653 hanc
1184 3593 1222 3651 de
1238 3594 1443 3669 infrascriptis
1465 3595 1626 3652 scivissent

360 3715 479 3758 meram
502 3705 532 3757 et
555 3699 767 3758 omnimodam
792 3701 965 3774 veritatem,
987 3701 1071 3774 quod
1085 3701 1241 3784 Johannes
1264 3701 1393 3775 Crispus
1416 3701 1455 3758 de
1479 3701 1624 3774 Kemlulr,

359 3804 527 3877 Gregorius
551 3806 735 3878 dubicensis,
758 3807 913 3890 Johannes
944 3807 983 3865 de
1015 3807 1171 3879 Vrbouch,
1202 3806 1318 3880 Symon
1349 3807 1388 3865 de
1418 3807 1541 3880 Waska,
1573 3808 1625 3891 Jo-

359 3911 473 3968 hannes
509 3909 706 3984 kathedralis,
739 3912 882 3971 Hinchlro
913 3913 1108 3986 chasmensis,
1147 3913 1322 3988 Stephanus
1360 3914 1565 3973 varasdiensis
1595 3920 1626 3972 et

358 4015 528 4088 Gregorius
548 4015 589 4074 de
612 4017 716 4090 Bexin,
740 4018 964 4091 archidiaconi;
987 4021 1062 4078 item
1080 4021 1235 4104 Johannes
1258 4021 1424 4092 Lanceloti,
1444 4021 1625 4079 Benedictus

358 4121 397 4179 de
420 4123 570 4194 Monozlo,
594 4123 763 4197 Gregorius
787 4123 825 4182 de
849 4125 955 4198 Varas,
980 4125 1125 4185 Nicolaus
1148 4133 1179 4185 et
1201 4128 1280 4186 alter
1303 4127 1459 4201 Nicolaus,
1475 4129 1624 4202 Hungari‚

357 4228 506 4286 Martinus
531 4243 670 4302 magnus,
700 4231 857 4288 Barnabas
889 4231 1029 4304 Milonis,
1062 4233 1242 4292 Benedictus
1273 4234 1389 4306 manse,
1416 4233 1562 4292 Nicotaus
1585 4233 1624 4292 de

357 4335 496 4408 Kassina,
517 4335 654 4394 Thomas
677 4329 797 4415 (nepos)
821 4337 964 4410 custodis,
988 4338 1107 4397 Blasius
1131 4345 1241 4412 custos,
1264 4339 1431 4412 Dyonisius
1455 4339 1493 4398 de
1514 4339 1623 4413 Crisia,

356 4439 530 4514 Stephanus
553 4442 718 4515 Hungarus
739 4448 769 4501 et
791 4443 899 4502 Petrus
919 4445 1029 4519 Crispi,
1046 4446 1192 4515 canonici,
1207 4461 1315 4519 ymmo
1331 4452 1431 4505 totum
1447 4447 1622 4520 capitulum

360 4546 486 4604 ecclesie
508 4548 715 4620 zagrabiensis
739 4550 876 4608 unanimi
899 4551 1028 4610 consilio
1052 4553 1131 4611 inter
1155 4555 1238 4627 ipsos
1262 4553 1351 4626 fact0,
1375 4554 1433 4612 deo
1449 4555 1490 4611 ab
1506 4555 1623 4612 occulis

355 4666 463 4711 eorum
487 4660 517 4710 et
540 4654 605 4712 eius
628 4655 748 4713 iusticia
779 4657 969 4730 postpositis,
1002 4657 1167 4730 dyabolica
1196 4665 1262 4718 arte
1293 4637 1465 4734 instigante,
1497 4675 1623 4734 congre

355 4759 434 4830 gatis
456 4759 608 4832 Gregorio
629 4761 775 4834 litterat0,
808 4761 943 4821 officiale
966 4769 996 4821 et
1019 4765 1171 4824 universis
1196 4765 1403 4825 familiaribus
1424 4782 1461 4825 ac
1484 4767 1623 4840 iobagio·

355 4864 446 4921 uibus
470 4865 610 4938 ipsorum
633 4866 673 4923 ad
696 4881 806 4925 sonum
844 4870 970 4927 maioris
1002 4886 1151 4945 campane
1181 4887 1297 4944 eorum,
1329 4873 1472 4930 manibus
1495 4875 1622 4932 armatis

355 4975 384 5026 et
409 4971 612 5044 potenciariis,
636 4987 723 5030 more
749 4973 862 5047 hostili,
888 4975 1047 5034 dominico
1070 4977 1119 5036 die
1143 4978 1287 5052 proximo
1310 4984 1379 5038 ante
1402 4977 1516 5036 festum
1539 4980 1623 5037 beati
