3600 5804
604 513 677 570 Doc.
703 525 773 588 242.
802 545 837 553 -
862 511 917 568 An.
946 507 1033 586 1361.
1146 480 1149 489 ’
1387 529 1447 587 219

179 713 430 770 mensuraciones
462 711 536 768 salis
566 716 659 784 atque
689 726 759 768 cere
782 725 817 767 ac
840 709 1102 767 aliarumrerum
1126 708 1185 766 hiis
1208 709 1359 768 similium
1383 713 1448 766 tam

179 819 356 876 communis
387 817 505 875 iusticie
536 823 629 890 atque
659 817 733 874 boni
761 815 791 873 in
819 815 923 873 medio
954 816 1002 872 sui
1022 814 1222 886 ordinassent,
1254 813 1336 888 quod
1365 813 1448 872 dicto

177 923 318 997 capitulo
349 929 379 979 et
411 923 539 980 ecclesie
571 937 680 980 eorum
711 923 741 978 in
772 921 861 978 nullo
892 920 1062 993 derogaret,
1091 936 1146 978 nec
1169 919 1287 978 tributo
1309 920 1448 994 ipsorum

177 1029 309 1102 aliquod
341 1037 503 1102 generaret
533 1028 757 1103 preludicium;
788 1033 818 1084 et
848 1042 886 1084 eo
916 1025 1006 1090 dicto.
1034 1027 1237 1101 privilegium
1259 1027 1449 1084 serenissimi

176 1136 330 1210 principis
360 1134 492 1193 condam
520 1134 639 1192 domini
670 1133 818 1208 Stephani
848 1133 947 1190 incliti
981 1133 1063 1206 regis
1083 1134 1249 1206 Hungarie‚
1274 1133 1362 1191 beate
1386 1149 1449 1190 me-

177 1243 287 1312 morie,
311 1243 370 1298 sub
394 1256 474 1298 anno
497 1239 615 1298 domini
640 1240 808 1297 MCCLXX
831 1246 1018 1309 emanatum,
1043 1238 1229 1296 confirmans
1249 1239 1449 1312 privilegium

179 1347 340 1420 magnifici
363 1348 513 1422 principis
536 1347 654 1405 domini
679 1347 759 1418 Bele,
790 1345 900 1404 eadem
922 1345 1026 1418 gracia
1060 1344 1191 1402 condam
1215 1345 1346 1403 illustris
1368 1347 1449 1420 regis

177 1453 350 1525 ilungarie‚
382 1469 461 1511 anno
488 1453 548 1510 sub
580 1453 793 1511 incarnacione
828 1451 947 1510 domini
981 1449 1092 1508 MCCL
1122 1455 1232 1508 octavo
1263 1457 1448 1522 emanatum,

176 1559 280 1617 eidem
304 1560 455 1632 magistro
478 1560 648 1617 Laurencio
671 1558 942 1630 demonstrassent,
975 1558 1005 1615 in
1029 1557 1142 1630 quibus
1165 1555 1340 1631 reperisset,
1364 1558 1448 1632 quod

177 1664 326 1722 dominus
349 1663 524 1740 Stephanus
548 1665 646 1722 banus
667 1665 764 1722 tocius
787 1663 959 1734 Sclauonie,
985 1663 1161 1738 capitaneus
1185 1664 1351 1735 stiryensiS,
1372 1665 1450 1721 acci·

177 1772 266 1844 piens
298 1771 479 1828 mandatum
511 1771 629 1828 domini
660 1771 731 1828 Bele
762 1771 853 1843 regis,
884 1769 1026 1828 debitum
1054 1769 1214 1843 hospitum
1237 1771 1448 1844 predictorum

119 1908 122 1915 ,
178 1877 314 1934 annuale
331 1877 370 1934 ad
387 1877 534 1935 ducentas
550 1876 764 1935 tantummodo
781 1893 892 1951 pensas
908 1883 1030 1934 monete
1047 1877 1163 1934 usualis
1179 1875 1451 1936 condescendendo

177 1984 385 2041 commisisset
408 1984 439 2042 in
463 1982 541 2040 festo
566 1985 648 2042 beati
672 1985 795 2042 Martini
818 1983 1002 2042 confessoris
1026 1983 1107 2041 bano
1129 1999 1189 2058 pro
1212 1991 1352 2057 tempore
1379 2000 1449 2042 con-

181 2091 290 2147 stituto
313 2091 477 2163 soluturas,
502 2096 532 2147 et
555 2089 638 2163 quod
662 2091 776 2148 silvam
791 2091 860 2148 usui
876 2107 983 2150 eorum
1000 2095 1227 2164 competentem
1243 2107 1279 2148 ac
1295 2089 1450 2164 quandam

181 2203 298 2254 terram
328 2195 487 2269 Scybilian
518 2204 659 2255 uocatam
691 2213 763 2255 cum
793 2197 882 2256 silvis
909 2203 939 2255 et
962 2196 1156 2270 quibuslibet
1178 2196 1248 2254 aliis
1273 2198 1335 2254 suis
1358 2213 1449 2271 apen·

177 2302 276 2372 diciis,
300 2304 457 2376 requisitis
481 2304 698 2377 iobagionibus
721 2305 814 2362 castri
835 2304 1052 2376 zagrabiensis
1074 2305 1259 2376 assignasset
1276 2303 1450 2378 hospitibus

177 2409 216 2466 de
241 2409 342 2466 Grech
366 2410 537 2483 prenotatis
546 2428 553 2480 ;
578 2409 803 2484 quamquidem
826 2409 1058 2468 ordinacionem
1080 2426 1136 2484 per
1160 2411 1263 2484 ipsum
1288 2409 1449 2468 dominum

176 2513 371 2588 Stephanum
394 2515 511 2572 banum
534 2515 665 2590 provide
689 2515 814 2588 factam,
839 2517 905 2589 ipse
929 2515 1073 2574 dominus
1089 2515 1164 2574 Bela
1179 2533 1235 2576 rex
1250 2517 1450 2591 preallegatis

175 2619 326 2678 fidelihus
348 2621 411 2679 suis
442 2621 618 2696 hospitibus
651 2628 804 2696 perpetuo
827 2622 1040 2680 confirmasset
1063 2621 1253 2682 duraturam.
1283 2622 1450 2680 Presertim

175 2726 391 2786 exhibuissent
421 2727 522 2785 eidem
551 2728 702 2800 magistro
735 2728 904 2786 Laurencio
928 2727 1014 2786 aliud
1036 2728 1239 2803 privilegium
1262 2729 1448 2786 serenissimi

176 2832 329 2906 principis
352 2832 470 2891 domini
508 2833 616 2891 Karoli
643 2833 775 2892 condam
797 2833 929 2892 illustris
952 2835 1034 2908 regis
1056 2835 1215 2909 Hungarie
1239 2835 1270 2893 in
1292 2851 1373 2894 auno
1396 2835 1450 2893 do·

176 2939 258 2996 mini
282 2939 450 2998 ucccxx
474 2947 584 2998 octavo
608 2945 796 3012 emanatum,
820 2940 1007 2999 confirmans
1027 2939 1230 3016 privilegium
1246 2957 1336 3000 suum
1352 2943 1451 3018 priori

175 3053 208 3103 et
248 3046 375 3118 antiquo
413 3045 518 3119 sigillo
547 3063 603 3104 suo
634 3048 848 3120 consignatum
883 3063 963 3106 anno
994 3050 1053 3106 sub
1087 3049 1299 3119 incarnacione
1332 3049 1450 3108 domini

176 3150 291 3208 MCCC
315 3151 435 3209 decimo
451 3154 585 3227 septimo
601 3152 785 3224 consectum,
802 3153 885 3226 quod
902 3153 1101 3212 confirmasse
1118 3153 1284 3212 videbatur
1299 3156 1450 3229 quasdam

177 3258 301 3314 litteras
324 3257 537 3330 privilegiales
561 3258 679 3316 domini
703 3258 852 3333 Stephani
877 3260 957 3328 bani,
989 3266 1128 3318 tenorem
1152 3261 1309 3335 privilegii
1333 3262 1450 3320 domini

178 3362 318 3420 ladislai
350 3362 483 3421 condam
516 3364 647 3423 illustris
678 3366 760 3438 regis
792 3366 960 3439 ilungarie.
984 3365 1083 3424 felicis
1106 3369 1264 3439 memorie,
1289 3368 1348 3426 sub
1370 3383 1449 3426 anno

175 3469 298 3526 domini
328 3469 498 3526 MCCLXX
529 3471 637 3544 quinto
669 3488 762 3546 super
792 3473 963 3530 collacione
994 3474 1196 3547 possessionis
1226 3475 1351 3532 Kobilia
1374 3492 1449 3533 nun·

176 3581 299 3649 cupate,
323 3576 400 3633 ville
424 3576 570 3634 videlicet
593 3576 666 3635 dicti
691 3580 783 3636 castri
799 3580 1006 3651 zagrabiensis
1023 3581 1261 3654 prememoratis
1278 3581 1451 3656 hospitibus

179 3682 221 3739 de
242 3681 342 3739 Grech
368 3681 456 3754 iacta,
488 3685 629 3754 emanati,
662 3685 851 3742 continentes
878 3686 977 3743 eciam
1001 3692 1139 3744 tenorem
1163 3686 1280 3745 domini
1303 3687 1451 3771 Johannis

177 3789 253 3845 bani
277 3795 306 3845 et
330 3789 422 3845 lnnus
452 3789 574 3846 comitis
605 3791 813 3862 zagrabiensis
840 3791 1024 3864 litterarum,
1057 3793 1088 3850 in
1113 3793 1227 3866 quibus
1250 3795 1330 3852 inter
1351 3800 1451 3852 cetera

176 3895 344 3968 reperisset
379 3895 536 3966 contineri,
574 3896 657 3968 quod
689 3913 793 3954 eomes
831 3897 995 3956 Farlrasius
1028 3915 1124 3972 nepos
1159 3901 1281 3958 comitis
1314 3900 1450 3972 Gardun,

176 4003 208 4058 in
241 4001 410 4058 statucione
442 4001 602 4059 cuiusdam
635 4004 837 4076 possessionis
869 4005 995 4062 Kobilia
1023 4013 1197 4080 nuncupate
1220 4023 1277 4081 per
1306 4008 1450 4066 comitem

178 4107 357 4178 Martinum
389 4109 593 4165 castellanum
626 4108 664 4166 de
695 4109 813 4181 lledue,
845 4126 938 4182 quem
969 4109 1114 4169 dominus
1145 4111 1320 4185 Stephanus
1353 4113 1450 4172 banus

177 4213 351 4284 Sclauonie,
373 4214 529 4296 Johannes
553 4221 583 4272 et
599 4215 772 4286 Radizlaus,
791 4217 849 4274 filii
871 4216 992 4274 comitis
1010 4217 1165 4290 Babanylr,
1182 4230 1309 4293 accepto
1333 4219 1452 4278 domini

179 4320 260 4392 regis
282 4319 390 4376 Karoli
414 4320 570 4392 mandam,
594 4321 631 4378 ad
650 4321 846 4380 statuendam
864 4323 965 4398 ipsam
981 4327 1192 4398 possesionem
1210 4326 1336 4384 Kobilia
1352 4331 1449 4384 trans·

177 4426 304 4482 miserat
327 4426 387 4482 sub
411 4428 587 4485 testimonio
606 4429 738 4486 hominis
755 4430 884 4502 capituli
902 4431 1029 4488 ecclesie
1052 4432 1260 4505 zagrabiensis
1285 4433 1406 4490 civibus
1422 4440 1452 4490 et

177 4532 355 4605 hospitibus
371 4532 412 4590 de
423 4532 525 4590 Grech
543 4533 691 4606 iacienda,
714 4535 929 4626 contradictor,
948 4541 978 4594 et
994 4553 1052 4611 pro
1070 4553 1106 4594 eo
1122 4537 1159 4594 ad
1178 4539 1345 4597 terminum
1364 4538 1451 4611 legit-

179 4639 290 4696 timum
322 4645 429 4696 contra
460 4647 648 4698 memoratos
680 4642 763 4699 cives
794 4641 985 4700 Grechenses
1008 4643 1048 4700 ad
1071 4644 1154 4716 regie
1189 4644 1358 4702 maiestatis
1381 4661 1451 4718 pre-

178 4745 314 4802 senciam
338 4745 458 4815 citatus,
482 4755 642 4819 repertum
668 4746 781 4805 luisset.
806 4747 944 4806 Tandem
969 4749 1060 4807 dictis
1076 4750 1251 4822 hospitibus
1267 4767 1322 4808 sua
1337 4751 1449 4810 instru-

179 4855 283 4906 menta
307 4866 401 4923 super
424 4850 532 4908 eadem
555 4854 749 4926 possessione
773 4853 911 4911 confecta
934 4870 1039 4912 coram
1059 4855 1143 4928 regia
1159 4855 1274 4928 pietate
1303 4858 1450 4931 regnique

179 4955 228 5010 sui
250 4956 410 5014 nobilibus
433 4957 661 5028 exhibentibus,
686 4959 767 5016 idem
792 4959 956 5018 Farlrasius
979 4961 1009 5017 in
1034 4961 1167 5018 termino
1190 4962 1332 5035 partibus
1355 4962 1450 5034 assig-
