3824 5806
407 541 466 601 39³
821 521 893 583 Boc.
915 535 987 602 407.
1014 557 1050 568 -
1076 524 1131 583 Aa
1157 537 1244 602 1397.

406 713 437 764 et
460 708 585 780 Mathye
609 708 752 766 similiter
784 708 892 764 eadem
924 708 1036 780 gracia,
1060 708 1206 782 episcopo
1229 709 1373 779 reznensi,
1397 709 1521 766 vicariis
1544 707 1677 781 predicti

407 813 524 870 domini
555 814 704 896 Johannis
742 814 881 888 episcopi
924 814 954 871 in
989 813 1220 886 pontificalibus
1251 815 1455 886 generalibus,
1491 814 1675 871 auctoritate

406 918 543 976 eiusdem
579 918 696 976 domini
730 919 869 992 episcopi
900 924 930 975 et
960 925 1065 976 nostra
1094 919 1251 977 ordinaria
1291 920 1517 990 mandavimus,
1548 927 1583 976 ut
1613 919 1674 992 ipsi

406 1025 503 1084 dictos
527 1025 669 1094 iudicem,
694 1026 809 1083 iuratos
832 1035 861 1083 et
885 1026 1139 1084 communitatem
1171 1026 1342 1100 predictam
1365 1042 1384 1083 a
1407 1025 1527 1099 prefata
1550 1040 1674 1082 excom·

406 1131 625 1188 municacionis
655 1133 809 1189 sentencia
838 1132 1002 1190 absolvere
1026 1131 1181 1190 deberent.
1213 1131 1402 1206 Quiquidem
1432 1131 1569 1189 domini:
1603 1131 1674 1188 Bar-

406 1237 528 1296 thucius
556 1237 806 1312 archiepiscopus
829 1245 859 1294 et
883 1238 1013 1296 Mathias
1037 1225 1209 1311 episc'opus,
1234 1238 1429 1310 presentibus
1453 1238 1544 1295 nobis
1566 1244 1597 1294 et
1620 1252 1674 1294 no·

405 1343 483 1400 tario
507 1343 635 1417 publico
657 1359 692 1400 ac
716 1344 845 1400 testibus
869 1343 1074 1418 infrascriptis
1098 1345 1129 1400 in
1152 1345 1279 1401 ecclesia
1309 1344 1391 1400 beati
1415 1344 1510 1400 Marci
1533 1357 1674 1415 ewange-

406 1451 476 1508 liste
499 1451 529 1508 in
553 1451 662 1508 eadem
686 1459 789 1508 monte
812 1451 959 1509 Grecensi
981 1451 1047 1520 sita,
1078 1449 1263 1507 duodecima
1286 1450 1336 1506 die
1363 1450 1477 1506 mensis
1499 1449 1618 1522 aprilis,
1642 1450 1674 1506 in

406 1556 507 1614 forma
530 1557 735 1616 ecclesiastica
757 1564 910 1628 consveta,
933 1557 1113 1614 auctoritate
1136 1554 1257 1630 prefata
1291 1556 1508 1625 absolverunt;
1541 1571 1619 1628 quos
1643 1563 1674 1612 et

406 1677 501 1736 quam
539 1671 569 1720 et
604 1679 669 1734 nos,
709 1671 802 1737 prout
841 1663 881 1720 ad
920 1677 976 1720 nos
1007 1662 1147 1736 pertinet,
1182 1663 1212 1719 in
1248 1667 1398 1735 quantum
1428 1661 1597 1735 potuimus,
1619 1662 1674 1717 ah

405 1769 566 1840 solvimus,
604 1771 797 1827 restituentes
836 1771 919 1843 ipsos
954 1777 984 1826 et
1015 1769 1145 1826 eandem
1176 1769 1430 1826 communitatem
1463 1769 1494 1826 in
1517 1769 1672 1840 gremium

405 1881 508 1932 sancte
539 1875 646 1934 matris
678 1876 805 1933 ecclesie
834 1883 863 1932 et
894 1875 1105 1933 communioni
1133 1875 1248 1932 Christi
1280 1873 1436 1944 fidelium;
1475 1873 1671 1931 interdictum

405 1981 624 2039 nichilominus
657 1982 897 2039 ecclesiasticum
933 1980 972 2038 de
1007 1980 1153 2038 mandato
1176 1981 1272 2054 ipsius
1296 1980 1413 2038 domini
1435 1979 1584 2062 Johannis
1608 1980 1673 2052 epi-

405 2088 492 2161 scopi
530 2095 724 2145 removentes
754 2088 795 2144 ab
834 2087 958 2144 eisdem.
995 2086 1027 2143 ln
1058 2102 1193 2159 quorum
1234 2087 1374 2144 omnium
1413 2091 1443 2142 et
1477 2085 1672 2157 singulorum

405 2193 631 2267 premissorum
655 2193 865 2251 testimonium
885 2201 1041 2266 presentes
1066 2194 1184 2250 litteras
1201 2193 1268 2251 fieri
1287 2191 1415 2250 fecimus
1438 2207 1494 2266 per
1517 2191 1673 2249 Thomam

405 2299 501 2372 Ysipi,
525 2300 681 2357 notarium
705 2301 865 2374 publicum
890 2307 921 2356 et
944 2305 1084 2356 nostrum
1115 2299 1146 2356 in
1177 2300 1235 2356 hac
1266 2305 1353 2371 parte
1375 2299 1510 2354 scribam
1534 2299 1674 2355 subsrihi

406 2412 436 2462 et
459 2407 614 2480 publicari
639 2405 863 2476 mandavimus,
887 2406 1046 2478 sigillique
1070 2405 1166 2462 nostri
1188 2405 1315 2462 maioris
1338 2404 1526 2477 appensione
1549 2405 1673 2461 muniri.

405 2511 523 2568 Datum
544 2521 574 2568 et
597 2518 700 2569 actum
722 2511 880 2584 Zagrabie‚
905 2512 982 2581 loco,
1005 2510 1055 2568 die
1078 2517 1108 2568 et
1131 2525 1244 2580 mense,
1268 2509 1422 2584 predictis.
1443 2513 1532 2567 Anno
1554 2509 1674 2567 domini

406 2617 576 2675 millesimo
600 2617 678 2675 CCC
701 2619 900 2691 nonagesimo
923 2619 1066 2690 septim0,
1089 2615 1258 2674 indiccione
1282 2618 1398 2689 quinta,
1415 2618 1490 2674 hora
1506 2618 1673 2674 terciarum

406 2725 458 2782 vel
482 2726 578 2798 quasi.
603 2723 801 2782 Pontificatus
824 2725 1008 2782 sanctissimi
1038 2723 1068 2781 in
1100 2723 1224 2780 Christo
1252 2725 1348 2796 patris
1371 2731 1401 2780 et
1424 2723 1542 2780 domini
1567 2725 1674 2794 nostri,

406 2831 524 2889 domini
548 2829 705 2902 Bonifacii‚
729 2829 834 2888 divina
860 2830 1059 2904 providencia
1092 2838 1173 2904 pape
1197 2831 1276 2894 noni,
1301 2845 1381 2887 anno
1404 2837 1522 2888 octavo,
1548 2829 1674 2886 Presen·

406 2937 489 2994 tibus
513 2937 617 3010 itaque
639 2937 780 2994 discretis
803 2937 887 3007 viris,
921 2937 1063 3007 dominis,
1097 2937 1194 3008 Petr0‚
1227 2935 1314 2993 Pauli
1337 2942 1368 2992 et
1389 2935 1515 3018 Jacobo,
1543 2935 1673 3007 Nioolai,
1779 2976 1781 2979 -

405 3045 577 3102 rectoribus
601 3043 720 3118 prefate
743 3045 870 3101 ecclesie
895 3044 976 3101 beati
1001 3044 1105 3113 Marci,
1128 3050 1158 3100 et
1183 3043 1314 3100 Martino
1338 3041 1466 3102 Nioolai.
1491 3042 1674 3115 presbiteris

405 3151 612 3223 zagrabiensis
635 3150 783 3222 dyocesis,
809 3151 936 3208 testibus
967 3149 1132 3223 fidedignis
1164 3149 1203 3206 ad
1237 3149 1387 3222 premissa
1410 3147 1544 3206 videnda
1566 3155 1597 3206 et
1619 3163 1674 3206 au-

406 3257 519 3316 dienda
541 3259 659 3316 vocatis
681 3258 857 3331 specialiter
880 3263 910 3315 et
932 3257 1056 3330 rogatis.

498 3391 638 3458 Originale
657 3392 684 3442 in
703 3393 861 3441 membrana.
881 3395 904 3442 A
924 3406 988 3441 zona
1005 3391 1105 3440 sericea
1123 3393 1254 3456 appendet
1273 3389 1400 3456 sigillum.
1422 3393 1504 3441 Adest
1520 3405 1627 3454 quoque
1645 3390 1673 3440 in

407 3487 573 3546 transumpto
592 3496 649 3531 ven.
672 3480 782 3546 capituli
806 3481 910 3546 zagrab.
936 3479 963 3530 in
989 3479 1098 3530 archivo
1123 3479 1240 3530 eiusdem
1266 3479 1326 3530 t'asc.
1353 3481 1377 3528 6.
1397 3497 1435 3530 nr.
1457 3490 1494 3543 19.
1515 3495 1546 3529 ac
1564 3479 1591 3529 in
1610 3479 1672 3528 iasc.

410 3577 448 3620 ro
467 3583 507 3619 nr.
529 3578 568 3631 14

991 3780 1085 3848 407.

512 3923 589 3972 Anno
611 3929 685 3985 1397,
703 3923 727 3973 8-
747 3921 817 3972 maii.
836 3921 990 3988 Zagrabiae.

406 4047 547 4108 llh'colaus
569 4051 602 4108 dc
631 4049 718 4108 Gara
741 4050 834 4108 banus
856 4050 964 4108 civt'bus
993 4050 1200 4108 Grechensibus
1230 4052 1381 4108 tcrnrinum
1403 4055 1433 4108 in
1464 4070 1562 4124 causa,
1585 4073 1672 4127 qaum

596 4156 721 4230 agebant
741 4163 841 4213 contra
864 4155 1002 4230 quosdam
1025 4157 1136 4214 colonos
1157 4156 1192 4214 de
1221 4155 1313 4227 Odra,
1326 4166 1480 4232 prorogat.

495 4317 558 4376 Nos
581 4317 727 4376 Nicolaus
750 4317 788 4375 de
811 4317 903 4390 Gara,
926 4335 1093 4392 regnorum
1117 4319 1287 4393 Sclauonie,
1307 4321 1468 4379 Dalmacie
1491 4329 1522 4379 et
1544 4321 1673 4380 Croacie

407 4425 513 4482 banus.
536 4423 655 4482 Damus
677 4440 736 4498 pro
758 4425 918 4497 memoria,
942 4425 1026 4500 quod
1050 4441 1184 4498 causam,
1208 4441 1303 4499 quam
1326 4426 1427 4498 iudex,
1450 4428 1550 4500 iurati,
1574 4430 1672 4486 consi·

406 4530 489 4588 liarii
512 4535 542 4587 et
564 4531 701 4588 universi
723 4531 808 4588 cives
831 4532 945 4590 montis
967 4531 1159 4604 Grechensis,
1181 4547 1240 4606 pro
1263 4533 1377 4606 quibus
1410 4533 1564 4605 Nicolaus,
1587 4534 1673 4592 filius

406 4635 489 4694 Petri
505 4635 544 4694 de
559 4635 774 4709 Glogounicha
798 4653 870 4696 cum
889 4639 1110 4712 procuratoriis
1125 4639 1236 4697 litteris
1252 4639 1433 4698 eorumdem
1455 4640 1550 4698 astitit
1566 4647 1672 4698 contra

406 4740 599 4816 Stephanum
621 4748 651 4800 et
673 4741 862 4816 Iadislaum,
893 4743 976 4802 filios
1005 4743 1162 4802 Benedicti
1192 4752 1222 4803 et
1253 4745 1447 4819 Gregorium‚
1479 4746 1581 4803 filium
1606 4748 1672 4818 My-

407 4847 524 4906 chaelis
547 4847 585 4904 de
608 4846 700 4920 Odra,
723 4849 930 4922 personaliter
953 4856 1173 4924 comparentes,
1198 4851 1283 4909 iuxta
1309 4852 1531 4910 continenciam
1555 4853 1672 4911 littera·

408 4966 480 5010 rum
503 4951 621 5010 domini
644 4952 769 5026 Detrici,
792 4953 916 5029 pridem
939 4954 1013 5014 dicti
1043 4955 1131 5028 regni
1160 4954 1323 5016 Sclauonie
1348 4957 1421 5016 bani
1443 4959 1673 5032 prorogatoria·
