<?xml version="1.0" encoding="UTF-8"?>
<!DOCTYPE html PUBLIC "-//W3C//DTD XHTML 1.0 Transitional//EN"
    "http://www.w3.org/TR/xhtml1/DTD/xhtml1-transitional.dtd">
<html xmlns="http://www.w3.org/1999/xhtml" xml:lang="en" lang="en">
 <head>
  <title>
</title>
<meta http-equiv="Content-Type" content="text/html;charset=utf-8" />
  <meta name='ocr-system' content='tesseract 3.04.00' />
  <meta name='ocr-capabilities' content='ocr_page ocr_carea ocr_par ocr_line ocrx_word'/>
</head>
<body>
  <div class='ocr_page' id='page_1' title='image "./monumentahistor18laszgoog_0367.png"; bbox 0 0 3600 5804; ppageno 0'>
   <div class='ocr_carea' id='block_1_1' title="bbox 577 547 1002 634">
    <p class='ocr_par' dir='ltr' id='par_1_1' title="bbox 577 547 1002 634">
     <span class='ocr_line' id='line_1_1' title="bbox 577 547 1002 634; baseline 0.005 -30"><span class='ocrx_word' id='word_1_1' title='bbox 577 547 649 634; x_wconf 63' lang='lat' dir='ltr'>Dor.</span> <span class='ocrx_word' id='word_1_2' title='bbox 674 557 741 624; x_wconf 73' lang='lat'><em>147.</em></span> <span class='ocrx_word' id='word_1_3' title='bbox 769 579 805 588; x_wconf 94' lang='lat'><em>-</em></span> <span class='ocrx_word' id='word_1_4' title='bbox 831 547 887 604; x_wconf 85' lang='lat' dir='ltr'>An.</span> <span class='ocrx_word' id='word_1_5' title='bbox 911 547 1002 626; x_wconf 76' lang='lat'><em>1328.</em></span> 
     </span>
    </p>
   </div>
   <div class='ocr_carea' id='block_1_2' title="bbox 262 740 828 946">
    <p class='ocr_par' dir='ltr' id='par_1_2' title="bbox 262 740 828 946">
     <span class='ocr_line' id='line_1_2' title="bbox 741 740 828 808; baseline 0.011 -3"><span class='ocrx_word' id='word_1_6' title='bbox 741 740 828 808; x_wconf 80' lang='lat'>147.</span> 
     </span>
     <span class='ocr_line' id='line_1_3' title="bbox 262 879 816 946; baseline 0.005 -17"><span class='ocrx_word' id='word_1_7' title='bbox 262 881 336 929; x_wconf 79' lang='lat' dir='ltr'>Anno</span> <span class='ocrx_word' id='word_1_8' title='bbox 358 881 432 938; x_wconf 76' lang='lat'>1328,</span> <span class='ocrx_word' id='word_1_9' title='bbox 453 889 496 938; x_wconf 81' lang='lat'>25.</span> <span class='ocrx_word' id='word_1_10' title='bbox 517 879 643 931; x_wconf 80' lang='lat' dir='ltr'>octobris.</span> <span class='ocrx_word' id='word_1_11' title='bbox 662 880 816 946; x_wconf 82' lang='lat' dir='ltr'>Zagrabiae.</span> 
     </span>
    </p>
   </div>
   <div class='ocr_carea' id='block_1_3' title="bbox 223 1005 1352 1190">
    <p class='ocr_par' dir='ltr' id='par_1_3' title="bbox 223 1005 1352 1190">
     <span class='ocr_line' id='line_1_4' title="bbox 223 1005 1352 1090; baseline 0.009 -28"><span class='ocrx_word' id='word_1_12' title='bbox 223 1005 318 1063; x_wconf 72' lang='lat' dir='ltr'>Mikil</span> <span class='ocrx_word' id='word_1_13' title='bbox 335 1009 420 1065; x_wconf 64' lang='lat' dir='ltr'>tonas</span> <span class='ocrx_word' id='word_1_14' title='bbox 443 1006 601 1066; x_wconf 84' lang='lat' dir='ltr'>Slavoniae</span> <span class='ocrx_word' id='word_1_15' title='bbox 622 1007 722 1078; x_wconf 83' lang='lat' dir='ltr'>banus,</span> <span class='ocrx_word' id='word_1_16' title='bbox 746 1009 859 1066; x_wconf 85' lang='lat' dir='ltr'>modum</span> <span class='ocrx_word' id='word_1_17' title='bbox 874 1013 1064 1084; x_wconf 79' lang='lat' dir='ltr'>persolvendi</span> <span class='ocrx_word' id='word_1_18' title='bbox 1083 1013 1204 1072; x_wconf 70' lang='lat' dir='ltr'>decimas</span> <span class='ocrx_word' id='word_1_19' title='bbox 1226 1015 1352 1090; x_wconf 65' lang='lat' dir='ltr'>episopo</span> 
     </span>
     <span class='ocr_line' id='line_1_5' title="bbox 630 1115 947 1190; baseline 0.013 -20"><span class='ocrx_word' id='word_1_20' title='bbox 630 1115 747 1188; x_wconf 77' lang='lat' dir='ltr'>zagrab.</span> <span class='ocrx_word' id='word_1_21' title='bbox 764 1117 947 1190; x_wconf 81' lang='lat' dir='ltr'>praescribit.</span> 
     </span>
    </p>
   </div>
   <div class='ocr_carea' id='block_1_4' title="bbox 160 1257 1487 5044">
    <p class='ocr_par' dir='ltr' id='par_1_4' title="bbox 160 1257 1487 5044">
     <span class='ocr_line' id='line_1_6' title="bbox 244 1257 1420 1334; baseline 0.008 -19"><span class='ocrx_word' id='word_1_22' title='bbox 244 1257 355 1331; x_wconf 86' lang='lat' dir='ltr'>Mykcb</span> <span class='ocrx_word' id='word_1_23' title='bbox 377 1260 478 1316; x_wconf 90' lang='lat' dir='ltr'>banus</span> <span class='ocrx_word' id='word_1_24' title='bbox 500 1259 599 1316; x_wconf 89' lang='lat' dir='ltr'>tocius</span> <span class='ocrx_word' id='word_1_25' title='bbox 622 1257 792 1317; x_wconf 89' lang='lat' dir='ltr'>Sclauonie.</span> <span class='ocrx_word' id='word_1_26' title='bbox 817 1259 978 1319; x_wconf 92' lang='lat' dir='ltr'>Universis</span> <span class='ocrx_word' id='word_1_27' title='bbox 1007 1263 1175 1334; x_wconf 90' lang='lat' dir='ltr'>nobilibus,</span> <span class='ocrx_word' id='word_1_28' title='bbox 1199 1265 1319 1323; x_wconf 88' lang='lat' dir='ltr'>civibus</span> <span class='ocrx_word' id='word_1_29' title='bbox 1342 1266 1420 1324; x_wconf 93' lang='lat' dir='ltr'>libe-</span> 
     </span>
     <span class='ocr_line' id='line_1_7' title="bbox 163 1365 1418 1438; baseline 0.007 -18"><span class='ocrx_word' id='word_1_30' title='bbox 163 1379 260 1421; x_wconf 86' lang='lat' dir='ltr'>rarum</span> <span class='ocrx_word' id='word_1_31' title='bbox 283 1365 431 1422; x_wconf 90' lang='lat' dir='ltr'>villarum</span> <span class='ocrx_word' id='word_1_32' title='bbox 455 1370 486 1422; x_wconf 93' lang='lat' dir='ltr'>et</span> <span class='ocrx_word' id='word_1_33' title='bbox 509 1365 578 1422; x_wconf 90' lang='lat' dir='ltr'>aliis</span> <span class='ocrx_word' id='word_1_34' title='bbox 601 1365 810 1438; x_wconf 86' lang='lat' dir='ltr'>cuiuscunque</span> <span class='ocrx_word' id='word_1_35' title='bbox 833 1371 930 1424; x_wconf 87' lang='lat' dir='ltr'>status</span> <span class='ocrx_word' id='word_1_36' title='bbox 952 1367 1006 1425; x_wconf 92' lang='lat' dir='ltr'>vel</span> <span class='ocrx_word' id='word_1_37' title='bbox 1029 1367 1216 1428; x_wconf 90' lang='lat' dir='ltr'>condicionis</span> <span class='ocrx_word' id='word_1_38' title='bbox 1239 1371 1418 1429; x_wconf 91' lang='lat' dir='ltr'>bominibus</span> 
     </span>
     <span class='ocr_line' id='line_1_8' title="bbox 164 1467 1418 1546; baseline 0.006 -20"><span class='ocrx_word' id='word_1_39' title='bbox 164 1469 191 1526; x_wconf 92' lang='lat' dir='ltr'>in</span> <span class='ocrx_word' id='word_1_40' title='bbox 213 1467 340 1526; x_wconf 90' lang='lat' dir='ltr'>dioecesi</span> <span class='ocrx_word' id='word_1_41' title='bbox 354 1471 547 1542; x_wconf 89' lang='lat' dir='ltr'>zagrabiensi</span> <span class='ocrx_word' id='word_1_42' title='bbox 563 1471 744 1542; x_wconf 89' lang='lat' dir='ltr'>constitutis,</span> <span class='ocrx_word' id='word_1_43' title='bbox 760 1472 874 1545; x_wconf 91' lang='lat' dir='ltr'>quibus</span> <span class='ocrx_word' id='word_1_44' title='bbox 890 1477 1046 1546; x_wconf 88' lang='lat' dir='ltr'><strong>presentes</strong></span> <span class='ocrx_word' id='word_1_45' title='bbox 1061 1474 1273 1546; x_wconf 89' lang='lat' dir='ltr'>ostenduntur,</span> <span class='ocrx_word' id='word_1_46' title='bbox 1286 1476 1418 1534; x_wconf 90' lang='lat' dir='ltr'>salutem</span> 
     </span>
     <span class='ocr_line' id='line_1_9' title="bbox 163 1575 1421 1652; baseline 0.007 -21"><span class='ocrx_word' id='word_1_47' title='bbox 163 1591 228 1632; x_wconf 92' lang='lat' dir='ltr'>cum</span> <span class='ocrx_word' id='word_1_48' title='bbox 250 1575 371 1634; x_wconf 91' lang='lat' dir='ltr'>honore.</span> <span class='ocrx_word' id='word_1_49' title='bbox 395 1575 548 1648; x_wconf 85' lang='lat' dir='ltr'>Quamvis</span> <span class='ocrx_word' id='word_1_50' title='bbox 570 1577 656 1634; x_wconf 92' lang='lat' dir='ltr'>iuxta</span> <span class='ocrx_word' id='word_1_51' title='bbox 678 1577 800 1648; x_wconf 90' lang='lat' dir='ltr'>regium</span> <span class='ocrx_word' id='word_1_52' title='bbox 825 1584 1008 1652; x_wconf 84' lang='lat' dir='ltr'>preceptum</span> <span class='ocrx_word' id='word_1_53' title='bbox 1030 1579 1070 1637; x_wconf 92' lang='lat' dir='ltr'>ad</span> <span class='ocrx_word' id='word_1_54' title='bbox 1093 1579 1259 1638; x_wconf 87' lang='lat' dir='ltr'>solvendas</span> <span class='ocrx_word' id='word_1_55' title='bbox 1287 1581 1421 1640; x_wconf 91' lang='lat' dir='ltr'>decimas</span> 
     </span>
     <span class='ocr_line' id='line_1_10' title="bbox 163 1679 1420 1759; baseline 0.006 -20"><span class='ocrx_word' id='word_1_56' title='bbox 163 1683 294 1740; x_wconf 89' lang='lat' dir='ltr'>omnium</span> <span class='ocrx_word' id='word_1_57' title='bbox 316 1699 421 1740; x_wconf 89' lang='lat' dir='ltr'>rerum</span> <span class='ocrx_word' id='word_1_58' title='bbox 445 1683 476 1740; x_wconf 90' lang='lat' dir='ltr'>in</span> <span class='ocrx_word' id='word_1_59' title='bbox 499 1683 609 1757; x_wconf 90' lang='lat' dir='ltr'>specie,</span> <span class='ocrx_word' id='word_1_60' title='bbox 633 1683 805 1740; x_wconf 81' lang='lat' dir='ltr'>venerabili</span> <span class='ocrx_word' id='word_1_61' title='bbox 828 1685 859 1741; x_wconf 90' lang='lat' dir='ltr'>in</span> <span class='ocrx_word' id='word_1_62' title='bbox 882 1683 1007 1742; x_wconf 90' lang='lat' dir='ltr'>Christo</span> <span class='ocrx_word' id='word_1_63' title='bbox 1035 1686 1118 1759; x_wconf 89' lang='lat' dir='ltr'>patri</span> <span class='ocrx_word' id='word_1_64' title='bbox 1147 1679 1292 1746; x_wconf 89' lang='lat' dir='ltr'>Ladizlao</span> <span class='ocrx_word' id='word_1_65' title='bbox 1315 1687 1365 1746; x_wconf 89' lang='lat' dir='ltr'>dei</span> <span class='ocrx_word' id='word_1_66' title='bbox 1390 1694 1420 1745; x_wconf 88' lang='lat' dir='ltr'>et</span> 
     </span>
     <span class='ocr_line' id='line_1_11' title="bbox 162 1788 1420 1862; baseline 0.006 -18"><span class='ocrx_word' id='word_1_67' title='bbox 162 1789 322 1861; x_wconf 89' lang='lat' dir='ltr'>apostolice</span> <span class='ocrx_word' id='word_1_68' title='bbox 344 1789 426 1847; x_wconf 92' lang='lat' dir='ltr'>sedis</span> <span class='ocrx_word' id='word_1_69' title='bbox 451 1789 554 1861; x_wconf 86' lang='lat' dir='ltr'>gracia</span> <span class='ocrx_word' id='word_1_70' title='bbox 576 1788 723 1862; x_wconf 91' lang='lat' dir='ltr'>episcopo</span> <span class='ocrx_word' id='word_1_71' title='bbox 746 1790 938 1861; x_wconf 89' lang='lat' dir='ltr'>zagrabiensi</span> <span class='ocrx_word' id='word_1_72' title='bbox 961 1797 991 1848; x_wconf 88' lang='lat' dir='ltr'>et</span> <span class='ocrx_word' id='word_1_73' title='bbox 1014 1792 1079 1849; x_wconf 93' lang='lat' dir='ltr'>eius</span> <span class='ocrx_word' id='word_1_74' title='bbox 1105 1791 1234 1850; x_wconf 88' lang='lat' dir='ltr'>ecclesie</span> <span class='ocrx_word' id='word_1_75' title='bbox 1257 1809 1314 1852; x_wconf 90' lang='lat' dir='ltr'>vos</span> <span class='ocrx_word' id='word_1_76' title='bbox 1337 1809 1420 1851; x_wconf 91' lang='lat' dir='ltr'>com·</span> 
     </span>
     <span class='ocr_line' id='line_1_12' title="bbox 163 1894 1417 1973; baseline 0.006 -22"><span class='ocrx_word' id='word_1_77' title='bbox 163 1895 272 1967; x_wconf 88' lang='lat' dir='ltr'>pellere</span> <span class='ocrx_word' id='word_1_78' title='bbox 288 1901 455 1966; x_wconf 88' lang='lat' dir='ltr'>teneamur,</span> <span class='ocrx_word' id='word_1_79' title='bbox 479 1895 557 1952; x_wconf 90' lang='lat' dir='ltr'>sicut</span> <span class='ocrx_word' id='word_1_80' title='bbox 580 1894 679 1951; x_wconf 90' lang='lat' dir='ltr'>eciam</span> <span class='ocrx_word' id='word_1_81' title='bbox 702 1895 743 1951; x_wconf 92' lang='lat' dir='ltr'>ab</span> <span class='ocrx_word' id='word_1_82' title='bbox 766 1895 829 1952; x_wconf 92' lang='lat' dir='ltr'>alio</span> <span class='ocrx_word' id='word_1_83' title='bbox 852 1911 932 1953; x_wconf 92' lang='lat' dir='ltr'>anno</span> <span class='ocrx_word' id='word_1_84' title='bbox 955 1898 1045 1954; x_wconf 92' lang='lat' dir='ltr'>vobis</span> <span class='ocrx_word' id='word_1_85' title='bbox 1068 1897 1207 1968; x_wconf 93' lang='lat' dir='ltr'>innotuit,</span> <span class='ocrx_word' id='word_1_86' title='bbox 1231 1899 1298 1973; x_wconf 90' lang='lat' dir='ltr'>ipse</span> <span class='ocrx_word' id='word_1_87' title='bbox 1313 1905 1417 1958; x_wconf 89' lang='lat' dir='ltr'>tamen</span> 
     </span>
     <span class='ocr_line' id='line_1_13' title="bbox 162 1998 1415 2076; baseline 0.006 -20"><span class='ocrx_word' id='word_1_88' title='bbox 162 1998 297 2058; x_wconf 88' lang='lat' dir='ltr'>dominus</span> <span class='ocrx_word' id='word_1_89' title='bbox 319 2002 484 2075; x_wconf 89' lang='lat' dir='ltr'>episcopus</span> <span class='ocrx_word' id='word_1_90' title='bbox 500 2016 571 2057; x_wconf 90' lang='lat' dir='ltr'>cum</span> <span class='ocrx_word' id='word_1_91' title='bbox 587 2015 642 2058; x_wconf 90' lang='lat' dir='ltr'>suo</span> <span class='ocrx_word' id='word_1_92' title='bbox 658 2000 795 2074; x_wconf 91' lang='lat' dir='ltr'>capitulo</span> <span class='ocrx_word' id='word_1_93' title='bbox 811 1999 850 2058; x_wconf 92' lang='lat' dir='ltr'>ad</span> <span class='ocrx_word' id='word_1_94' title='bbox 867 2001 1132 2076; x_wconf 90' lang='lat' dir='ltr'>supplicacionem</span> <span class='ocrx_word' id='word_1_95' title='bbox 1148 2009 1285 2062; x_wconf 91' lang='lat' dir='ltr'>vestram</span> <span class='ocrx_word' id='word_1_96' title='bbox 1306 2005 1415 2064; x_wconf 92' lang='lat' dir='ltr'>volens</span> 
     </span>
     <span class='ocr_line' id='line_1_14' title="bbox 162 2106 1417 2185; baseline 0.005 -22"><span class='ocrx_word' id='word_1_97' title='bbox 162 2107 230 2165; x_wconf 89' lang='lat' dir='ltr'>mite</span> <span class='ocrx_word' id='word_1_98' title='bbox 242 2123 330 2181; x_wconf 90' lang='lat' dir='ltr'>agere</span> <span class='ocrx_word' id='word_1_99' title='bbox 345 2109 518 2178; x_wconf 90' lang='lat' dir='ltr'>vobiscum,</span> <span class='ocrx_word' id='word_1_100' title='bbox 536 2106 706 2164; x_wconf 89' lang='lat' dir='ltr'>secundum</span> <span class='ocrx_word' id='word_1_101' title='bbox 723 2106 954 2182; x_wconf 85' lang='lat' dir='ltr'>infrascriptam</span> <span class='ocrx_word' id='word_1_102' title='bbox 973 2111 1166 2168; x_wconf 88' lang='lat' dir='ltr'>taxacionem</span> <span class='ocrx_word' id='word_1_103' title='bbox 1181 2111 1265 2185; x_wconf 92' lang='lat' dir='ltr'>ipsas</span> <span class='ocrx_word' id='word_1_104' title='bbox 1281 2111 1417 2169; x_wconf 91' lang='lat' dir='ltr'>decimas</span> 
     </span>
     <span class='ocr_line' id='line_1_15' title="bbox 161 2212 1417 2292; baseline 0.006 -23"><span class='ocrx_word' id='word_1_105' title='bbox 161 2213 317 2272; x_wconf 89' lang='lat' dir='ltr'>solvendas</span> <span class='ocrx_word' id='word_1_106' title='bbox 338 2231 396 2290; x_wconf 91' lang='lat' dir='ltr'>per</span> <span class='ocrx_word' id='word_1_107' title='bbox 419 2229 475 2271; x_wconf 90' lang='lat' dir='ltr'>vos</span> <span class='ocrx_word' id='word_1_108' title='bbox 498 2213 651 2270; x_wconf 91' lang='lat' dir='ltr'>consensit</span> <span class='ocrx_word' id='word_1_109' title='bbox 674 2219 704 2269; x_wconf 89' lang='lat' dir='ltr'>et</span> <span class='ocrx_word' id='word_1_110' title='bbox 727 2212 862 2284; x_wconf 87' lang='lat' dir='ltr'>admisit,</span> <span class='ocrx_word' id='word_1_111' title='bbox 885 2220 920 2271; x_wconf 93' lang='lat' dir='ltr'>ut</span> <span class='ocrx_word' id='word_1_112' title='bbox 943 2215 1089 2274; x_wconf 89' lang='lat' dir='ltr'>videlicet</span> <span class='ocrx_word' id='word_1_113' title='bbox 1110 2216 1150 2273; x_wconf 93' lang='lat' dir='ltr'>de</span> <span class='ocrx_word' id='word_1_114' title='bbox 1172 2217 1303 2290; x_wconf 89' lang='lat' dir='ltr'>singulis</span> <span class='ocrx_word' id='word_1_115' title='bbox 1329 2233 1417 2292; x_wconf 89' lang='lat' dir='ltr'>cape·</span> 
     </span>
     <span class='ocr_line' id='line_1_16' title="bbox 161 2318 1420 2394; baseline 0.004 -18"><span class='ocrx_word' id='word_1_116' title='bbox 161 2318 210 2376; x_wconf 91' lang='lat' dir='ltr'>ciis</span> <span class='ocrx_word' id='word_1_117' title='bbox 231 2319 382 2391; x_wconf 84' lang='lat' dir='ltr'>frumenii,</span> <span class='ocrx_word' id='word_1_118' title='bbox 405 2319 545 2392; x_wconf 87' lang='lat' dir='ltr'>siliginis.</span> <span class='ocrx_word' id='word_1_119' title='bbox 567 2318 662 2388; x_wconf 90' lang='lat' dir='ltr'>ordei,</span> <span class='ocrx_word' id='word_1_120' title='bbox 694 2333 800 2390; x_wconf 83' lang='lat' dir='ltr'>avene,</span> <span class='ocrx_word' id='word_1_121' title='bbox 832 2319 913 2378; x_wconf 91' lang='lat' dir='ltr'>milii</span> <span class='ocrx_word' id='word_1_122' title='bbox 943 2326 973 2377; x_wconf 90' lang='lat' dir='ltr'>et</span> <span class='ocrx_word' id='word_1_123' title='bbox 1003 2321 1130 2379; x_wconf 90' lang='lat' dir='ltr'>alterius</span> <span class='ocrx_word' id='word_1_124' title='bbox 1158 2322 1247 2394; x_wconf 90' lang='lat' dir='ltr'>milii,</span> <span class='ocrx_word' id='word_1_125' title='bbox 1271 2321 1420 2381; x_wconf 86' lang='lat' dir='ltr'>borkules</span> 
     </span>
     <span class='ocr_line' id='line_1_17' title="bbox 161 2425 1417 2503; baseline 0.005 -23"><span class='ocrx_word' id='word_1_126' title='bbox 161 2425 311 2498; x_wconf 84' lang='lat' dir='ltr'>wlgariter</span> <span class='ocrx_word' id='word_1_127' title='bbox 332 2425 415 2498; x_wconf 89' lang='lat' dir='ltr'>dicti,</span> <span class='ocrx_word' id='word_1_128' title='bbox 440 2441 476 2482; x_wconf 91' lang='lat' dir='ltr'>ac</span> <span class='ocrx_word' id='word_1_129' title='bbox 499 2425 640 2497; x_wconf 90' lang='lat' dir='ltr'>surgonis</span> <span class='ocrx_word' id='word_1_130' title='bbox 663 2441 760 2498; x_wconf 91' lang='lat' dir='ltr'>usque</span> <span class='ocrx_word' id='word_1_131' title='bbox 777 2425 891 2483; x_wconf 81' lang='lat' dir='ltr'>festum</span> <span class='ocrx_word' id='word_1_132' title='bbox 906 2427 989 2484; x_wconf 89' lang='lat' dir='ltr'>beati</span> <span class='ocrx_word' id='word_1_133' title='bbox 1008 2427 1132 2485; x_wconf 87' lang='lat' dir='ltr'>Martini</span> <span class='ocrx_word' id='word_1_134' title='bbox 1148 2427 1331 2486; x_wconf 87' lang='lat' dir='ltr'>confessoris</span> <span class='ocrx_word' id='word_1_135' title='bbox 1347 2445 1417 2503; x_wconf 89' lang='lat' dir='ltr'>per-</span> 
     </span>
     <span class='ocr_line' id='line_1_18' title="bbox 160 2531 1487 2606; baseline 0.003 -18"><span class='ocrx_word' id='word_1_136' title='bbox 160 2533 313 2590; x_wconf 85' lang='lat' dir='ltr'>solvantur</span> <span class='ocrx_word' id='word_1_137' title='bbox 334 2549 387 2590; x_wconf 86' lang='lat' dir='ltr'>sex</span> <span class='ocrx_word' id='word_1_138' title='bbox 411 2532 529 2590; x_wconf 90' lang='lat' dir='ltr'>denarii</span> <span class='ocrx_word' id='word_1_139' title='bbox 553 2533 627 2589; x_wconf 90' lang='lat' dir='ltr'>boni</span> <span class='ocrx_word' id='word_1_140' title='bbox 649 2531 785 2602; x_wconf 89' lang='lat' dir='ltr'>banales,</span> <span class='ocrx_word' id='word_1_141' title='bbox 810 2547 944 2605; x_wconf 91' lang='lat' dir='ltr'>quorum</span> <span class='ocrx_word' id='word_1_142' title='bbox 967 2534 1082 2606; x_wconf 90' lang='lat' dir='ltr'>singuli</span> <span class='ocrx_word' id='word_1_143' title='bbox 1105 2535 1229 2592; x_wconf 91' lang='lat' dir='ltr'>valeant</span> <span class='ocrx_word' id='word_1_144' title='bbox 1252 2533 1415 2592; x_wconf 87' lang='lat' dir='ltr'>duodecim</span> <span class='ocrx_word' id='word_1_145' title='bbox 1484 2593 1487 2600; x_wconf 18' lang='grc' dir='ltr'><strong>Δ</strong></span> 
     </span>
     <span class='ocr_line' id='line_1_19' title="bbox 160 2637 1417 2712; baseline 0.001 -15"><span class='ocrx_word' id='word_1_146' title='bbox 160 2640 300 2712; x_wconf 86' lang='lat' dir='ltr'>parvulos</span> <span class='ocrx_word' id='word_1_147' title='bbox 322 2640 489 2712; x_wconf 89' lang='lat' dir='ltr'>bagatinos.</span> <span class='ocrx_word' id='word_1_148' title='bbox 515 2639 550 2695; x_wconf 88' lang='lat' dir='ltr'>Et</span> <span class='ocrx_word' id='word_1_149' title='bbox 573 2653 632 2711; x_wconf 89' lang='lat' dir='ltr'>pro</span> <span class='ocrx_word' id='word_1_150' title='bbox 652 2637 782 2711; x_wconf 90' lang='lat' dir='ltr'>singulis</span> <span class='ocrx_word' id='word_1_151' title='bbox 812 2638 936 2696; x_wconf 87' lang='lat' dir='ltr'>cubulis</span> <span class='ocrx_word' id='word_1_152' title='bbox 967 2639 1031 2696; x_wconf 87' lang='lat' dir='ltr'>vini</span> <span class='ocrx_word' id='word_1_153' title='bbox 1063 2638 1268 2698; x_wconf 87' lang='lat' dir='ltr'>decimalibus</span> <span class='ocrx_word' id='word_1_154' title='bbox 1299 2639 1417 2698; x_wconf 90' lang='lat' dir='ltr'>denarii</span> 
     </span>
     <span class='ocr_line' id='line_1_20' title="bbox 161 2745 1417 2820; baseline 0.002 -18"><span class='ocrx_word' id='word_1_155' title='bbox 161 2745 255 2818; x_wconf 91' lang='lat' dir='ltr'>iidem,</span> <span class='ocrx_word' id='word_1_156' title='bbox 270 2753 361 2820; x_wconf 89' lang='lat' dir='ltr'>prout</span> <span class='ocrx_word' id='word_1_157' title='bbox 376 2747 485 2804; x_wconf 91' lang='lat' dir='ltr'>vinum</span> <span class='ocrx_word' id='word_1_158' title='bbox 502 2747 533 2802; x_wconf 94' lang='lat' dir='ltr'>in</span> <span class='ocrx_word' id='word_1_159' title='bbox 550 2759 632 2802; x_wconf 90' lang='lat' dir='ltr'>novo</span> <span class='ocrx_word' id='word_1_160' title='bbox 649 2745 680 2802; x_wconf 93' lang='lat' dir='ltr'>in</span> <span class='ocrx_word' id='word_1_161' title='bbox 697 2745 783 2802; x_wconf 93' lang='lat' dir='ltr'>villis</span> <span class='ocrx_word' id='word_1_162' title='bbox 802 2746 971 2802; x_wconf 89' lang='lat' dir='ltr'>maioribus</span> <span class='ocrx_word' id='word_1_163' title='bbox 987 2747 1193 2804; x_wconf 91' lang='lat' dir='ltr'>communiter</span> <span class='ocrx_word' id='word_1_164' title='bbox 1204 2746 1329 2805; x_wconf 90' lang='lat' dir='ltr'>valebit.</span> <span class='ocrx_word' id='word_1_165' title='bbox 1343 2747 1417 2820; x_wconf 81' lang='lat' dir='ltr'>Qui·</span> 
     </span>
     <span class='ocr_line' id='line_1_21' title="bbox 162 2850 1416 2926; baseline 0.002 -19"><span class='ocrx_word' id='word_1_166' title='bbox 162 2867 284 2925; x_wconf 91' lang='lat' dir='ltr'>cumque</span> <span class='ocrx_word' id='word_1_167' title='bbox 305 2859 408 2910; x_wconf 88' lang='lat' dir='ltr'>autem</span> <span class='ocrx_word' id='word_1_168' title='bbox 431 2853 533 2926; x_wconf 90' lang='lat' dir='ltr'>ipsam</span> <span class='ocrx_word' id='word_1_169' title='bbox 559 2851 751 2908; x_wconf 89' lang='lat' dir='ltr'>solucionem</span> <span class='ocrx_word' id='word_1_170' title='bbox 773 2867 871 2923; x_wconf 90' lang='lat' dir='ltr'>usque</span> <span class='ocrx_word' id='word_1_171' title='bbox 894 2851 1011 2908; x_wconf 91' lang='lat' dir='ltr'>dictum</span> <span class='ocrx_word' id='word_1_172' title='bbox 1036 2850 1150 2910; x_wconf 82' lang='lat' dir='ltr'>festum</span> <span class='ocrx_word' id='word_1_173' title='bbox 1173 2867 1234 2910; x_wconf 88' lang='lat' dir='ltr'>non</span> <span class='ocrx_word' id='word_1_174' title='bbox 1251 2851 1365 2924; x_wconf 85' lang='lat' dir='ltr'>fecerit,</span> <span class='ocrx_word' id='word_1_175' title='bbox 1381 2857 1416 2910; x_wconf 92' lang='lat' dir='ltr'>ut</span> 
     </span>
     <span class='ocr_line' id='line_1_22' title="bbox 162 2957 1411 3030; baseline -0.001 -14"><span class='ocrx_word' id='word_1_176' title='bbox 162 2958 326 3030; x_wconf 86' lang='lat' dir='ltr'>predicitur,</span> <span class='ocrx_word' id='word_1_177' title='bbox 350 2967 463 3016; x_wconf 84' lang='lat' dir='ltr'>extunc</span> <span class='ocrx_word' id='word_1_178' title='bbox 487 2957 659 3030; x_wconf 91' lang='lat' dir='ltr'>quamlibet</span> <span class='ocrx_word' id='word_1_179' title='bbox 682 2957 839 3030; x_wconf 90' lang='lat' dir='ltr'>capeciam</span> <span class='ocrx_word' id='word_1_180' title='bbox 856 2963 885 3014; x_wconf 90' lang='lat' dir='ltr'>et</span> <span class='ocrx_word' id='word_1_181' title='bbox 901 2957 1053 3014; x_wconf 90' lang='lat' dir='ltr'>eubulum</span> <span class='ocrx_word' id='word_1_182' title='bbox 1071 2958 1134 3015; x_wconf 90' lang='lat' dir='ltr'>vini</span> <span class='ocrx_word' id='word_1_183' title='bbox 1149 2973 1221 3014; x_wconf 90' lang='lat' dir='ltr'>cum</span> <span class='ocrx_word' id='word_1_184' title='bbox 1245 2963 1411 3030; x_wconf 88' lang='lat' dir='ltr'>augmento</span> 
     </span>
     <span class='ocr_line' id='line_1_23' title="bbox 163 3063 1416 3132; baseline -0.001 -11"><span class='ocrx_word' id='word_1_185' title='bbox 163 3063 283 3122; x_wconf 91' lang='lat' dir='ltr'>duorum</span> <span class='ocrx_word' id='word_1_186' title='bbox 313 3065 513 3122; x_wconf 90' lang='lat' dir='ltr'>denariorum</span> <span class='ocrx_word' id='word_1_187' title='bbox 543 3063 665 3120; x_wconf 90' lang='lat' dir='ltr'>solvere</span> <span class='ocrx_word' id='word_1_188' title='bbox 696 3067 842 3132; x_wconf 89' lang='lat' dir='ltr'>teneatur,</span> <span class='ocrx_word' id='word_1_189' title='bbox 867 3078 937 3120; x_wconf 90' lang='lat' dir='ltr'>cum</span> <span class='ocrx_word' id='word_1_190' title='bbox 961 3068 1072 3120; x_wconf 87' lang='lat' dir='ltr'>extunc</span> <span class='ocrx_word' id='word_1_191' title='bbox 1099 3063 1230 3120; x_wconf 92' lang='lat' dir='ltr'>bladum</span> <span class='ocrx_word' id='word_1_192' title='bbox 1254 3069 1283 3120; x_wconf 93' lang='lat' dir='ltr'>et</span> <span class='ocrx_word' id='word_1_193' title='bbox 1307 3063 1416 3120; x_wconf 93' lang='lat' dir='ltr'>vinum</span> 
     </span>
     <span class='ocr_line' id='line_1_24' title="bbox 162 3168 1414 3242; baseline -0.001 -16"><span class='ocrx_word' id='word_1_194' title='bbox 162 3171 275 3229; x_wconf 90' lang='lat' dir='ltr'>maioris</span> <span class='ocrx_word' id='word_1_195' title='bbox 301 3169 456 3228; x_wconf 85' lang='lat' dir='ltr'>efficiatur</span> <span class='ocrx_word' id='word_1_196' title='bbox 483 3169 608 3239; x_wconf 71' lang='lat' dir='ltr'>valoris</span> <span class='ocrx_word' id='word_1_197' title='bbox 632 3169 826 3242; x_wconf 90' lang='lat' dir='ltr'>experiencia</span> <span class='ocrx_word' id='word_1_198' title='bbox 858 3169 916 3225; x_wconf 90' lang='lat' dir='ltr'>hoc</span> <span class='ocrx_word' id='word_1_199' title='bbox 946 3168 1105 3242; x_wconf 91' lang='lat' dir='ltr'>probante.</span> <span class='ocrx_word' id='word_1_200' title='bbox 1135 3168 1280 3226; x_wconf 92' lang='lat' dir='ltr'>Decimas</span> <span class='ocrx_word' id='word_1_201' title='bbox 1310 3173 1414 3226; x_wconf 92' lang='lat' dir='ltr'>autem</span> 
     </span>
     <span class='ocr_line' id='line_1_25' title="bbox 163 3271 1417 3348; baseline -0.002 -16"><span class='ocrx_word' id='word_1_202' title='bbox 163 3290 314 3348; x_wconf 89' lang='lat' dir='ltr'>porcomm</span> <span class='ocrx_word' id='word_1_203' title='bbox 339 3275 521 3333; x_wconf 87' lang='lat' dir='ltr'>annualium</span> <span class='ocrx_word' id='word_1_204' title='bbox 544 3279 574 3330; x_wconf 90' lang='lat' dir='ltr'>et</span> <span class='ocrx_word' id='word_1_205' title='bbox 596 3272 685 3344; x_wconf 85' lang='lat' dir='ltr'>infra,</span> <span class='ocrx_word' id='word_1_206' title='bbox 709 3274 763 3345; x_wconf 91' lang='lat' dir='ltr'>qui</span> <span class='ocrx_word' id='word_1_207' title='bbox 783 3272 928 3330; x_wconf 89' lang='lat' dir='ltr'>videlicet</span> <span class='ocrx_word' id='word_1_208' title='bbox 948 3274 1025 3330; x_wconf 90' lang='lat' dir='ltr'>alias</span> <span class='ocrx_word' id='word_1_209' title='bbox 1041 3272 1186 3330; x_wconf 90' lang='lat' dir='ltr'>decimati</span> <span class='ocrx_word' id='word_1_210' title='bbox 1209 3288 1269 3330; x_wconf 90' lang='lat' dir='ltr'>non</span> <span class='ocrx_word' id='word_1_211' title='bbox 1293 3271 1417 3330; x_wconf 84' lang='lat' dir='ltr'>suerunt</span> 
     </span>
     <span class='ocr_line' id='line_1_26' title="bbox 162 3377 1417 3456; baseline -0.002 -18"><span class='ocrx_word' id='word_1_212' title='bbox 162 3382 312 3456; x_wconf 86' lang='lat' dir='ltr'>inspecie,</span> <span class='ocrx_word' id='word_1_213' title='bbox 336 3383 388 3439; x_wconf 92' lang='lat' dir='ltr'>vel</span> <span class='ocrx_word' id='word_1_214' title='bbox 412 3397 483 3438; x_wconf 88' lang='lat' dir='ltr'>cum</span> <span class='ocrx_word' id='word_1_215' title='bbox 506 3379 640 3437; x_wconf 89' lang='lat' dir='ltr'>denariis</span> <span class='ocrx_word' id='word_1_216' title='bbox 662 3377 833 3436; x_wconf 89' lang='lat' dir='ltr'>secundum</span> <span class='ocrx_word' id='word_1_217' title='bbox 856 3378 940 3451; x_wconf 90' lang='lat' dir='ltr'>quod</span> <span class='ocrx_word' id='word_1_218' title='bbox 956 3385 1097 3452; x_wconf 89' lang='lat' dir='ltr'>tempore</span> <span class='ocrx_word' id='word_1_219' title='bbox 1113 3379 1278 3436; x_wconf 89' lang='lat' dir='ltr'>dicacionis</span> <span class='ocrx_word' id='word_1_220' title='bbox 1301 3377 1417 3448; x_wconf 89' lang='lat' dir='ltr'>valent,</span> 
     </span>
     <span class='ocr_line' id='line_1_27' title="bbox 163 3482 1416 3562; baseline -0.002 -20"><span class='ocrx_word' id='word_1_221' title='bbox 163 3483 284 3545; x_wconf 87' lang='lat' dir='ltr'>decrevit</span> <span class='ocrx_word' id='word_1_222' title='bbox 307 3485 539 3562; x_wconf 90' lang='lat' dir='ltr'>persolvendos.</span> <span class='ocrx_word' id='word_1_223' title='bbox 556 3485 602 3542; x_wconf 93' lang='lat' dir='ltr'>De</span> <span class='ocrx_word' id='word_1_224' title='bbox 624 3485 739 3542; x_wconf 90' lang='lat' dir='ltr'>troncis</span> <span class='ocrx_word' id='word_1_225' title='bbox 762 3499 838 3541; x_wconf 92' lang='lat' dir='ltr'>vero</span> <span class='ocrx_word' id='word_1_226' title='bbox 861 3501 957 3558; x_wconf 92' lang='lat' dir='ltr'>apum</span> <span class='ocrx_word' id='word_1_227' title='bbox 980 3490 1010 3541; x_wconf 93' lang='lat' dir='ltr'>et</span> <span class='ocrx_word' id='word_1_228' title='bbox 1033 3484 1071 3541; x_wconf 90' lang='lat' dir='ltr'>de</span> <span class='ocrx_word' id='word_1_229' title='bbox 1094 3484 1190 3556; x_wconf 63' lang='lat' dir='ltr'>agnis</span> <span class='ocrx_word' id='word_1_230' title='bbox 1208 3483 1348 3556; x_wconf 92' lang='lat' dir='ltr'>singulos</span> <span class='ocrx_word' id='word_1_231' title='bbox 1364 3482 1416 3539; x_wconf 92' lang='lat' dir='ltr'>de·</span> 
     </span>
     <span class='ocr_line' id='line_1_28' title="bbox 163 3589 1418 3663; baseline 0.001 -16"><span class='ocrx_word' id='word_1_232' title='bbox 163 3593 261 3663; x_wconf 89' lang='lat' dir='ltr'>uarios,</span> <span class='ocrx_word' id='word_1_233' title='bbox 275 3594 327 3651; x_wconf 91' lang='lat' dir='ltr'>vel</span> <span class='ocrx_word' id='word_1_234' title='bbox 350 3593 505 3650; x_wconf 91' lang='lat' dir='ltr'>decimum</span> <span class='ocrx_word' id='word_1_235' title='bbox 529 3592 584 3649; x_wconf 92' lang='lat' dir='ltr'>ubi</span> <span class='ocrx_word' id='word_1_236' title='bbox 608 3597 652 3649; x_wconf 93' lang='lat' dir='ltr'>tot</span> <span class='ocrx_word' id='word_1_237' title='bbox 675 3590 797 3662; x_wconf 85' lang='lat' dir='ltr'>fuerint,</span> <span class='ocrx_word' id='word_1_238' title='bbox 822 3597 852 3649; x_wconf 94' lang='lat' dir='ltr'>et</span> <span class='ocrx_word' id='word_1_239' title='bbox 874 3590 913 3648; x_wconf 91' lang='lat' dir='ltr'>de</span> <span class='ocrx_word' id='word_1_240' title='bbox 937 3591 1002 3648; x_wconf 91' lang='lat' dir='ltr'>edis</span> <span class='ocrx_word' id='word_1_241' title='bbox 1026 3590 1165 3649; x_wconf 90' lang='lat' dir='ltr'>medium</span> <span class='ocrx_word' id='word_1_242' title='bbox 1187 3589 1348 3648; x_wconf 90' lang='lat' dir='ltr'>denarium</span> <span class='ocrx_word' id='word_1_243' title='bbox 1366 3592 1418 3649; x_wconf 91' lang='lat' dir='ltr'>vel</span> 
     </span>
     <span class='ocr_line' id='line_1_29' title="bbox 163 3697 1417 3772; baseline 0.002 -18"><span class='ocrx_word' id='word_1_244' title='bbox 163 3697 259 3756; x_wconf 89' lang='lat' dir='ltr'>eodem</span> <span class='ocrx_word' id='word_1_245' title='bbox 280 3699 376 3758; x_wconf 93' lang='lat' dir='ltr'>modo</span> <span class='ocrx_word' id='word_1_246' title='bbox 397 3699 562 3768; x_wconf 92' lang='lat' dir='ltr'>decimum,</span> <span class='ocrx_word' id='word_1_247' title='bbox 586 3700 665 3756; x_wconf 91' lang='lat' dir='ltr'>sicut</span> <span class='ocrx_word' id='word_1_248' title='bbox 689 3697 745 3756; x_wconf 88' lang='lat' dir='ltr'>fuit</span> <span class='ocrx_word' id='word_1_249' title='bbox 769 3703 798 3756; x_wconf 87' lang='lat' dir='ltr'>et</span> <span class='ocrx_word' id='word_1_250' title='bbox 828 3699 905 3756; x_wconf 89' lang='lat' dir='ltr'>alias</span> <span class='ocrx_word' id='word_1_251' title='bbox 929 3704 1118 3756; x_wconf 89' lang='lat' dir='ltr'>consvetum.</span> <span class='ocrx_word' id='word_1_252' title='bbox 1147 3698 1204 3755; x_wconf 89' lang='lat' dir='ltr'>Ille</span> <span class='ocrx_word' id='word_1_253' title='bbox 1227 3703 1339 3768; x_wconf 89' lang='lat' dir='ltr'>autem,</span> <span class='ocrx_word' id='word_1_254' title='bbox 1363 3699 1417 3772; x_wconf 90' lang='lat' dir='ltr'>qui</span> 
     </span>
     <span class='ocr_line' id='line_1_30' title="bbox 163 3803 1416 3877; baseline 0.002 -18"><span class='ocrx_word' id='word_1_255' title='bbox 163 3803 245 3862; x_wconf 90' lang='lat' dir='ltr'>nichil</span> <span class='ocrx_word' id='word_1_256' title='bbox 266 3807 295 3863; x_wconf 92' lang='lat' dir='ltr'>in</span> <span class='ocrx_word' id='word_1_257' title='bbox 312 3821 411 3863; x_wconf 89' lang='lat' dir='ltr'>messe</span> <span class='ocrx_word' id='word_1_258' title='bbox 428 3806 544 3877; x_wconf 90' lang='lat' dir='ltr'>habuit,</span> <span class='ocrx_word' id='word_1_259' title='bbox 561 3804 684 3862; x_wconf 88' lang='lat' dir='ltr'>duobus</span> <span class='ocrx_word' id='word_1_260' title='bbox 700 3803 833 3862; x_wconf 90' lang='lat' dir='ltr'>denariis</span> <span class='ocrx_word' id='word_1_261' title='bbox 849 3803 1020 3862; x_wconf 84' lang='lat' dir='ltr'>fumalibus</span> <span class='ocrx_word' id='word_1_262' title='bbox 1036 3803 1253 3862; x_wconf 90' lang='lat' dir='ltr'>tantummodo</span> <span class='ocrx_word' id='word_1_263' title='bbox 1269 3809 1416 3862; x_wconf 90' lang='lat' dir='ltr'>teneatur.</span> 
     </span>
     <span class='ocr_line' id='line_1_31' title="bbox 163 3894 1418 3986; baseline 0.004 -22"><span class='ocrx_word' id='word_1_264' title='bbox 163 3907 194 3966; x_wconf 87' lang='lat' dir='ltr'>Et</span> <span class='ocrx_word' id='word_1_265' title='bbox 211 3909 246 3968; x_wconf 91' lang='lat' dir='ltr'>de</span> <span class='ocrx_word' id='word_1_266' title='bbox 267 3913 335 3970; x_wconf 88' lang='lat' dir='ltr'>aliis</span> <span class='ocrx_word' id='word_1_267' title='bbox 358 3913 452 3970; x_wconf 91' lang='lat' dir='ltr'>rebus</span> <span class='ocrx_word' id='word_1_268' title='bbox 475 3911 622 3986; x_wconf 89' lang='lat' dir='ltr'>predictis</span> <span class='ocrx_word' id='word_1_269' title='bbox 646 3913 672 3968; x_wconf 92' lang='lat' dir='ltr'>si</span> <span class='ocrx_word' id='word_1_270' title='bbox 694 3913 763 3984; x_wconf 91' lang='lat' dir='ltr'>quis</span> <span class='ocrx_word' id='word_1_271' title='bbox 778 3894 873 3969; x_wconf 81' lang='lat' dir='ltr'>habet</span> <span class='ocrx_word' id='word_1_272' title='bbox 889 3910 1033 3982; x_wconf 88' lang='lat' dir='ltr'>decimas,</span> <span class='ocrx_word' id='word_1_273' title='bbox 1054 3912 1146 3985; x_wconf 88' lang='lat' dir='ltr'>plene</span> <span class='ocrx_word' id='word_1_274' title='bbox 1164 3911 1334 3986; x_wconf 88' lang='lat' dir='ltr'>persolvat.</span> <span class='ocrx_word' id='word_1_275' title='bbox 1350 3911 1418 3969; x_wconf 91' lang='lat' dir='ltr'>Hoc</span> 
     </span>
     <span class='ocr_line' id='line_1_32' title="bbox 163 4017 1417 4093; baseline 0.002 -21"><span class='ocrx_word' id='word_1_276' title='bbox 163 4017 247 4088; x_wconf 79' lang='lat' dir='ltr'>salva,</span> <span class='ocrx_word' id='word_1_277' title='bbox 270 4019 352 4093; x_wconf 91' lang='lat' dir='ltr'>quod</span> <span class='ocrx_word' id='word_1_278' title='bbox 377 4019 407 4076; x_wconf 93' lang='lat' dir='ltr'>in</span> <span class='ocrx_word' id='word_1_279' title='bbox 430 4019 516 4076; x_wconf 93' lang='lat' dir='ltr'>villis</span> <span class='ocrx_word' id='word_1_280' title='bbox 540 4019 647 4076; x_wconf 90' lang='lat' dir='ltr'>liberis</span> <span class='ocrx_word' id='word_1_281' title='bbox 671 4024 700 4076; x_wconf 90' lang='lat' dir='ltr'>et</span> <span class='ocrx_word' id='word_1_282' title='bbox 723 4018 901 4089; x_wconf 88' lang='lat' dir='ltr'>maioribus,</span> <span class='ocrx_word' id='word_1_283' title='bbox 919 4018 974 4074; x_wconf 91' lang='lat' dir='ltr'>ubi</span> <span class='ocrx_word' id='word_1_284' title='bbox 997 4019 1055 4075; x_wconf 91' lang='lat' dir='ltr'>hoc</span> <span class='ocrx_word' id='word_1_285' title='bbox 1073 4017 1315 4075; x_wconf 90' lang='lat' dir='ltr'>decimatoribus</span> <span class='ocrx_word' id='word_1_286' title='bbox 1330 4017 1417 4075; x_wconf 91' lang='lat' dir='ltr'>vide·</span> 
     </span>
     <span class='ocr_line' id='line_1_33' title="bbox 163 4119 1416 4202; baseline 0.001 -24"><span class='ocrx_word' id='word_1_287' title='bbox 163 4119 245 4188; x_wconf 81' lang='lat' dir='ltr'>bitur.</span> <span class='ocrx_word' id='word_1_288' title='bbox 267 4139 373 4182; x_wconf 90' lang='lat' dir='ltr'>omnes</span> <span class='ocrx_word' id='word_1_289' title='bbox 395 4141 444 4182; x_wconf 90' lang='lat' dir='ltr'>res</span> <span class='ocrx_word' id='word_1_290' title='bbox 468 4123 635 4182; x_wconf 90' lang='lat' dir='ltr'>decimales</span> <span class='ocrx_word' id='word_1_291' title='bbox 659 4123 804 4182; x_wconf 89' lang='lat' dir='ltr'>videlicet</span> <span class='ocrx_word' id='word_1_292' title='bbox 828 4125 936 4202; x_wconf 74' lang='lat' dir='ltr'>vinum</span> <span class='ocrx_word' id='word_1_293' title='bbox 967 4123 998 4180; x_wconf 92' lang='lat' dir='ltr'>in</span> <span class='ocrx_word' id='word_1_294' title='bbox 1022 4123 1157 4180; x_wconf 90' lang='lat' dir='ltr'>cellariis</span> <span class='ocrx_word' id='word_1_295' title='bbox 1179 4129 1209 4179; x_wconf 92' lang='lat' dir='ltr'>et</span> <span class='ocrx_word' id='word_1_296' title='bbox 1233 4122 1363 4180; x_wconf 92' lang='lat' dir='ltr'>bladum</span> <span class='ocrx_word' id='word_1_297' title='bbox 1385 4124 1416 4180; x_wconf 92' lang='lat' dir='ltr'>in</span> 
     </span>
     <span class='ocr_line' id='line_1_34' title="bbox 164 4229 1417 4305; baseline 0.002 -22"><span class='ocrx_word' id='word_1_298' title='bbox 164 4229 248 4286; x_wconf 86' lang='lat' dir='ltr'>urreis</span> <span class='ocrx_word' id='word_1_299' title='bbox 270 4231 300 4288; x_wconf 90' lang='lat' dir='ltr'>in</span> <span class='ocrx_word' id='word_1_300' title='bbox 323 4231 426 4305; x_wconf 90' lang='lat' dir='ltr'>specie</span> <span class='ocrx_word' id='word_1_301' title='bbox 448 4231 675 4304; x_wconf 82' lang='lat' dir='ltr'>persolvantur.</span> <span class='ocrx_word' id='word_1_302' title='bbox 708 4229 908 4303; x_wconf 81' lang='lat' dir='ltr'>Quapropter</span> <span class='ocrx_word' id='word_1_303' title='bbox 938 4231 1029 4287; x_wconf 91' lang='lat' dir='ltr'>vobis</span> <span class='ocrx_word' id='word_1_304' title='bbox 1060 4229 1212 4286; x_wconf 90' lang='lat' dir='ltr'>universis</span> <span class='ocrx_word' id='word_1_305' title='bbox 1235 4235 1265 4286; x_wconf 88' lang='lat' dir='ltr'>et</span> <span class='ocrx_word' id='word_1_306' title='bbox 1287 4229 1417 4302; x_wconf 90' lang='lat' dir='ltr'>singulis</span> 
     </span>
     <span class='ocr_line' id='line_1_35' title="bbox 164 4331 1416 4410; baseline 0.002 -21"><span class='ocrx_word' id='word_1_307' title='bbox 164 4331 260 4394; x_wconf 88' lang='lat' dir='ltr'>damus</span> <span class='ocrx_word' id='word_1_308' title='bbox 282 4337 415 4395; x_wconf 87' lang='lat' dir='ltr'>firmiter</span> <span class='ocrx_word' id='word_1_309' title='bbox 437 4337 468 4395; x_wconf 92' lang='lat' dir='ltr'>in</span> <span class='ocrx_word' id='word_1_310' title='bbox 492 4337 655 4407; x_wconf 88' lang='lat' dir='ltr'>mandatis,</span> <span class='ocrx_word' id='word_1_311' title='bbox 680 4345 830 4410; x_wconf 88' lang='lat' dir='ltr'>quatenus</span> <span class='ocrx_word' id='word_1_312' title='bbox 854 4335 989 4394; x_wconf 90' lang='lat' dir='ltr'>decimas</span> <span class='ocrx_word' id='word_1_313' title='bbox 1004 4341 1123 4393; x_wconf 89' lang='lat' dir='ltr'>vestras</span> <span class='ocrx_word' id='word_1_314' title='bbox 1139 4334 1308 4393; x_wconf 91' lang='lat' dir='ltr'>secundum</span> <span class='ocrx_word' id='word_1_315' title='bbox 1332 4339 1416 4392; x_wconf 91' lang='lat' dir='ltr'>taxa-</span> 
     </span>
     <span class='ocr_line' id='line_1_36' title="bbox 164 4439 1416 4518; baseline 0.002 -23"><span class='ocrx_word' id='word_1_316' title='bbox 164 4439 268 4500; x_wconf 90' lang='lat' dir='ltr'>cionem</span> <span class='ocrx_word' id='word_1_317' title='bbox 289 4444 475 4518; x_wconf 90' lang='lat' dir='ltr'>premissam</span> <span class='ocrx_word' id='word_1_318' title='bbox 504 4443 556 4500; x_wconf 93' lang='lat' dir='ltr'>vel</span> <span class='ocrx_word' id='word_1_319' title='bbox 579 4444 609 4500; x_wconf 96' lang='lat' dir='ltr'>in</span> <span class='ocrx_word' id='word_1_320' title='bbox 633 4443 735 4515; x_wconf 91' lang='lat' dir='ltr'>specie</span> <span class='ocrx_word' id='word_1_321' title='bbox 761 4443 848 4500; x_wconf 89' lang='lat' dir='ltr'>iuxta</span> <span class='ocrx_word' id='word_1_322' title='bbox 869 4441 1051 4498; x_wconf 92' lang='lat' dir='ltr'>mandatum</span> <span class='ocrx_word' id='word_1_323' title='bbox 1074 4441 1195 4514; x_wconf 91' lang='lat' dir='ltr'>regium</span> <span class='ocrx_word' id='word_1_324' title='bbox 1219 4441 1416 4514; x_wconf 90' lang='lat' dir='ltr'>persolvatis,</span> 
     </span>
     <span class='ocr_line' id='line_1_37' title="bbox 164 4545 1416 4625; baseline 0.002 -24"><span class='ocrx_word' id='word_1_325' title='bbox 164 4545 286 4622; x_wconf 91' lang='lat' dir='ltr'>alioquin</span> <span class='ocrx_word' id='word_1_326' title='bbox 309 4567 366 4625; x_wconf 92' lang='lat' dir='ltr'>per</span> <span class='ocrx_word' id='word_1_327' title='bbox 387 4556 507 4609; x_wconf 90' lang='lat' dir='ltr'>nostros</span> <span class='ocrx_word' id='word_1_328' title='bbox 531 4551 667 4619; x_wconf 91' lang='lat' dir='ltr'>comites,</span> <span class='ocrx_word' id='word_1_329' title='bbox 690 4549 814 4620; x_wconf 90' lang='lat' dir='ltr'>iudices,</span> <span class='ocrx_word' id='word_1_330' title='bbox 848 4548 1032 4606; x_wconf 90' lang='lat' dir='ltr'>castellanos</span> <span class='ocrx_word' id='word_1_331' title='bbox 1066 4553 1095 4604; x_wconf 92' lang='lat' dir='ltr'>et</span> <span class='ocrx_word' id='word_1_332' title='bbox 1121 4545 1271 4604; x_wconf 83' lang='lat' dir='ltr'>officiales</span> <span class='ocrx_word' id='word_1_333' title='bbox 1294 4545 1333 4604; x_wconf 90' lang='lat' dir='ltr'>ad</span> <span class='ocrx_word' id='word_1_334' title='bbox 1357 4547 1416 4604; x_wconf 89' lang='lat' dir='ltr'>hoc</span> 
     </span>
     <span class='ocr_line' id='line_1_38' title="bbox 164 4653 1415 4730; baseline 0.002 -23"><span class='ocrx_word' id='word_1_335' title='bbox 164 4657 379 4728; x_wconf 88' lang='lat' dir='ltr'>compellemini</span> <span class='ocrx_word' id='word_1_336' title='bbox 403 4655 627 4730; x_wconf 86' lang='lat' dir='ltr'>perficiendum</span> <span class='ocrx_word' id='word_1_337' title='bbox 643 4669 705 4712; x_wconf 90' lang='lat' dir='ltr'>non</span> <span class='ocrx_word' id='word_1_338' title='bbox 721 4655 786 4712; x_wconf 93' lang='lat' dir='ltr'>sine</span> <span class='ocrx_word' id='word_1_339' title='bbox 801 4660 906 4711; x_wconf 88' lang='lat' dir='ltr'>vestro</span> <span class='ocrx_word' id='word_1_340' title='bbox 926 4653 1116 4726; x_wconf 81' lang='lat' dir='ltr'>gravamine,</span> <span class='ocrx_word' id='word_1_341' title='bbox 1132 4653 1210 4710; x_wconf 90' lang='lat' dir='ltr'>sicut</span> <span class='ocrx_word' id='word_1_342' title='bbox 1225 4653 1415 4726; x_wconf 88' lang='lat' dir='ltr'>experientia</span> 
     </span>
     <span class='ocr_line' id='line_1_39' title="bbox 165 4757 1417 4833; baseline 0.003 -21"><span class='ocrx_word' id='word_1_343' title='bbox 165 4770 211 4814; x_wconf 91' lang='lat' dir='ltr'>vos</span> <span class='ocrx_word' id='word_1_344' title='bbox 232 4760 358 4820; x_wconf 89' lang='lat' dir='ltr'>docebit.</span> <span class='ocrx_word' id='word_1_345' title='bbox 382 4763 451 4820; x_wconf 88' lang='lat' dir='ltr'>Hoc</span> <span class='ocrx_word' id='word_1_346' title='bbox 472 4764 571 4820; x_wconf 90' lang='lat' dir='ltr'>eciam</span> <span class='ocrx_word' id='word_1_347' title='bbox 594 4762 684 4818; x_wconf 90' lang='lat' dir='ltr'>vobis</span> <span class='ocrx_word' id='word_1_348' title='bbox 709 4765 833 4831; x_wconf 91' lang='lat' dir='ltr'>constet,</span> <span class='ocrx_word' id='word_1_349' title='bbox 858 4759 942 4833; x_wconf 93' lang='lat' dir='ltr'>quod</span> <span class='ocrx_word' id='word_1_350' title='bbox 966 4759 1004 4817; x_wconf 92' lang='lat' dir='ltr'>de</span> <span class='ocrx_word' id='word_1_351' title='bbox 1026 4774 1174 4816; x_wconf 89' lang='lat' dir='ltr'>consensu</span> <span class='ocrx_word' id='word_1_352' title='bbox 1200 4757 1273 4815; x_wconf 90' lang='lat' dir='ltr'>dicti</span> <span class='ocrx_word' id='word_1_353' title='bbox 1297 4757 1417 4816; x_wconf 92' lang='lat' dir='ltr'>domini</span> 
     </span>
     <span class='ocr_line' id='line_1_40' title="bbox 165 4862 1416 4941; baseline -0.001 -21"><span class='ocrx_word' id='word_1_354' title='bbox 165 4863 284 4941; x_wconf 86' lang='lat' dir='ltr'>episcopi</span> <span class='ocrx_word' id='word_1_355' title='bbox 307 4875 337 4926; x_wconf 89' lang='lat' dir='ltr'>et</span> <span class='ocrx_word' id='word_1_356' title='bbox 360 4869 425 4926; x_wconf 91' lang='lat' dir='ltr'>eius</span> <span class='ocrx_word' id='word_1_357' title='bbox 448 4867 655 4941; x_wconf 89' lang='lat' dir='ltr'>zagrabiensis</span> <span class='ocrx_word' id='word_1_358' title='bbox 679 4867 807 4940; x_wconf 90' lang='lat' dir='ltr'>capituli</span> <span class='ocrx_word' id='word_1_359' title='bbox 831 4867 931 4923; x_wconf 91' lang='lat' dir='ltr'>extitit</span> <span class='ocrx_word' id='word_1_360' title='bbox 954 4864 1132 4933; x_wconf 85' lang='lat' dir='ltr'>diffinitum,</span> <span class='ocrx_word' id='word_1_361' title='bbox 1154 4862 1236 4936; x_wconf 91' lang='lat' dir='ltr'>quod</span> <span class='ocrx_word' id='word_1_362' title='bbox 1255 4863 1416 4920; x_wconf 91' lang='lat' dir='ltr'>castellani</span> 
     </span>
     <span class='ocr_line' id='line_1_41' title="bbox 165 4965 1415 5044; baseline 0.002 -19"><span class='ocrx_word' id='word_1_363' title='bbox 165 4965 196 5024; x_wconf 90' lang='lat' dir='ltr'>de</span> <span class='ocrx_word' id='word_1_364' title='bbox 215 4970 334 5032; x_wconf 87' lang='lat' dir='ltr'>decimis</span> <span class='ocrx_word' id='word_1_365' title='bbox 358 4975 566 5044; x_wconf 89' lang='lat' dir='ltr'>castrensium,</span> <span class='ocrx_word' id='word_1_366' title='bbox 591 4975 623 5032; x_wconf 89' lang='lat' dir='ltr'>in</span> <span class='ocrx_word' id='word_1_367' title='bbox 646 4974 758 5030; x_wconf 91' lang='lat' dir='ltr'>tenutis</span> <span class='ocrx_word' id='word_1_368' title='bbox 781 4977 955 5030; x_wconf 89' lang='lat' dir='ltr'>castrorum</span> <span class='ocrx_word' id='word_1_369' title='bbox 972 4971 1122 5044; x_wconf 89' lang='lat' dir='ltr'>ipsorum,</span> <span class='ocrx_word' id='word_1_370' title='bbox 1139 4968 1415 5027; x_wconf 88' lang='lat' dir='ltr'>sextamdecimam</span> 
     </span>
    </p>
   </div>
   <div class='ocr_carea' id='block_1_5' title="bbox 0 0 1806 5804">
    <p class='ocr_par' dir='ltr' id='par_1_5' title="bbox 0 0 1806 5804">
     <span class='ocr_line' id='line_1_42' title="bbox 0 0 1806 5804; baseline 0 0"><span class='ocrx_word' id='word_1_371' title='bbox 0 0 1806 5804; x_wconf 95' lang='lat' dir='ltr'> </span> 
     </span>
    </p>
   </div>
  </div>
 </body>
</html>
