3854 5806
718 579 867 638 Addenda.
894 614 931 623 -
958 581 1013 638 An.
1036 575 1126 656 1378.
1492 589 1552 658 457

293 779 381 836 ribus
404 777 515 850 ligneis
539 778 700 848 universis,
723 794 784 850 que
811 779 870 836 iuri
898 778 1017 852 prefate
1047 779 1172 838 domine
1205 780 1310 837 uxoris
1342 779 1416 836 dicti
1439 777 1556 851 Geryni

295 889 400 957 preter
423 884 523 956 ipsam
547 883 646 940 solam
671 885 795 942 stubam
819 900 959 958 parvam,
984 894 1113 960 propter
1136 887 1274 943 raciones
1290 886 1457 958 premissas
1472 900 1555 942 com-

294 996 399 1062 petere
423 988 536 1048 debere
560 997 759 1059 recensentes,
784 991 842 1064 ipsi
866 990 993 1049 domino
1015 991 1122 1049 abbati
1146 992 1263 1048 eteius
1291 991 1419 1048 ecclesie
1446 1005 1555 1064 preno-

293 1096 416 1165 minate,
440 1096 539 1164 nobis
564 1095 754 1168 prelatisque
776 1105 806 1153 et
831 1097 1001 1154 baronibus
1024 1098 1111 1170 regni
1134 1097 1296 1154 nobiscum
1321 1096 1457 1153 tribunal
1478 1095 1556 1153 iudi-

290 1201 368 1258 ciale
391 1201 627 1258 consedentibus
651 1200 689 1258 de
705 1202 849 1274 equitatis
865 1203 967 1274 rigore
984 1203 1136 1276 pertinere
1153 1201 1267 1259 debere
1283 1200 1448 1259 videbatur
1458 1220 1465 1272 ;
1485 1200 1555 1258 ideo

289 1321 360 1364 cum
385 1307 617 1366 venerabilibus
645 1308 675 1364 in
707 1307 831 1366 Christo
855 1309 996 1381 patribus
1027 1307 1176 1366 dominis:
1211 1307 1338 1365 Nicolao
1368 1307 1554 1364 archielecto

290 1415 452 1483 colocensi,
476 1414 662 1472 cancellario
679 1413 752 1472 dicti
768 1414 886 1473 domini
903 1417 998 1474 nostri
1015 1416 1111 1489 regis;
1127 1414 1284 1490 Stephano
1300 1415 1400 1472 electo
1417 1413 1554 1488 predicte

288 1519 416 1577 ecclesie
439 1521 655 1592 zagrabiensis‚
679 1521 885 1590 confirmatis;
909 1529 938 1579 et
962 1521 1107 1579 Ladizlao
1131 1523 1290 1596 preposito
1307 1521 1488 1590 chasmensi,
1503 1535 1553 1578 co-

292 1627 366 1682 mite
392 1625 513 1699 capelle
537 1627 636 1698 regie;
660 1627 887 1700 magnificoque
912 1629 980 1685 viro
1003 1627 1139 1698 Nicolao,
1163 1626 1230 1684 lilio
1249 1625 1405 1700 Stephani,
1422 1625 1554 1684 condam

293 1733 374 1790 bano
397 1739 428 1790 et
450 1734 600 1804 magistro
624 1733 760 1804 Nicolao,
785 1733 852 1791 filio
879 1734 983 1792 Lochlr
1011 1734 1124 1792 comite
1154 1733 1317 1790 comitatus
1347 1733 1554 1790 zemliniensis

289 1839 420 1911 aliisque
444 1839 687 1912 quamplurimis
716 1839 896 1913 proceribus
920 1847 949 1897 et
980 1839 1053 1898 dicti
1084 1840 1170 1913 regni
1201 1837 1364 1897 Sclauonie
1396 1838 1553 1896 nobilibus

289 1945 450 2002 nobiscum
475 1945 505 2001 in
530 1943 643 2002 iudicio
666 1943 895 2002 considentibus
920 1952 949 2002 et
972 1944 1011 2002 de
1034 1960 1151 2016 eorum¹
1171 1943 1301 2001 iuridico
1328 1943 1456 2000 consilio
1482 1958 1549 2016 pre-

286 2049 403 2108 dictum
429 2049 559 2108 fundum
582 2067 635 2108 seu
660 2051 764 2108 locum
790 2051 891 2108 balnei
907 2039 1034 2125 litigiosi
1052 2051 1111 2124 ipsi
1128 2049 1216 2108 fratri
1233 2047 1377 2106 Honoldo
1393 2049 1499 2106 abbati
1516 2055 1548 2106 et

286 2171 343 2230 per
360 2171 550 2228 consequens
566 2157 694 2213 ecclesie
709 2173 763 2213 sue
781 2159 992 2230 prenominate
1008 2172 1079 2214 cum
1096 2157 1181 2213 omni
1199 2153 1390 2230 plenitudine
1412 2155 1460 2212 sui
1478 2155 1553 2212 iuris

286 2265 371 2322 iuxta
396 2263 560 2320 vicariatus
583 2263 680 2320 nostri
703 2261 843 2320 osticium
867 2269 1018 2336 perpetua
1040 2263 1208 2320 stabilitate
1242 2261 1368 2335 pacifice
1393 2259 1553 2334 possidere

286 2369 500 2428 adiudicamus
524 2370 718 2442 presencium
748 2369 918 2442 patrocinio
951 2368 1114 2439 mediante,
1144 2369 1379 2438 committentes,
1404 2374 1437 2424 ut
1471 2366 1553 2424 idem

286 2474 429 2546 Gerynus
453 2475 596 2531 universa
615 2473 758 2531 hedificia
782 2481 811 2531 et
834 2487 930 2548 opera
945 2473 1019 2532 dicti
1044 2475 1146 2532 balnei
1170 2475 1272 2546 lignea
1289 2473 1431 2531 universa
1455 2489 1552 2546 usque

286 2587 410 2638 octavas
422 2579 594 2653 Epiphanie
611 2578 728 2636 domini
745 2595 825 2636 nunc
842 2581 985 2652 proxime
1001 2587 1152 2650 venturas,
1169 2579 1282 2636 sicum
1299 2578 1409 2636 eodem
1426 2578 1553 2636 domino

264 2734 266 2738 .
289 2687 404 2744 abbate
426 2701 521 2760 super
539 2685 619 2742 facto
642 2685 857 2744 hedificiorum
875 2685 1085 2758 predictorum
1109 2685 1213 2744 medio
1239 2693 1379 2760 tempore
1403 2701 1459 2760 per
1483 2700 1553 2759 pro·

286 2794 398 2850 borum
423 2793 585 2849 hominum
611 2791 771 2864 pacificam
796 2792 1052 2850 reformacionem
1077 2793 1251 2865 nequiverit
1272 2790 1467 2860 concordare,
1484 2807 1553 2864 pre·

285 2897 366 2956 dicta
382 2899 450 2956 sola
472 2899 564 2955 stuba
585 2913 685 2972 parva
709 2899 785 2956 inibi
809 2899 925 2970 relicta,
951 2899 1028 2956 alias
1061 2913 1257 2972 quocumque
1282 2898 1416 2956 voluerit
1439 2913 1477 2956 ex
1499 2913 1553 2956 no-

284 3011 348 3062 stra
371 3007 506 3080 presenti
532 3005 749 3062 commissione
779 3015 810 3062 et
842 3006 1024 3063 auctoritate
1048 3003 1206 3062 deserendi
1229 3005 1343 3062 habeat
1366 3004 1552 3062 facultatem.

285 3111 318 3168 ln
343 3112 428 3169 cuius
458 3112 502 3168 rei
531 3111 715 3168 memoriam
745 3112 1010 3184 stabilitatemque
1036 3118 1219 3185 perpetuam
1248 3119 1404 3185 presentes
1432 3126 1552 3169 conces-

287 3218 385 3274 simus
413 3218 531 3275 litteras
557 3223 678 3274 nostras
709 3217 921 3290 privilegiales
952 3217 1114 3292 pendentis
1145 3217 1241 3290 sigilli
1264 3218 1360 3275 nostri
1384 3216 1552 3274 authentici

287 3325 458 3382 munimine
473 3324 635 3380 roboratas
652 3321 799 3381 duximus
814 3323 1031 3382 concedendas.
1052 3323 1168 3381 Datum
1189 3322 1338 3396 Zagrabie
1368 3322 1553 3382 duodecimo

286 3428 336 3487 die
368 3430 491 3486 termini
522 3430 683 3503 prenotati.
707 3431 796 3487 Anno
816 3429 934 3488 domini
958 3431 1128 3488 millesimo
1150 3431 1365 3488 trecentesimo
1387 3435 1548 3505 septuage-

285 3537 364 3594 simo
385 3541 480 3594 sexto.

356 3671 378 3721 E
397 3677 563 3736 transumpto
582 3685 649 3721 saec.
670 3671 745 3722 XVI.
763 3672 794 3722 ln
813 3673 913 3723 archiv.
933 3687 992 3723 ven.
1011 3675 1073 3724 coll.
1094 3673 1239 3722 Praebend.
1266 3671 1274 3676 ’

898 3923 936 3989 9.

388 4082 465 4130 Anno
487 4079 562 4139 1378.
581 4079 605 4130 8.
625 4080 727 4145 aprilis.
746 4079 776 4131 In
796 4081 935 4148 Visegrad.

280 4223 413 4302 Jacobus
434 4225 469 4282 dc
491 4223 597 4298 Scepus
617 4225 705 4282 iudex
726 4227 825 4284 curiae
846 4231 997 4286 terminum
1020 4231 1050 4285 in
1072 4247 1161 4287 causa
1181 4231 1257 4288 ahter
1271 4231 1450 4288 Demetir'um
1472 4232 1551 4305 episc.

599 4332 716 4404 zagrab.
741 4339 770 4390 et
788 4333 863 4391 cives
890 4333 1065 4393 Grechcnses
1090 4337 1236 4411 praefigit.

372 4476 435 4534 Nos
459 4491 563 4534 comes
585 4475 720 4559 Jacobus
744 4476 782 4534 de
813 4477 938 4553 Scepus,
963 4478 1055 4538 iudex
1076 4481 1159 4538 curie
1182 4487 1212 4538 et
1236 4481 1452 4539 universarum
1475 4484 1549 4540 civi·

282 4589 381 4640 tatum
406 4581 524 4639 domini
556 4581 713 4653 Lodouici,
744 4581 794 4640 dei
820 4585 924 4656 gracia
954 4587 1035 4658 regis
1067 4586 1232 4659 Hungarie.
1264 4586 1382 4644 Damus
1405 4603 1463 4661 pro
1487 4603 1551 4646 me-

281 4689 388 4760 moria,
412 4687 495 4760 quod
520 4702 653 4756 causam,
675 4702 770 4760 quam
794 4687 938 4747 dominus
960 4689 1138 4749 Demetrius
1160 4692 1325 4766 episcopus
1348 4693 1475 4750 ecclesie
1502 4708 1550 4750 za-

282 4793 463 4866 grabiensis‚
487 4808 545 4866 pro
569 4807 632 4864 quo
654 4792 799 4851 dominus
821 4795 956 4877 Jacobus
980 4795 1223 4868 archydiaconus
1240 4813 1311 4855 cum
1328 4799 1548 4872 procuratoriis

281 4898 392 4957 litteris
417 4897 556 4956 eiusdem
579 4897 676 4955 astitit
699 4905 805 4958 contra
828 4899 971 4972 iudicem,
994 4902 1110 4960 iuratos
1133 4909 1163 4960 et
1187 4904 1348 4962 universos
1373 4904 1457 4962 cives
1473 4903 1550 4962 Gre-

281 5005 416 5078 chenses,
440 5017 499 5080 pro
523 5007 637 5080 quibus
662 5005 858 5081 laurencius,
882 5007 1037 5082 Georgius
1060 5016 1091 5067 et
1114 5010 1288 5068 Anthonius
1311 5009 1411 5082 iurati,
1435 5025 1493 5085 pro
1516 5025 1549 5070 se
