3600 5804
389 563 428 632 ⁷⁶
713 563 786 620 Doc.
812 561 863 640 89.
885 578 938 640 90.
966 598 1003 607 -
1027 564 1082 622 An.
1107 561 1327 642 [ἱρά-1298,

385 776 469 819 sores
493 761 715 834 dignoscuntur
738 763 919 838 possedisse,
943 765 1029 822 iuxta
1052 765 1282 822 ordinacionem
1305 769 1335 821 et
1356 765 1562 822 collacionem
1579 765 1655 822 eius·

385 867 456 926 dem
481 866 629 942 Stephani
652 870 765 928 habeat
788 876 818 927 et
841 870 998 944 possideat
1021 871 1087 929 iure
1110 877 1261 944 perpetuo
1285 870 1413 944 pacifice
1437 877 1468 928 et
1491 871 1604 944 quiete.
1624 871 1655 927 ln

384 975 471 1033 cuius
494 976 539 1032 rei
562 976 755 1047 memoriam,
779 976 997 1034 certitudinem
1020 983 1050 1034 et
1072 977 1273 1034 stabilitatem
1296 983 1480 1051 perpetuam
1498 985 1655 1050 presentes

383 1080 590 1140 concessimus
621 1081 756 1156 duplicis
786 1083 883 1156 sigilli
914 1084 1011 1141 nostri
1043 1084 1215 1141 munimine
1249 1085 1418 1141 roboratas.
1452 1083 1572 1141 Datum
1604 1098 1656 1154 per

384 1203 494 1246 manus
516 1187 641 1246 discreti
664 1189 724 1246 viri
748 1191 887 1262 magistri
911 1189 1077 1260 Theodoti,
1100 1191 1237 1248 albensis
1260 1190 1387 1248 ecclesie
1408 1190 1571 1265 prepositi,
1588 1189 1655 1246 aule

384 1300 488 1351 nostre
511 1295 765 1365 vicecancellarii,
789 1295 895 1353 dilecti
918 1303 947 1353 et
971 1295 1073 1354 fidelis
1094 1298 1198 1354 nostri.
1216 1298 1306 1354 Anno
1322 1297 1440 1354 domini
1460 1296 1547 1353 MCC
1564 1311 1654 1353 nona·

383 1401 503 1473 gesimo
527 1402 643 1474 quinto,
667 1403 801 1476 septimo
824 1402 903 1474 ydus
926 1405 1041 1462 marcii.
1066 1405 1164 1478 Regni
1187 1411 1289 1462 antem
1314 1405 1412 1462 nostri
1435 1420 1516 1462 anno
1539 1405 1652 1477 quinto.

473 1519 613 1586 Originale
632 1520 659 1570 in
678 1521 837 1580 membrana,
851 1521 950 1571 sericea
964 1537 1055 1572 crocea
1069 1539 1133 1572 zona
1149 1523 1282 1588 appendet
1294 1523 1393 1586 absque
1407 1521 1506 1588 sigillo.
1523 1523 1564 1571 Ex
1578 1521 1645 1571 arch.

384 1623 440 1657 ven.
461 1608 539 1674 capit.
559 1609 663 1674 zagrab.
683 1608 700 1660 l.
724 1620 761 1672 19.
782 1626 820 1660 nr.
840 1612 882 1671 46.
900 1612 974 1677 Joan.
995 1610 1112 1661 Thalete.
1132 1611 1201 1662 Mon.
1214 1609 1273 1660 hist.
1293 1611 1371 1677 episc.
1391 1611 1499 1676 zagrab.
1523 1610 1544 1660 1.
1558 1626 1584 1675 p.
1599 1610 1654 1668 236·

986 1840 1050 1907 89.

493 1983 569 2031 Anno
591 1981 664 2044 1296,
685 1991 726 2038 23.
745 1981 816 2031 maii.
832 1981 985 2047 Zagrabiae.

427 2109 574 2178 Maturus,
597 2110 715 2168 Detrici
726 2110 821 2184 filius,
841 2128 945 2182 genere
967 2109 1050 2168 Aclra
1071 2119 1160 2179 orbes,
1183 2111 1245 2167 iuri
1264 2128 1384 2178 cessans,
1398 2112 1605 2182 possessebnem

610 2213 744 2290 Suibljan
767 2217 880 2272 ciuitati
906 2215 1065 2274 Grechensi
1076 2216 1279 2290 possedendum
1301 2217 1425 2290 reliquit.

470 2358 534 2416 Nos
557 2359 730 2432 capitulum
746 2360 953 2431 zagrabiensis
969 2362 1105 2418 ecclesie.
1126 2362 1273 2418 Memorie
1291 2361 1545 2420 commendantes
1561 2362 1650 2434 signi·

381 2465 511 2523 ficamus
542 2464 693 2524 universis
724 2464 837 2537 quibus
869 2465 994 2539 expedit
1024 2484 1080 2542 per
1110 2473 1277 2542 presentes
1309 2467 1391 2540 quod
1424 2469 1557 2538 Matheo,
1589 2467 1652 2525 filio

380 2571 506 2642 Detrici
530 2571 568 2628 de
591 2585 703 2644 genere
727 2565 819 2628 Acha
849 2573 889 2628 ab
920 2588 979 2629 una
1011 2580 1099 2646 parte
1129 2580 1159 2631 et
1190 2572 1324 2645 Gylione
1351 2575 1470 2630 maiore
1493 2573 1580 2643 ville,
1604 2571 1651 2630 Sir

381 2664 499 2748 Marho,
524 2677 614 2734 Petro
638 2675 819 2749 Scandalay‚
843 2677 1004 2749 Mychaele
1035 2679 1160 2737 Bisseno
1190 2685 1220 2736 ei
1248 2679 1397 2752 magistro
1421 2677 1591 2750 Clemente,
1614 2678 1652 2736 ci-

380 2784 473 2841 vibus
498 2782 589 2842 castri
613 2781 776 2840 Grecensis
806 2798 864 2856 pro
894 2799 927 2841 se
957 2791 987 2841 et
1020 2791 1085 2843 tota
1116 2785 1338 2844 communitate
1365 2783 1504 2842 eiusdem
1529 2784 1592 2842 loci
1614 2785 1651 2842 ab

380 2888 487 2959 altera,
512 2887 543 2946 in
566 2889 664 2946 nostri
687 2889 847 2961 presencia
879 2890 1085 2964 personaliter
1115 2892 1298 2962 constitutis,
1322 2890 1488 2949 iamdictus
1512 2891 1652 2949 Matheus

382 2993 539 3052 confessus
562 3001 624 3053 est:
649 2995 734 3068 quod
757 3011 828 3054 cum
851 2998 918 3071 ipse
938 3013 1033 3072 super
1056 3003 1139 3054 terra
1162 3012 1215 3054 seu
1240 2997 1434 3070 possessione
1450 2995 1586 3055 Zuiblan
1600 3011 1651 3054 vo-

382 3105 457 3172 cata,
482 3109 589 3160 contra
611 3101 748 3175 prefatos
779 3103 862 3160 cives
894 3105 1087 3177 questionem
1118 3107 1148 3160 et
1181 3103 1339 3160 accionem
1368 3105 1526 3174 movisset,
1551 3104 1650 3177 requi·

381 3205 477 3264 rendo
501 3206 644 3264 videlicet
676 3207 805 3264 eandem
836 3214 866 3266 et
897 3208 1066 3282 repetendo
1097 3210 1221 3268 nomine
1252 3225 1305 3267 seu
1334 3209 1425 3267 titulo
1449 3211 1650 3284 possessionis

381 3327 435 3370 sue
460 3312 653 3384 hereditarie,
685 3313 809 3371 tandem
833 3321 962 3388 propter
986 3317 1102 3374 bonum
1126 3317 1213 3391 pacis
1243 3325 1274 3375 et
1304 3317 1476 3388 concordie,
1500 3333 1599 3392 quam
1620 3331 1650 3374 se

381 3434 452 3476 cum
476 3418 593 3476 eisdem
617 3420 737 3477 civibus
763 3421 873 3478 maluit
896 3421 1121 3480 inviolabiliter
1150 3424 1318 3481 observare
1347 3431 1377 3481 et
1407 3432 1520 3492 tenere,
1546 3423 1650 3481 cedens

386 3529 416 3582 et
439 3525 621 3582 renuncians
643 3527 828 3600 simpliciter
851 3543 909 3600 pro
933 3535 1021 3602 parte
1051 3545 1106 3586 sua
1136 3529 1314 3587 huiusmodi
1347 3530 1402 3602 liti,
1427 3530 1581 3602 questioni
1603 3521 1650 3584 vel

383 3631 480 3688 eciam
503 3627 573 3689 iuri'
596 3648 690 3705 super
713 3631 851 3706 predicta
875 3635 1066 3707 possessione
1095 3651 1152 3709 per
1181 3637 1284 3708 ipsum
1317 3637 1474 3693 Matheum
1499 3635 1649 3693 suscitatis

383 3738 448 3796 sive
472 3739 573 3806 motis,
598 3737 727 3796 eandem
751 3740 976 3813 possessionem
1008 3740 1139 3799 Zuiblan
1169 3742 1296 3814 reliquit
1327 3749 1357 3798 et
1379 3741 1497 3799 dimisit
1521 3740 1646 3816 prefatis

383 3844 504 3902 civibus
528 3851 621 3918 prout
644 3845 674 3902 in
695 3849 784 3922 antea
808 3846 906 3904 libere
936 3853 966 3904 et
996 3848 1125 3920 pacifice
1157 3847 1373 3922 possidendam
1407 3855 1436 3905 et
1466 3847 1647 3906 habendam.

383 3948 499 4008 Datum
522 3955 633 4023 quarta
655 3949 803 4008 seriarum
827 3959 898 4025 post
921 3959 1046 4011 octavas
1071 3953 1271 4011 Pentecostes.
1296 3955 1384 4011 Anno
1407 3952 1529 4012 domini
1552 3952 1649 4011 mille-

382 4057 463 4113 simo
487 4055 697 4114 ducentesimo
721 4059 921 4131 nonagesimo
943 4067 1038 4117 sexto,

490 4174 630 4239 Originale
649 4174 676 4224 in
697 4176 855 4232 membrana,
875 4176 995 4241 sigillum
1014 4179 1140 4227 avulsum.
1160 4176 1190 4227 In
1209 4177 1279 4226 arch.
1299 4179 1380 4226 Acad.
1401 4177 1497 4228 Scient.
1519 4179 1586 4228 Slav.
1599 4191 1648 4226 me

382 4264 434 4312 rid.
454 4263 574 4328 Simplex
594 4269 788 4328 transumptum
807 4265 881 4314 adest
899 4265 926 4314 in
945 4265 1015 4315 arch.
1035 4267 1052 4314 l.
1073 4282 1093 4315 r.
1114 4267 1163 4316 civ.
1183 4266 1288 4330 zagrab.

987 4499 1053 4564 90.

489 4548 567 4598 Circa
586 4563 643 4598 ann.
665 4549 739 4612 1298.

383 4656 518 4714 nachael
533 4660 650 4732 zagrab.
674 4661 831 4736 episcopus,
854 4661 978 4734 capitulo
1001 4662 1128 4734 aagmh,
1152 4679 1187 4719 ne
1213 4661 1285 4736 quoii
1298 4662 1417 4738 Janino
1442 4665 1596 4721 castellano
1618 4659 1649 4716 de

679 4766 808 4824 Mcdwd
826 4767 933 4824 darent
952 4767 986 4824 de
1009 4768 1188 4837 statualibus,
1205 4769 1355 4842 praecepit.

472 4909 614 4980 Mychael
643 4909 692 4968 dei
721 4912 826 4984 gracia
856 4913 1019 4985 episcopus
1050 4913 1265 4984 zagrabiensis.
1296 4913 1542 4970 Honorabilibus
1577 4911 1647 4968 viris

384 5013 534 5072 fratribus
558 5017 621 5074 suis
645 5017 674 5074 in
698 5015 822 5075 Christo
845 5016 1024 5086 karissimis,
1052 5017 1190 5090 capitulo
1210 5019 1409 5091 zagrabiensi,
1433 5021 1549 5078 sincere
1572 5017 1646 5078 hari-
