3600 5804
404 568 444 626 94
690 550 948 624 Dar.109.rro.
976 585 1012 592 —
1038 553 1093 610 Aa.
1119 550 1330 630 rjai-1319.

404 747 471 805 buti
494 761 547 806 seu
572 748 781 822 percepcione,
804 763 856 806 seu
882 751 1072 823 possessione
1096 758 1292 824 prenotatum
1314 753 1488 827 capitulum
1505 753 1653 811 molestare

403 861 591 927 presumant,
624 871 679 914 nec
710 856 740 913 in
771 870 808 913 eo
839 857 907 914 loco
938 856 1067 929 aliquod
1097 857 1181 914 aliud
1206 858 1358 916 tributum
1382 873 1576 931 quacumque
1598 865 1653 916 arte

403 960 453 1017 vel
478 961 600 1033 ingenio
625 961 810 1018 constituere
833 961 884 1018 vel
908 963 1006 1020 eciam
1029 963 1180 1021 ordinare
1205 964 1263 1022 Per
1285 965 1343 1022 hoc
1367 971 1469 1022 tamen
1493 965 1654 1039 supradicte

403 1067 556 1124 tricesima
568 1066 690 1123 nullum
704 1067 851 1124 volumus
866 1067 1073 1140 preludicium
1090 1069 1238 1141 generari,
1254 1075 1347 1142 atque
1360 1071 1416 1138 bec
1431 1076 1535 1127 nostre
1555 1085 1655 1144 appro

403 1172 540 1229 bacionis
563 1179 592 1228 et
615 1171 864 1230 confirmacionis
883 1173 977 1230 series
993 1181 1144 1248 perpetua
1160 1174 1306 1232 firmitate
1321 1176 1495 1245 consistere,
1514 1181 1654 1249 presentes

402 1276 531 1336 fecimus
562 1277 696 1352 duplicis
725 1279 822 1350 sigilli
854 1281 948 1337 nostri
980 1287 1133 1338 caractere
1160 1283 1314 1354 insignari.
1338 1263 1455 1340 Datu'nr
1480 1297 1535 1356 per
1557 1297 1655 1340 manus

403 1383 527 1442 discreti
558 1385 617 1442 viri
649 1386 789 1458 magistri
811 1385 967 1469 johannis,
993 1389 1143 1462 prepositi
1159 1389 1302 1459 albensis,
1318 1389 1389 1446 aule
1412 1394 1515 1446 nostre
1530 1390 1654 1446 vicecan-

403 1490 529 1560 cellarii,
563 1491 667 1548 dilecti
698 1499 728 1548 et
758 1491 860 1549 tidelis
883 1494 987 1550 nostri.
1012 1495 1102 1550 Anno
1125 1495 1165 1551 ab
1188 1495 1400 1552 incarnacione
1423 1495 1541 1552 domini
1556 1493 1654 1551 MCCC

402 1597 522 1654 decimo
538 1603 657 1669 octavo,
677 1604 787 1670 quarto
803 1597 951 1656 kalendas
962 1600 1046 1681 Julii.
1068 1600 1166 1672 Regni
1182 1606 1284 1658 autem
1301 1601 1397 1658 nostri
1413 1601 1534 1658 decimo
1549 1607 1655 1658 octavo.

492 1715 512 1763 F.
537 1715 609 1765 libro
636 1717 762 1766 Statutor.
789 1715 866 1780 capit.
886 1716 990 1781 zagrab.
1012 1715 1037 1766 in
1057 1717 1165 1766 archivo
1179 1733 1234 1767 ven.
1250 1717 1327 1782 capit.
1341 1718 1446 1784 zagrab.
1466 1719 1539 1783 Joan.
1558 1717 1657 1766 Tnattic·

405 1803 474 1853 Mon.
494 1803 553 1853 hist.
575 1803 653 1868 episc.
673 1803 777 1868 zagrab.
797 1802 830 1853 11.
851 1819 875 1869 p.
899 1813 954 1865 134.

996 1983 1084 2050 109.

508 2125 583 2174 Anno
606 2126 679 2182 1318,
702 2133 739 2182 15.
760 2123 918 2174 novembris.
939 2124 1091 2190 Zagrabiae.

408 2251 571 2325 Capitulum
601 2253 718 2323 zngrab.
750 2253 934 2310 lrausummit
953 2253 1141 2326 priuilegium
1171 2253 1261 2310 Belua
1293 2253 1314 2310 l
1318 2253 1346 2310 V.
1375 2253 1410 2309 rle
1437 2253 1606 2310 libertatibus
1627 2261 1652 2309 el

673 2358 894 2432 praerogativis
928 2359 1041 2416 ciru'tati
1067 2357 1225 2416 Greclunsi
1245 2361 1385 2417 concessis.

492 2485 554 2542 Nos
577 2485 749 2559 capitulum
774 2486 980 2558 zagrabiensis
1003 2486 1137 2543 ecclesie.
1162 2485 1379 2558 Significamus
1403 2488 1517 2560 quibus
1540 2485 1655 2560 expedit

401 2592 554 2648 universis
577 2592 772 2665 presencium
796 2608 852 2665 per
875 2599 1022 2662 tenorem,
1054 2592 1136 2665 quod
1162 2609 1231 2649 curn
1256 2593 1339 2649 cives
1355 2594 1523 2651 Grecenses
1541 2599 1659 2668 propter

400 2698 524 2754 viarum
549 2697 729 2754 discrimina
752 2703 780 2754 et
805 2697 942 2770 pericula
967 2686 1280 2773 temporis‘inpacati,
1304 2699 1472 2773 privilegio
1488 2699 1560 2757 Bele
1576 2700 1658 2771 regis,

402 2803 551 2862 felissime
573 2803 810 2875 recordacionis,
834 2819 939 2862 coram
963 2805 1090 2863 domino
1113 2821 1184 2878 rege
1207 2807 1257 2863 vel
1282 2807 1351 2864 aliis
1379 2807 1533 2864 iudicibus
1549 2807 1591 2864 uti
1605 2822 1659 2864 non

401 2915 647 2984 presumpmant,
681 2909 743 2967 duo
775 2909 891 2968 iudices
922 2911 1055 2968 civitatis
1085 2911 1267 2977 Grecensis,·
1285 2913 1351 2970 vice
1374 2913 1562 2985 nomineque
1585 2927 1660 2969 corn·

402 3015 560 3073 munitatis
586 3015 625 3072 ad
649 3021 787 3073 nostram
819 3015 998 3073 accedentes
1028 3017 1218 3089 presenciam
1251 3017 1458 3075 exhibuerunt
1480 3019 1571 3076 nobis
1592 3033 1660 3089 quo-

403 3122 475 3179 dam
500 3121 702 3194 privilegium
726 3121 870 3178 antedicti
895 3121 967 3178 Bele
990 3122 1079 3194 regis,
1104 3121 1222 3195 duplici
1245 3123 1350 3195 sigillo
1373 3125 1593 3196 consignatum.
1613 3138 1660 3196 pe-

402 3233 499 3286 tentes
524 3228 654 3284 anobis
685 3243 755 3284 cum
780 3228 927 3285 instancia
962 3229 1065 3302 ipsum
1088 3229 1291 3303 privilegium
1315 3231 1478 3289 transcribi
1502 3237 1660 3303 nostroque

402 3333 507 3404 sigillo
539 3333 719 3404 consignari.
751 3333 847 3390 Cuius
875 3333 1003 3406 quidem
1034 3335 1191 3409 privilegii
1224 3341 1311 3393 tenor
1343 3337 1413 3394 talis
1438 3343 1498 3395 est:
1523 3334 1598 3414 (vidi
1620 3352 1659 3392 nr.

403 3457 452 3513 40.
475 3439 514 3496 de
537 3453 617 3496 anno
653 3431 755 3514 1260.)
787 3439 850 3495 Nos
880 3439 983 3512 itaque
1015 3440 1265 3514 supradictorum
1298 3441 1434 3500 iudicum
1468 3445 1608 3516 congruis
1635 3447 1661 3499 et

402 3546 537 3602 honestis
569 3545 775 3618 peticionibus
805 3551 981 3614 annuentes,
1010 3547 1146 3604 maxime
1169 3548 1242 3620 quia
1266 3548 1440 3622 predictum
1464 3549 1660 3622 privilegium

402 3651 576 3708 invenimus
599 3665 660 3708 non
683 3651 839 3722 abrasum,
863 3667 922 3708 non
947 3653 1109 3722 abolitum,
1133 3668 1193 3710 non
1217 3655 1421 3712 cancellatum
1445 3671 1500 3712 nec
1518 3656 1548 3712 in
1564 3656 1661 3726 aliqua

402 3757 450 3814 sui
480 3761 568 3831 parte
598 3757 755 3828 viciatum,
790 3757 859 3814 ideo
890 3759 992 3832 ipsum
1024 3759 1225 3832 privilegium
1258 3760 1295 3817 de
1327 3762 1425 3818 verbo
1460 3761 1499 3818 ad
1536 3762 1660 3818 uerbum

403 3863 569 3921 transcribi
594 3862 723 3920 lecimus
747 3869 776 3920 et
800 3866 1014 3938 transumpmi,
1038 3871 1204 3938 nostroque
1228 3867 1332 3938 sigillo
1358 3868 1538 3939 consignari.
1557 3869 1661 3924 Actum

402 3975 431 4025 et
456 3974 685 4042 transumptum
709 3967 786 4026 teria
809 3975 919 4042 quarta
942 3972 1085 4044 proxima
1109 3977 1178 4044 post
1203 3972 1314 4029 festum
1339 3974 1434 4029 sancti
1459 3974 1583 4030 Martini
1599 3989 1662 4030 con·

400 4073 533 4131 sessoris,
559 4075 647 4131 Anno
671 4073 788 4131 domini
812 4075 922 4132 MCCC
945 4075 1066 4134 decimo
1090 4084 1208 4135 octavo.

490 4191 630 4257 Originale
650 4192 675 4241 in
693 4193 852 4251 membrana,
871 4193 990 4258 sigillum
1012 4196 1140 4253 avulsum,
1163 4197 1328 4246 solummodo
1342 4197 1508 4246 membranea
1525 4198 1610 4265 ligula
1623 4199 1661 4247 de·

402 4281 504 4345 pendet.
525 4280 555 4330 In
574 4280 683 4330 archivo
703 4281 748 4330 lib.
769 4296 823 4346 reg.
845 4281 916 4332 civit.
936 4283 1120 4348 zagrabiensis.

997 4480 1078 4546 110.

508 4565 584 4616 Anno
607 4573 681 4627 1319,
701 4575 741 4614 22.
762 4566 858 4617 martii.

408 4675 529 4732 Carolus
552 4675 731 4746 Huugariae
754 4683 800 4733 clc.
823 4695 885 4746 rex,
909 4679 1338 4754 transummendaprivilegium
1354 4681 1443 4740 Belac
1459 4684 1515 4739 IV.
1533 4685 1566 4741 rlr
1582 4685 1659 4742 liur-

573 4777 681 4839 tatibus
704 4783 817 4839 ciuitati
844 4783 1003 4841 Grecluasi
1023 4787 1164 4855 consessis,
1190 4786 1261 4843 rilem
1285 4796 1381 4845 ratum
1404 4789 1494 4847 labet.

490 4907 621 4964 Carolus
644 4907 692 4964 dei
716 4909 819 4980 gracia
849 4910 1015 4982 Hungarie,
1049 4912 1217 4984 Dalmacie.
1249 4915 1384 4986 Croacie,
1413 4915 1519 4988 Rame,
1553 4917 1663 4985 Seruis,

401 5015 541 5086 Gallicie,
566 5013 757 5085 Lodomerle,
782 5016 939 5088 Cumanie‚
964 5017 1169 5092 Bulgarieque
1191 5037 1254 5078 rex.
1278 5021 1430 5079 Omnibus
1454 5022 1569 5084 Christi
1590 5025 1665 5083 fide·
