3600 5804
380 582 418 640 68
808 577 880 634 Doc.
905 572 956 634 80.
984 609 1020 617 -
1046 574 1102 632 An,
1126 586 1213 648 1291.

421 683 771 690 .—-—.-—-—--—-
871 681 1012 687 ——-——

380 777 454 835 dicti
476 775 589 849 palacii
613 775 755 832 obtentas
783 774 927 844 habebat,
958 774 1049 831 nobis
1079 773 1277 847 presentavit,
1311 777 1427 845 petens,
1453 776 1486 828 ut
1509 775 1636 828 tenorem

379 882 561 940 earumdem
583 881 779 955 presentibus
804 880 899 938 inseri
922 879 1100 937 faceremus.
1132 879 1179 936 De
1210 879 1324 951 quibus
1351 893 1449 935 unum
1473 891 1530 950 par
1552 891 1637 934 auno-

378 995 462 1047 tatur
484 1005 541 1062 per
563 989 620 1045 hec
642 988 754 1044 verba:
779 979 852 1064 (vid.
876 1003 920 1043 nr.
947 1000 994 1053 70.
1018 984 1057 1042 de
1079 1001 1160 1043 anno
1187 984 1278 1055 1288,
1297 984 1322 1041 8.
1346 983 1422 1066 Julii
1439 989 1469 1040 et
1485 999 1530 1041 nr.
1546 981 1593 1056 69.
1614 997 1636 1038 e.

380 1097 451 1152 anni
477 1109 524 1164 27·
549 1085 673 1170 martii).
697 1093 761 1150 Nos
784 1093 887 1164 itaque
904 1091 1064 1150 mandatis
1087 1091 1274 1149 serenissimi
1297 1091 1387 1162 regis,
1408 1089 1527 1147 domini
1550 1088 1639 1146 nostri

380 1201 522 1275 preclari,
546 1215 655 1272 parere
679 1199 845 1271 cupientes,
869 1204 902 1255 ut
934 1203 1093 1266 tenemur;
1124 1197 1313 1255 attendentes
1341 1197 1439 1254 eciam
1461 1195 1639 1269 peticionem

378 1305 543 1363 memorati
565 1305 706 1376 magistri
729 1303 825 1373 Pauli,
848 1319 966 1361 necnon
991 1305 1114 1364 comitis
1138 1303 1247 1362 Hodus
1270 1301 1423 1372 antedicti,
1462 1299 1638 1358 iamdictum

379 1413 536 1486 palacium
560 1427 632 1468 cum
655 1410 810 1468 universis
833 1410 1020 1468 utilitatibus
1044 1416 1075 1466 et
1098 1409 1295 1484 pertinenciis
1317 1408 1388 1478 suls,
1413 1413 1478 1464 tam
1501 1405 1640 1463 videlicet

380 1519 410 1576 in
433 1525 534 1576 castro
558 1522 664 1574 nostro
685 1517 840 1584 Grecensi,
863 1531 958 1588 quam
989 1516 1021 1573 in
1051 1529 1164 1588 campo
1194 1514 1248 1571 vel
1271 1513 1348 1571 alias
1370 1513 1561 1586 ubicumque
1583 1512 1641 1569 exi·

379 1623 530 1681 stentibus
561 1623 647 1680 iuxta
678 1621 872 1679 meritorium
903 1621 1070 1678 servicium
1100 1620 1325 1694 sepenominati
1355 1617 1488 1676 Gilionis
1518 1618 1584 1687 sibi,
1609 1623 1642 1674 ut

380 1731 569 1803 premissum
591 1733 644 1798 est,
669 1727 827 1798 collatum,
851 1727 1023 1798 statuimus,
1047 1725 1233 1783 tradidimus
1256 1731 1287 1783 et
1309 1725 1534 1798 assignavimus
1564 1723 1642 1780 dicto

380 1834 497 1893 Gilioni
520 1840 550 1892 et
573 1833 739 1890 heredibus
763 1833 826 1890 suis
850 1849 885 1889 ac
908 1832 1059 1890 heredum
1081 1847 1209 1889 suorum
1232 1832 1461 1888 successoribus
1490 1829 1642 1904 possiden·

381 1941 459 1998 dum
481 1946 511 1998 et
534 1940 722 2010 habendum,
746 1938 973 1996 introducentes
997 1937 1128 1996 eundem
1160 1939 1342 1995 auctoritate
1364 1939 1449 2010 regia
1471 1936 1562 1994 nobis
1585 1943 1643 1993 tra-

382 2047 448 2104 dita
471 2048 501 2104 in
525 2047 583 2104 hac
605 2051 694 2120 parte
718 2046 748 2103 in
772 2045 1000 2118 possessionem
1029 2044 1194 2100 memorati
1225 2043 1338 2117 palacii
1362 2051 1392 2100 et
1415 2057 1542 2100 suarum
1561 2043 1643 2099 utili·
1689 2037 1691 2041 ’

381 2159 479 2210 tatum
503 2169 538 2210 ac
561 2153 821 2227 pertinentiarum
844 2151 1069 2208 universalium
1092 2150 1296 2223 corporalem,
1320 2150 1517 2206 investientes
1540 2149 1640 2221 ipsum

380 2259 538 2317 Gilionem
562 2265 593 2316 et
615 2274 687 2317 suos
718 2259 847 2316 heredes
878 2259 1069 2331 possessione
1094 2262 1265 2314 memorata
1292 2257 1516 2330 sollempniter,
1540 2271 1644 2328 quem·

381 2365 553 2422 admodum
576 2381 634 2438 per
667 2369 856 2422 memoratos
891 2365 1056 2421 collatores
1078 2379 1095 2420 a
1119 2365 1207 2420 nobis
1238 2363 1270 2420 id
1301 2363 1448 2420 devocius
1486 2363 1646 2437 petebatur

381 2471 526 2528 exerceri.
550 2471 583 2527 In
599 2471 692 2528 huius
716 2471 813 2527 eciam
837 2469 1076 2528 introduccionis
1099 2486 1151 2527 seu
1175 2469 1394 2540 assignationis
1417 2469 1602 2526 memoriam
1618 2479 1646 2526 et

380 2577 583 2634 stabilitatem
603 2583 796 2648 perpetuam,
819 2582 975 2648 presentes
999 2577 1211 2649 suprascripto
1234 2573 1352 2633 Gilioni
1375 2582 1404 2631 et
1420 2567 1578 2653 Gtitionis)
1596 2576 1645 2631 be·

380 2682 508 2740 redibus
531 2683 594 2738 suis
617 2681 827 2750 contudimus,
850 2682 948 2754 sigilli
969 2682 1199 2738 communitatis
1229 2687 1333 2739 nostre
1364 2682 1535 2739 munimine
1548 2682 1646 2738 robo-

380 2795 470 2846 ratas.
494 2787 611 2844 Datum
635 2787 766 2844 sabbato
790 2793 860 2844 ante
876 2787 988 2845 testum
1009 2789 1233 2861 assumpcionis
1250 2787 1378 2859 virginis
1397 2789 1541 2858 gloriose.
1560 2789 1644 2844 Anno

381 2893 500 2951 domini
523 2893 607 2950 MCC
630 2895 830 2965 nonagesimo
854 2894 964 2967 primo

470 3010 610 3075 Originale
629 3010 657 3059 in
679 3011 837 3059 membrana.
858 3010 983 3074 Sigillum
1002 3012 1081 3060 deest.
1102 3011 1131 3060 In
1152 3011 1221 3060 arch.
1241 3012 1287 3060 lib.
1308 3027 1328 3060 r.
1349 3011 1398 3060 civ.
1412 3012 1527 3076 zagrab,
1546 3017 1646 3076 atergo

381 3099 456 3148 cuius
476 3098 529 3147 alia
548 3114 627 3147 manu
646 3097 773 3147 insertum
793 3105 844 3147 est:
864 3097 891 3146 id
911 3098 1039 3162 palatium
1059 3114 1214 3148 conversum
1233 3107 1271 3148 est
1290 3099 1316 3149 in
1333 3099 1522 3150 consistorium
1535 3098 1647 3148 civitatis

382 3189 516 3250 vecbnycza
540 3193 668 3237 vocatum.

486 3402 535 3449 An.
557 3409 631 3462 1291.
987 3349 1053 3415 8⁰·

376 3513 511 3588 Joannes
533 3512 612 3583 epira
636 3509 752 3582 zagrab.
776 3511 807 3565 in
829 3528 927 3579 causa,
950 3529 969 3566 a
993 3511 1081 3567 Petro
1105 3513 1239 3568 canonico
1261 3513 1322 3569 eccl.
1340 3512 1456 3585 aagrab.
1473 3529 1535 3568 cum
1552 3513 1650 3570 abbate

381 3618 415 3674 de
437 3618 534 3674 insula
557 3635 577 3672 s.
595 3615 705 3691 Jacobi
725 3615 759 3672 de
780 3615 903 3689 quodam
925 3616 1025 3673 balneo
1047 3617 1078 3673 in
1100 3618 1164 3673 rivo
1186 3618 1283 3675 subtus
1305 3626 1430 3675 castrum
1460 3617 1557 3676 Grecb
1578 3626 1648 3686 acta,

763 3722 835 3779 idem
859 3723 919 3780 eccl.
942 3722 978 3779 B.
1011 3723 1088 3796 Vt'rg.
1112 3723 1266 3780 adiudicat.

470 3844 598 3927 (Coram
621 3849 803 3906 Leustacbio
826 3849 942 3907 vicario
965 3851 1103 3921 generali
1125 3852 1213 3923 regni
1236 3849 1386 3921 Croatiae,
1410 3851 1442 3907 in
1464 3851 1529 3917 lite,
1556 3866 1648 3925 quam

382 3957 494 4030 agebat
517 3955 615 4012 abbas
638 3954 667 4012 b.
692 3970 720 4011 v.
744 3955 859 4012 Mariae
882 3955 946 4012 ord.
979 3955 1188 4014 cisterciensis
1211 3972 1282 4014 cum
1313 3957 1427 4014 Gerino
1455 3957 1524 4014 cive
1547 3973 1649 4030 ragra-

383 4063 490 4131 biensi‚
515 4060 629 4118 Paulus
652 4065 758 4116 cantor
780 4061 853 4118 eccl.
877 4062 1094 4133 zagrabiensiS,
1118 4077 1180 4134 qua
1210 4070 1394 4134 procurator
1420 4063 1555 4128 abbatis,
1580 4078 1649 4136 pro·

382 4168 470 4226 duxit
493 4165 644 4239 quasdam
667 4165 785 4222 litteras
799 4165 990 4223 honorabilis
1007 4168 1135 4240 capituli
1151 4167 1251 4225 dictae
1272 4167 1418 4226 ecclesiae
1434 4170 1648 4240 zagrabiensis,

382 4279 531 4348 patentes,
553 4272 681 4345 antiquo
704 4271 809 4344 sigillo
832 4271 971 4329 eiusdem
993 4273 1194 4344 consignatas,
1227 4287 1306 4330 anno
1338 4272 1456 4330 domini
1480 4274 1649 4331 millesimo

383 4379 593 4438 ducentesimo
620 4378 819 4450 nonagesimo
842 4378 945 4451 primo
976 4377 1137 4448 confectas
1162 4379 1243 4435 hunc
1271 4387 1409 4436 tenorem
1434 4371 1649 4452 continentes):

382 4485 473 4559 Quod
497 4485 574 4541 olim
597 4483 676 4541 inter
699 4484 884 4555 magistrum
906 4483 1033 4542 Petrum
1058 4484 1240 4541 canonicum
1267 4483 1387 4557 prefate
1402 4485 1530 4541 ecclesie
1547 4499 1649 4557 zagra·

382 4591 497 4650 biensis
520 4591 561 4647 ab
585 4604 653 4658 una,
684 4590 895 4663 abbatemque
924 4589 962 4648 de
993 4591 1093 4648 insula
1121 4590 1217 4648 sancti
1247 4590 1357 4672 Jacobi
1388 4597 1418 4647 et
1449 4590 1514 4646 eius
1539 4588 1649 4647 fratres

383 4705 471 4772 parte
495 4713 534 4754 ex
556 4696 654 4753 altera
677 4696 708 4752 in
732 4697 889 4768 presencia
913 4697 1101 4754 venerabilis
1123 4697 1221 4769 patris
1251 4695 1370 4753 domini
1396 4694 1555 4777 johannis,
1581 4709 1649 4752 con·

383 4803 457 4862 dam
479 4807 708 4875 prememorate
732 4803 858 4860 ecclesie
881 4803 1089 4876 zagrabiensis
1113 4802 1260 4876 episcopi,
1277 4799 1467 4874 superfacto
1491 4799 1582 4858 fundi
1596 4814 1648 4857 seu

382 4907 445 4965 loci
469 4895 630 4965 cuiu'sdam
659 4908 763 4964 balnei
793 4908 824 4965 in
854 4909 923 4966 rivo
955 4907 1068 4978 Grech,
1099 4909 1208 4965 subtus
1239 4907 1357 4964 curiam
1387 4907 1484 4980 ipsius
1508 4906 1648 4979 magistri

383 5013 465 5071 Petri
488 5013 655 5084 existentis,
679 5029 736 5086 per
758 5013 863 5087 ipsum
886 5014 1069 5086 magistrum
1086 5014 1213 5072 Petrum
1227 5013 1267 5071 ad
1283 5012 1398 5070 dictam
1425 5013 1544 5072 curiam
1559 5025 1646 5070 suam
