3782 5812
650 539 653 546 '
732 565 919 639 Argumenta.
1343 558 1468 618 ccxtx

1370 763 1466 818 Pagina.

212 855 262 905 415.
286 849 359 896 Anno
380 853 454 908 1399.
478 851 518 916 17.
538 843 661 910 Augusti.
680 845 812 910 Johennes
831 849 924 894 cantor
942 843 1005 892 cccl.
1024 841 1128 906 aagrab.
1149 845 1240 891 contra
1259 839 1358 905 episco-

284 949 344 1000 pum
362 932 547 984 Eberhardum
566 933 598 982 de
617 937 704 982 castro
722 932 836 982 Medved
854 930 907 981 sibi
926 936 952 981 et
970 929 1087 979 familiae
1105 943 1167 978 suae
1186 942 1201 978 a
1221 943 1282 992 rege
1301 943 1360 976 con-

284 1023 377 1072 donato
395 1026 561 1087 protestatur
566 1041 1355 1061 ···········································
1414 1023 1468 1074 400

213 1109 265 1167 416.
285 1112 357 1159 Anno
377 1117 453 1172 1399,
474 1115 515 1164 27.
534 1107 697 1174 septembris.
717 1107 747 1158 In
765 1107 894 1158 Dombro.
914 1105 1084 1156 Eberhardus
1102 1106 1182 1172 episc.
1196 1104 1302 1170 zagrab.
1315 1119 1359 1153 no-

283 1196 382 1247 bilibus
401 1196 482 1247 castri
502 1195 621 1254 Medved,
640 1201 670 1246 nt
689 1211 748 1247 eum
767 1194 885 1260 capitulo
904 1195 1008 1245 ratione
1022 1193 1182 1244 decimarum
1196 1193 1360 1251 conveniant,

283 1285 787 1335 mandat.·······················
798 1307 1356 1324 ································
1415 1291 1464 1343 401

216 1379 267 1430 417.
283 1375 356 1422 Anno
376 1382 452 1436 1399.
475 1373 515 1424 16.
537 1371 662 1426 octobris.
691 1372 817 1426 Nicotaus
836 1373 869 1422 dc
888 1373 990 1422 Zainuk
1009 1386 1098 1422 coram
1116 1376 1244 1422 conventu
1272 1384 1359 1421 mona-

283 1459 354 1509 sterii
380 1460 571 1519 varadinensis,
598 1451 701 1512 nomin'e
732 1459 844 1526 capituli
863 1461 927 1512 eccl.
947 1461 1054 1526 zagrab.
1082 1461 1114 1510 de
1143 1467 1229 1509 castro
1249 1459 1360 1510 Medved

283 1559 311 1596 ac
328 1547 469 1598 medietate
487 1548 583 1599 tributi
602 1549 629 1600 in
648 1555 729 1614 portu
747 1549 830 1600 Sarae
849 1557 947 1600 necnon
966 1549 1047 1600 villae
1072 1549 1198 1599 Slanovec
1224 1547 1288 1598 filiis
1307 1547 1359 1598 Ru-

284 1635 375 1705 ttolphi
393 1637 427 1686 de
445 1637 533 1687 Aiben
551 1651 566 1686 a
584 1652 647 1704 rege
666 1637 777 1696 donatis,
796 1636 956 1688 contradicit
974 1661 1354 1677 ······················
1413 1643 1463 1696 401

284 1723 479 1790 Necrologium,
497 1725 700 1792 sepulchrorum
720 1725 847 1776 memorie
866 1741 896 1775 ac
913 1724 1051 1791 epitaphia
1063 1751 1353 1765 ·················
1413 1733 1465 1786 403

285 1812 444 1863 Kaiendaria
462 1813 587 1864 ecclesiae
605 1813 784 1880 ragrabiensis
802 1829 868 1864 saec.
889 1813 966 1865 XIII.
986 1821 1013 1864 et
1032 1811 1108 1864 XIV.
1116 1839 1353 1853 ··············
1411 1821 1461 1873 411

283 1901 436 1952 Afferuntur
455 1917 493 1962 ea,
515 1917 629 1966 quorum
647 1902 791 1970 scriptores
810 1902 900 1954 coaevi
920 1901 1079 1952 mentionem
1098 1901 1198 1952 iaciunt
1206 1927 1353 1940 ·········
1412 1907 1464 1962 437

283 1989 361 2040 Index
381 2005 562 2056 personarum.
581 1993 701 2042 locorum
720 1997 745 2041 et
764 2007 854 2042 rerum
867 2013 1351 2032 ····························
1410 1991 1459 2052 461

678 2539 989 2722 *effice
