3600 5804
379 569 435 628 132
796 551 868 608 Doc.
893 546 963 628 148.
992 584 1028 592 -
1049 549 1105 606 An.
1129 563 1218 626 1329.

375 749 565 807 decimarum
590 749 724 806 habeant
748 765 806 823 pro
822 764 866 820 eo,
890 748 973 822 quod
991 749 1074 823 ipsas
1089 748 1225 806 decimas
1243 749 1360 821 integre
1378 747 1493 805 faciant
1510 744 1638 819 persolvi

374 871 431 929 per
453 855 594 913 subditos
618 854 816 920 eorumdem:
839 861 869 912 et
892 854 1002 912 eodem
1027 855 1121 912 modo
1145 861 1175 912 et
1197 855 1319 912 racione
1340 853 1457 926 singuli
1473 851 1591 909 nobiles
1605 847 1638 905 de

374 963 437 1020 suis
460 963 595 1020 habeant
618 961 750 1020 subditis
774 971 804 1020 et
827 962 926 1020 villici
949 962 988 1019 de
1010 963 1128 1020 civium
1159 961 1288 1019 decimis
1307 961 1567 1033 quibuscumque,
1590 970 1639 1012 nec

375 1069 514 1141 aliquam
537 1070 632 1126 aliam
656 1075 783 1141 quotam
805 1069 937 1126 audeant
960 1075 1066 1142 petere
1089 1069 1140 1126 rel
1160 1069 1298 1142 recipere
1317 1067 1509 1140 quicumque
1525 1064 1562 1120 de
1579 1077 1640 1136 pre·

376 1174 487 1242 missis,
511 1174 565 1232 sed
589 1191 625 1231 ea
648 1180 736 1247 parte
760 1189 818 1248 pro
834 1175 897 1231 suis
913 1175 1053 1232 serviciis
1068 1175 1128 1231 sint
1144 1174 1285 1231 contenti.
1302 1173 1369 1230 Hoc
1384 1186 1542 1245 expresso,
1561 1166 1637 1240 quod

377 1281 402 1336 si
431 1295 486 1337 vos
509 1281 630 1337 nobiles
654 1281 706 1336 vel
729 1281 827 1337 villici
850 1295 911 1337 non
935 1280 1091 1338 solveritis
1114 1287 1144 1336 et
1166 1295 1228 1337 non
1251 1278 1385 1336 feceritis
1409 1277 1491 1334 solvi
1512 1274 1640 1332 decimas

375 1402 432 1460 per
455 1393 574 1443 vestros
598 1388 789 1460 tempestive,
814 1393 927 1444 extunc
958 1387 1026 1460 ipsa
1047 1386 1261 1455 sextadecima,
1291 1401 1351 1458 que
1376 1400 1434 1457 pro
1458 1383 1549 1440 vobis
1569 1380 1638 1437 exti-

376 1497 454 1549 terat
477 1491 633 1565 deputata,
659 1494 689 1549 in
713 1493 861 1550 comitatu
884 1494 1022 1550 crisiensi
1042 1507 1078 1549 eo
1109 1493 1169 1566 ipsi
1199 1491 1288 1549 cedat
1316 1491 1424 1549 comiti
1447 1488 1590 1557 crisiensi,
1614 1491 1640 1542 et

377 1598 486 1655 eodem
510 1598 605 1656 modo
628 1599 659 1656 in
683 1599 830 1656 comitatu
862 1599 1054 1672 zagrabiensi
1085 1599 1191 1656 comiti
1222 1597 1360 1655 eiusdem
1384 1603 1414 1654 et
1438 1597 1481 1654 sic
1504 1595 1572 1652 aliis
1596 1607 1639 1649 co·

376 1704 504 1762 mitibus
527 1705 558 1762 in
581 1706 780 1762 comitatibus
803 1704 992 1762 eorumdem.
1017 1704 1079 1777 Qui
1102 1707 1231 1764 comites
1253 1711 1365 1761 extunc
1387 1706 1549 1760 teneantur
1563 1713 1639 1756 com-

377 1811 494 1883 pellere
517 1811 638 1868 nobiles
661 1817 690 1867 et
714 1812 796 1868 cives
824 1811 864 1868 ad
895 1811 1060 1868 solvendas
1089 1811 1225 1868 decimas
1255 1811 1373 1883 integre
1405 1805 1639 1866 decimaton'bus

377 1917 557 1974 eorumdem
589 1923 618 1975 et
649 1918 866 1975 nichilominus
888 1919 1006 1991 possint
1034 1933 1093 1991 pro
1125 1935 1157 1975 se
1180 1917 1294 1975 iudicia
1321 1918 1469 1990 recipere,
1499 1921 1590 1990 prout
1611 1913 1638 1968 in

377 2023 447 2080 aliis
470 2023 582 2080 nostris
606 2024 703 2080 literis
735 2024 858 2096 plenius
889 2026 1068 2081 continetur.
1100 2024 1216 2082 Datum
1246 2023 1405 2096 Zagrabie,
1442 2023 1517 2080 teria
1550 2019 1639 2077 tercia

378 2133 448 2186 ante
473 2128 586 2186 testum
619 2130 833 2203 apostolorum
865 2128 1010 2202 Symonis
1040 2137 1069 2187 et
1098 2129 1185 2213 Jude.
1217 2133 1307 2187 Anno
1335 2129 1454 2186 domini
1478 2126 1639 2185 millesimo

378 2234 456 2292 CCC
481 2236 628 2293 vicesimo
651 2241 768 2294 octavo.

484 2371 506 2420 E
531 2371 603 2421 libro
628 2371 718 2436 privil.
739 2371 817 2437 episc.
838 2373 942 2438 zagrab.
964 2372 1008 2422 sol.
1034 2373 1071 2421 16.
1092 2379 1117 2421 et
1139 2382 1176 2436 19.
1196 2373 1276 2421 Extat
1295 2371 1322 2420 in
1344 2377 1510 2436 transumpto
1528 2368 1638 2420 eiusdem

379 2458 477 2524 Mykch
497 2459 557 2510 bani
576 2475 644 2509 anno
667 2470 739 2520 1334.
761 2460 790 2510 ln
810 2461 879 2510 arch.
900 2461 1043 2525 archiepsc.
1063 2461 1210 2510 Decimalia
1230 2459 1290 2510 lasc.
1313 2471 1333 2509 1.
1353 2476 1392 2510 nr.
1413 2471 1437 2519 3.

967 2656 1053 2721 148.

485 2799 560 2846 Anno
583 2807 657 2859 1329,
678 2807 697 2846 l.
716 2796 838 2862 januarii.
857 2797 1010 2863 Zagrabiae.

380 2925 535 2983 Ladislaus
558 2927 701 2999 episcopus
730 2926 845 2999 zagrab.
869 2927 996 3000 (affictam
1018 2927 1111 2982 cultus
1133 2925 1228 2982 dt'ru'ni
1248 2927 1385 3000 quomodo
1405 2927 1435 2983 in
1451 2930 1513 2985 eccl.
1530 2923 1635 2998 zagrab-

751 3034 805 3088 n'le
827 3033 1034 3090 observandum
1053 3033 1099 3100 sil,
1116 3032 1275 3105 prescribit.

469 3174 637 3244 ladislaus,
662 3174 711 3231 dei
735 3181 763 3231 et
787 3176 956 3248 apostolice
986 3176 1067 3232 sedis
1098 3177 1210 3248 gracia,
1242 3177 1406 3249 episcopus
1430 3175 1633 3250 zagrabiensis.

379 3281 527 3338 Discretis
551 3281 626 3337 viris
650 3280 797 3338 iratribus
820 3283 884 3338 suis
907 3284 1060 3339 canonicis
1080 3283 1210 3354 singulis
1226 3299 1280 3340 sue
1296 3284 1503 3355 zagrabiensis
1519 3281 1634 3342 ecclesie

379 3392 409 3444 et
433 3387 686 3460 procuratoribus
710 3387 887 3444 absencium
913 3405 950 3444 ex
974 3387 1091 3445 eisdem
1115 3389 1248 3445 salutem
1272 3396 1302 3445 et
1327 3393 1488 3462 paternam
1504 3388 1635 3447 benedic·

380 3493 506 3550 cionem.
538 3492 626 3548 quta
658 3492 887 3550 ordinacionem
911 3499 941 3550 et
964 3495 1218 3552 constitucionem
1245 3497 1433 3554 venerabilis
1457 3497 1558 3570 patris,
1588 3494 1635 3551 do-

382 3599 457 3655 mini
491 3597 594 3655 fratris
627 3599 799 3668 Augustini,
832 3607 935 3656 sancte
966 3603 1116 3658 memorie
1146 3601 1374 3675 predecessoris
1394 3605 1499 3666 nostri.
1521 3603 1550 3659 in
1571 3603 1634 3674 ipsa

380 3711 484 3762 nostra
517 3704 646 3760 ecclesia
680 3705 849 3762 secundum
883 3706 1025 3762 ordinem
1066 3707 1250 3779 dignitatum
1287 3715 1317 3766 et
1352 3715 1567 3782 personatuum
1606 3722 1636 3764 ac

382 3811 515 3868 aliorum
548 3828 585 3868 ex
615 3811 713 3882 vobiS,
746 3812 874 3884 quidam
904 3813 935 3870 in
963 3813 1155 3884 sacerdotali,
1187 3813 1316 3886 quidam
1348 3815 1378 3871 in
1402 3814 1585 3887 dyaconatus
1608 3819 1633 3870 et

381 3917 533 3990 aliqui¹in
556 3917 804 3990 subdyaconatus
829 3918 999 3990 ordinibus,
1027 3925 1119 3993 prout
1150 3927 1235 3992 patet
1264 3921 1415 3995 superius,
1447 3937 1568 3979 suorum
1598 3927 1636 3976 te·

381 4027 492 4079 nentur
515 4022 692 4080 officiorum
715 4025 876 4081 exsolvere
899 4025 1012 4096 debita,
1037 4042 1105 4098 que,
1130 4032 1163 4082 ut
1187 4028 1393 4100 percepimus,
1417 4027 1566 4085 interdum
1589 4041 1635 4083 ne

381 4129 550 4201 gliguntur,
573 4129 601 4186 in
628 4130 815 4201 quibusdam
839 4137 869 4188 et
892 4133 984 4203 male,
1008 4131 1253 4200 cumbeneficia
1278 4141 1407 4206 propter
1422 4133 1523 4191 officia
1539 4149 1636 4190 conce-

381 4235 493 4292 dantur
523 4235 692 4292 secundum
723 4238 868 4295 canonica
899 4239 1043 4296 instituta.
1076 4238 1179 4310 Quare
1209 4239 1299 4296 vobis
1328 4239 1438 4297 damus
1461 4240 1585 4298 firmiter
1608 4239 1636 4294 in

382 4341 543 4414 preceptis,
576 4349 726 4414 quatenus
756 4349 859 4401 vestra
890 4343 993 4402 officia
1024 4359 1060 4402 eo
1089 4345 1191 4416 modo,
1215 4346 1294 4402 sicut
1317 4345 1515 4418 predecessor
1538 4359 1637 4418 supra·

382 4446 481 4504 dictus
504 4449 660 4504 constituit
684 4455 714 4506 et
738 4451 884 4523 precepit,
905 4467 962 4524 per
985 4467 1040 4508 vos
1063 4452 1148 4523 ipsos
1172 4457 1201 4508 et
1225 4452 1419 4524 quandoque,
1444 4468 1533 4509 causa
1547 4450 1636 4508 racio

381 4553 479 4609 nabili
500 4559 671 4622 excusante,
704 4570 759 4627 per
790 4555 868 4612 alios
896 4555 1032 4627 ydoneos
1056 4557 1204 4615 studeatis
1227 4558 1360 4615 sollicite
1392 4559 1570 4632 adimplere,
1602 4572 1637 4614 ne

383 4658 492 4715 exinde
524 4658 662 4716 delectus
692 4666 841 4733 appareat
871 4662 1024 4734 aliqualis.
1059 4664 1096 4720 Et
1126 4669 1160 4721 ut
1193 4665 1295 4721 cultus
1324 4664 1449 4722 divinus
1479 4665 1508 4722 in
1538 4662 1636 4722 eadem

381 4771 486 4820 nostra
508 4765 637 4821 ecclesia
660 4773 807 4839 operante
829 4766 955 4825 domino
979 4775 1135 4842 augeatur,
1160 4771 1306 4828 volumus
1328 4777 1358 4827 et
1382 4770 1514 4829 firmiter
1537 4772 1565 4828 in
1582 4769 1637 4826 vir·

383 4877 447 4926 tute
469 4879 571 4927 sancte
595 4871 772 4929 obediencie
803 4873 992 4946 iniungimus
1023 4875 1194 4946 statuendo
1218 4883 1251 4934 ut
1275 4885 1414 4934 vestrum
1437 4878 1558 4950 singuli,
1580 4874 1636 4947 qui,

383 4975 413 5032 in
442 4976 727 5051 sollempnitatibus
761 4981 913 5037 consuetis
943 4982 974 5038 in
1006 4987 1110 5039 nostra
1141 4983 1271 5041 ecclesia
1301 4984 1462 5042 observari
1495 4985 1544 5042 rel
1567 4983 1637 5040 alias
