3600 5804
504 556 577 613 Doc.
600 570 668 613 212.
692 569 759 632 213.
780 589 816 598 —
834 556 890 613 An.
915 569 1004 634 1347.

715 749 795 816 212.

227 893 304 942 Anno
326 898 400 952 1347.
422 891 462 944 16.
484 889 610 942 octobris.
631 891 728 940 Budae.

160 1019 319 1077 Luilnuicus
342 1017 522 1091 Hungariae
543 1027 590 1077 etc.
614 1038 676 1088 rex,
699 1020 773 1076 cives
802 1017 976 1077 Grechenses
999 1038 1018 1075 a
1041 1019 1170 1093 qualibet
1191 1018 1347 1075 tributaria

528 1127 674 1182 exactione
696 1125 798 1182 liberos
820 1144 877 1182 esse
900 1126 973 1182 dr'cit.

210 1287 382 1346 Lodouicus
405 1287 455 1346 dei
478 1289 581 1360 gracia
604 1305 659 1346 rex
682 1289 846 1361 Hungarie.
871 1289 1029 1347 Fidelibus
1053 1290 1115 1347 suis
1142 1290 1294 1346 universis
1318 1304 1387 1361 pre-

128 1393 203 1462 latis
223 1394 399 1464 baronibus
417 1395 591 1466 comitibus
608 1389 816 1472 (castellanis),
834 1395 992 1452 nobilibus
1010 1401 1040 1452 et
1056 1396 1126 1452 aliis
1142 1395 1277 1452 cuiusvis
1294 1400 1390 1451 status

128 1505 156 1555 et
170 1497 324 1571 dignitatis
349 1501 536 1569 hominibus,
553 1515 722 1572 eorumque
739 1502 821 1558 vices
844 1501 1038 1572 gerentibus;
1062 1502 1135 1558 item
1160 1501 1339 1558 civitatibus
1357 1505 1387 1556 et

129 1604 230 1661 liberis
252 1606 339 1662 villis
363 1652 369 1662 .
393 1652 399 1664 .
424 1653 429 1664 .
454 1652 460 1664 .
484 1608 551 1675 bus,
582 1607 737 1664 iudicibus
766 1613 796 1664 et
832 1607 945 1664 villicis
977 1613 1040 1664 tam
1071 1608 1102 1664 in
1129 1608 1218 1664 terris
1241 1622 1335 1678 quam
1360 1607 1391 1663 in

129 1712 212 1784 aquis
234 1713 351 1770 tributa
374 1714 571 1780 habentibus,
595 1716 709 1786 quibus
733 1720 888 1787 presentes
911 1714 1113 1772 ostendentur
1129 1715 1260 1772 salutem
1277 1721 1306 1770 et
1322 1729 1391 1782 gra-

129 1819 212 1876 ciam.
235 1819 383 1877 Exhibuit
406 1821 496 1878 nobis
518 1821 594 1904 Jexa
624 1821 718 1878 iudex
748 1822 881 1878 civitatis
913 1821 1100 1878 Grechensis
1127 1820 1165 1877 de
1188 1821 1337 1894 Zagrabia
1362 1826 1390 1876 et

131 1923 304 1983 Benedictus
328 1927 406 1983 civis
429 1926 468 1984 de
491 1927 598 1984 eadem
623 1943 678 1984 sua
701 1933 731 1984 et
753 1929 971 1985 universorum
1003 1927 1118 1985 civium
1152 1943 1204 1984 seu
1232 1927 1391 1999 hospitum

130 2029 165 2086 de
186 2031 322 2104 predicta
345 2033 470 2089 civitate
492 2039 597 2090 nostra
619 2035 651 2090 in
675 2035 822 2106 personis,
851 2033 1079 2106 conquerendo,
1103 2033 1186 2106 quod
1211 2049 1266 2090 vos
1285 2040 1391 2090 contra

130 2137 264 2209 ipsorum
286 2140 466 2196 libertatem
500 2155 555 2212 per
586 2139 817 2213 predecessores
847 2145 969 2196 nostros
1001 2154 1178 2196 concessam
1202 2144 1231 2196 et
1255 2154 1311 2212 per
1338 2155 1392 2195 no-

131 2249 220 2301 stram
244 2245 435 2301 maiestatem
460 2243 576 2301 eisdem
601 2245 825 2313 confirmatam,
849 2245 879 2302 in
902 2245 978 2302 locis
1003 2245 1192 2302 tributorum
1218 2251 1392 2301 vestrorum

131 2350 168 2406 ab
190 2351 265 2423 ipsis
289 2351 404 2409 tributa
428 2352 592 2423 exigeretis
616 2357 646 2408 et
669 2352 791 2422 exigere
822 2350 971 2420 faceretis
1003 2351 1121 2407 litteras
1150 2349 1304 2424 predictas
1328 2355 1392 2407 tam

131 2456 378 2529 predecessorum
402 2465 579 2516 nostrorum
605 2473 700 2532 quam
715 2464 836 2514 nostras
860 2457 1106 2515 confirmatorias
1130 2455 1393 2530 parvipendendo.

132 2560 226 2635 Super
248 2578 309 2636 quo
332 2563 475 2622 fidelitati
498 2570 601 2622 vestre
631 2564 717 2636 regio
747 2563 849 2620 edicto
878 2563 1009 2621 firmiter
1031 2563 1142 2620 damus
1175 2563 1205 2620 in
1229 2563 1392 2636 preceptis

132 2675 276 2740 quatenus
298 2685 316 2726 a
340 2669 467 2744 prelatis
492 2671 613 2728 civibus
636 2676 666 2727 et
690 2670 865 2744 hospitibus
896 2670 1008 2726 nostris
1036 2669 1074 2726 de
1094 2675 1199 2726 monte
1223 2667 1391 2726 Grechensi

132 2773 248 2832 nullum
271 2777 433 2848 tributum,
449 2777 610 2834 nullamve
627 2777 824 2834 tributariam
841 2776 1038 2833 exaccionem
1055 2777 1192 2849 recipere
1216 2780 1246 2831 et
1270 2775 1392 2845 exigere

132 2887 232 2938 contra
255 2881 428 2940 libertatem
455 2883 595 2956 ipsorum
617 2899 674 2957 per
697 2883 930 2956 predecessores
952 2887 1073 2940 nostros
1097 2880 1252 2955 predictos
1276 2879 1390 2936 factam

133 2991 160 3042 et
182 3003 237 3060 per
259 3002 314 3044 nos
336 2988 454 3045 eisdem
488 2988 712 3058 confirmatam,
744 2988 1001 3062 presumpmatis;
1026 3003 1112 3044 secus
1147 2987 1225 3042 sicut
1252 2993 1389 3042 nostram

132 3093 244 3164 regiam
267 3093 512 3166 indignacionem
536 3096 673 3167 graviter
704 3095 860 3152 incurrere
884 3093 1067 3164 formidatis
1092 3093 1193 3150 facere
1213 3091 1389 3150 nullatenus

134 3197 271 3257 audeatis.
306 3200 421 3258 Datum
446 3200 538 3272 Rode,
571 3199 703 3259 infesto
727 3201 808 3258 beati
832 3198 1130 3259 Galliconlessoris.
1162 3201 1251 3256 Anno
1276 3197 1394 3255 domini

135 3304 295 3363 millesimo
318 3307 453 3364 CCCXL
475 3308 616 3380 septimo.

215 3424 355 3490 Originale
374 3425 401 3474 in
420 3425 579 3481 membrana,
598 3440 613 3474 a
632 3429 709 3490 tergo
729 3425 871 3491 vestigium
890 3424 979 3490 magni
998 3424 1121 3488 impressi
1141 3422 1234 3488 sigilli.
1248 3422 1279 3472 Iu
1292 3422 1392 3472 archiv.

135 3509 177 3559 lib.
194 3527 247 3584 reg.
268 3513 316 3563 civ.
336 3514 442 3580 nagrab.

721 3744 802 3810 213.

234 3889 308 3936 Anno
331 3893 405 3948 1347,
425 3895 448 3944 3.
467 3885 626 3936 novembris.
646 3885 784 3937 Avinione.

143 4009 281 4070 Universis
309 4014 419 4071 Christi
438 4014 576 4088 fidelibus
606 4013 750 4073 ecclesiam
772 4015 939 4072 nronasterr'i
958 4015 982 4072 b.
1007 4033 1033 4072 v.
1057 4016 1180 4072 Mariae
1210 4015 1270 4072 ord.
1301 4017 1395 4073 cister-

138 4119 236 4187 ciensis,
260 4119 436 4192 Zagrabr'ae‚
458 4120 557 4179 diebus
580 4121 747 4195 qui'bnsdanr
764 4122 851 4196 sistis
873 4121 970 4178 deuote
993 4123 1184 4187 inhiantibus,
1202 4121 1396 4193 indulgentiae

660 4229 857 4286 conceduntur.

220 4372 375 4430 Universis
406 4379 508 4430 sancte
539 4374 647 4430 matris
677 4374 804 4430 ecclesie
836 4373 909 4431 filiis
935 4373 975 4432 ad
1011 4390 1088 4446 quos
1112 4381 1270 4448 presentes
1293 4377 1395 4434 littere

140 4479 333 4548 pervenerint,
356 4493 421 4549 nos,
444 4479 644 4536 miseracione
667 4479 779 4550 divina,
805 4479 906 4536 Adam
923 4481 1109 4553 petenensis
1127 4482 1309 4539 Franciscu's
1325 4499 1395 4540 can-

140 4579 259 4654 ricensis,
283 4583 451 4641 Nicholaus
481 4585 636 4656 acciensis
667 4585 801 4668 Jacobus
833 4586 989 4656 benensis,
1021 4585 1189 4659 Gregorius
1213 4587 1395 4658 salimensis,

142 4687 319 4759 Augustinus
350 4689 591 4761 destillariensiS,
621 4691 775 4774 Johannes
808 4692 1014 4762 tribuniensis
1039 4691 1207 4763 Gregorius
1230 4691 1394 4765 opidensis‚

142 4790 265 4853 Thomas
288 4797 434 4868 tiniensis
458 4796 627 4855 Nicholaus
649 4799 814 4868 suanensis,
838 4799 992 4855 Auancius
1015 4798 1212 4869 xanthiensis,
1239 4799 1395 4881 Johannes

142 4901 366 4975 termipolensis,
401 4903 580 4960 Franciscus
613 4903 780 4974 brehensis‚
816 4904 924 4961 Petrus
959 4903 1114 4960 calliensis
1148 4909 1177 4960 et
1214 4903 1395 4962 Benedictus

143 5009 326 5080 samonensis,
342 5009 488 5082 episcopi,
504 5009 636 5066 salutem
653 5010 684 5067 in
704 5009 830 5068 domino
846 5011 1075 5083 sempiternam.
1093 5007 1250 5082 Splendor
1267 5015 1392 5084 paterne
