3782 5812
344 1369 390 1416 An·
414 1375 542 1429 1093-5.
857 1331 887 1397 1·

239 1491 395 1550 ladislaus
410 1511 465 1549 rex
487 1495 604 1551 consilio
622 1495 821 1567 episcoporum,
839 1501 1006 1566 magnatum
1023 1501 1051 1552 et
1064 1493 1200 1551 nobilium
1217 1491 1307 1549 sedem
1322 1491 1506 1566 epucopalem

243 1599 409 1672 Zagrubiue
438 1599 571 1668 imtitut't,
598 1601 677 1674 eique
707 1601 737 1656 in
773 1600 861 1656 dotem
887 1601 1028 1673 populum
1059 1599 1092 1656 de
1119 1598 1267 1656 Dabrona
1291 1613 1352 1654 cum
1380 1605 1460 1654 terra
1482 1605 1511 1654 ct

676 1707 752 1763 siloa
776 1705 932 1778 attingente
953 1705 1070 1780 confirt.

328 1847 360 1904 ln
383 1849 509 1906 nomine
532 1851 630 1923 patris
653 1857 683 1908 et
706 1849 762 1908 filii
787 1858 817 1908 et
841 1850 967 1923 spiritus
991 1851 1095 1908 sancti.
1120 1852 1226 1908 Amen.

328 1954 485 2026 Regnante
508 1955 704 2014 nobilissimo
726 1971 798 2029 rege
822 1953 1014 2022 Ladisclauo‚
1038 1957 1249 2030 strigoniensis
1273 1972 1348 2015 vero
1378 1957 1506 2014 ecclesie

238 2061 410 2133 primatum
435 2062 523 2118 Acha
544 2062 744 2133 gubernante,
767 2071 796 2118 et
827 2063 981 2120 hanciensi
1009 2062 1244 2136 archiepiscopo
1276 2061 1414 2120 Fabiano
1445 2062 1509 2120 erri-

236 2171 343 2232 stente,
367 2167 585 2240 besprimiensi
608 2163 757 2242 episcopo
780 2167 902 2236 cosma,
926 2168 1078 2242 pallatino
1101 2169 1213 2226 comite
1228 2168 1309 2251 Jula‚
1326 2167 1510 2241 semegiensi

236 2245 349 2328 comite
372 2269 468 2340 Grab‚
492 2271 650 2346 predictus
680 2289 743 2337 rex.
774 2273 881 2330 divina
910 2275 1010 2346 gratia
1041 2274 1218 2346 inspirante,
1251 2275 1364 2332 horum
1393 2277 1508 2332 cetero·

234 2393 371 2450 rumque
392 2379 547 2436 nobilium
571 2381 700 2437 consilio
730 2379 963 2452 zagrabiensem
995 2380 1152 2438 constituit
1176 2379 1398 2454 episcopatum,
1422 2379 1508 2438 vide·

233 2484 308 2540 iicet
331 2491 365 2540 ut
389 2499 468 2556 quos
491 2499 579 2542 error
601 2485 745 2555 idolatrie
775 2501 794 2542 a
824 2483 876 2543 dei
905 2485 1027 2542 cultura
1059 2491 1221 2544 extraneos
1245 2484 1367 2558 iecerat,
1391 2487 1508 2560 episco-

234 2590 318 2662 palis
340 2605 414 2648 cura
446 2589 486 2647 ad
518 2591 602 2648 viam
633 2592 773 2648 veritatis
804 2590 974 2650 reduceret.
1008 2589 1057 2648 Ad
1081 2591 1293 2650 instruendam
1323 2607 1397 2665 ergo
1417 2592 1509 2652 huius

233 2696 340 2769 plebis
363 2697 569 2768 ignorantiam
594 2695 749 2769 quendam
773 2698 953 2754 boemicum
968 2697 1157 2755 venerabilis
1173 2699 1236 2755 vite
1252 2698 1365 2768 virum,
1385 2698 1529 2756 nomine

234 2801 334 2862 Duch.
359 2801 506 2858 idoneum
529 2803 676 2876 repperit,
697 2819 789 2875 quem
812 2801 914 2860 eidem
935 2804 1063 2861 ecclesie
1087 2809 1244 2878 pastorem
1267 2819 1438 2878 persuum
1461 2819 1509 2861 ca·

234 2901 423 2984 (pel)lanum
446 2907 609 2966 Faucicam
633 2907 798 2980 delegavit,
818 2910 869 2982 qui
894 2915 924 2966 et
947 2909 995 2967 iili
1015 2910 1142 2966 ecclesie
1161 2908 1349 2967 officinarios
1366 2911 1404 2967 de
1419 2909 1510 2968 semi·

234 3013 333 3084 gicnsi
357 3019 388 3069 et
412 3013 526 3071 zalensi
550 3015 697 3072 comitatu
719 3014 882 3073 ordinavit.
907 3015 1049 3072 Preterea
1075 3015 1155 3072 alter
1181 3015 1369 3088 capellanus,
1398 3014 1508 3089 cupan

234 3119 378 3189 nomine,
410 3125 559 3194 precepto
589 3120 728 3178 eiusdem
757 3123 840 3194 regis
870 3120 956 3180 dedit
986 3120 1087 3179 eidem
1119 3121 1247 3178 ecclesie
1280 3121 1435 3196 populum
1469 3119 1508 3178 de

235 3225 400 3284 Dumbroa
424 3241 496 3282 cum
518 3233 601 3284 terra
624 3233 653 3283 et
677 3227 757 3284 silva
779 3227 840 3284 sibi
863 3227 1065 3300 appendente.

326 3343 436 3394 Initium
462 3343 512 3393 aeti
535 3344 728 3410 crehiepiscopi
748 3345 938 3411 strigoniensis
956 3345 1091 3404 Felieiant
1119 3345 1166 3409 qui
1185 3361 1252 3396 anno
1275 3355 1341 3408 1134
1359 3345 1507 3412 predictum

235 3438 335 3481 terram
363 3439 389 3481 et
414 3431 508 3480 silvam
533 3433 667 3484 Dubrava.
694 3448 708 3482 a
733 3435 849 3503 quodam
878 3435 1000 3499 Sudcnga
1022 3435 1195 3492 subtractam,
1222 3433 1360 3484 definitiva
1379 3435 1506 3485 sententia

235 3519 325 3568 eidem
344 3520 510 3584 episcopatui
529 3521 652 3572 restituit.

328 3607 469 3672 Originale
488 3615 546 3658 atro
566 3608 717 3675 charactere
738 3609 894 3660 nitidissime
913 3617 1058 3665 exaratum.
1077 3613 1123 3660 sed
1136 3611 1188 3660 iam
1207 3625 1322 3668 exesum,
1342 3611 1369 3660 in
1381 3612 1452 3662 arch.
1466 3627 1506 3661 ar·

236 3695 451 3760 chiepiscopatus
469 3697 573 3760 zagrab.
595 3688 812 3763 ‚‚Privilegialia“
834 3715 877 3760 nr.
901 3709 921 3748 1.
941 3699 1021 3749 Extat
1040 3714 1146 3762 quoque
1166 3699 1192 3748 in
1218 3698 1422 3750 confirmatoriis
1441 3701 1506 3750 Gre-

235 3783 307 3848 gorii
329 3783 378 3832 IX.
400 3784 493 3848 Papae,
512 3801 551 3834 an.
569 3793 642 3840 1227,
666 3787 702 3835 18.
722 3785 796 3851 Julii.
817 3787 930 3852 Regesta
946 3787 1072 3854 Gregorii
1087 3786 1135 3836 lx.
1149 3803 1181 3837 an
1198 3787 1226 3846 1.‚
1245 3803 1285 3854 ep.
1309 3798 1363 3850 149.
1378 3803 1408 3838 ac
1427 3789 1506 3839 etiam

236 3871 264 3919 in
284 3869 359 3919 libro
380 3870 605 3936 „Privitegiorum
624 3873 702 3936 episc.
723 3875 853 3938 zagrah.“.
873 3875 963 3924 codice
982 3876 1149 3924 membraneo
1169 3890 1233 3924 saec.
1254 3875 1330 3925 xlv.
1350 3875 1394 3926 iol.
1415 3887 1455 3935 32.
1476 3857 1478 3862 Ι

327 3957 464 4023 Integrum
479 3959 548 4024 typis
562 3961 682 4026 vulgavit
696 3963 818 4011 mendose
833 3962 970 4012 Balthasar
987 3963 1099 4012 Krdelic‘.
1114 3963 1233 4013 Historia
1247 3964 1362 4014 cathedr.
1383 3966 1446 4017 eccl.
1465 3981 1505 4015 aa·

235 4046 388 4111 grabiensis
407 4045 426 4095 I.
447 4063 471 4110 p.
495 4057 514 4096 1.
534 4061 564 4096 ac
583 4049 697 4098 Farlati:
723 4049 862 4115 Illyricum
886 4067 995 4100 sacrum.
1020 4059 1082 4101 tom.
1103 4051 1133 4099 V.
1154 4067 1178 4117 p.
1200 4061 1263 4110 350;
1283 4053 1343 4102 inde
1362 4054 1447 4119 magis
1466 4069 1505 4104 er·

236 4149 318 4184 ronee
339 4133 459 4184 Katona:
479 4135 547 4185 Hist.
568 4137 625 4185 crit.
646 4136 678 4186 11.
698 4138 757 4198 484
778 4145 803 4187 et
822 4136 911 4203 Fejer:
936 4141 1027 4190 Codex
1045 4141 1110 4204 dipl.
1129 4156 1183 4206 reg.
1210 4141 1371 4206 Hungariae,
1393 4149 1454 4193 tom.
1484 4152 1505 4196 l.

236 4238 261 4286 p.
282 4222 343 4283 484.
365 4225 394 4270 A.
415 4221 544 4272 Theiner:
564 4239 577 4272 e
597 4239 651 4289 reg.
672 4233 742 4290 pont.
763 4229 865 4292 pariter
886 4243 1002 4278 erronee.
1024 4257 1055 4265 -
1078 4229 1264 4280 Recentissime
1281 4237 1429 4280 correctum
1450 4233 1505 4281 vnl-

235 4309 312 4374 gavit
331 4311 406 4375 Joan.
426 4309 547 4360 Thateis:
572 4311 740 4363 hlonumenta
760 4315 888 4365 historica
910 4317 1077 4381 episcopatus
1102 4319 1205 4382 zagrab.
1227 4325 1287 4367 tom.
1309 4317 1329 4372 1.
1349 4334 1373 4384 p.
1397 4329 1417 4368 1.
1437 4321 1506 4369 unde

236 4405 262 4447 et
281 4397 357 4463 Joan.
378 4397 551 4462 Kukuljevle:
577 4399 667 4449 Codex
695 4401 881 4466 diplomaticus
900 4404 975 4469 regni
995 4405 1127 4464 (raetiae,
1147 4405 1286 4456 Slavoniae
1305 4413 1330 4455 et
1350 4407 1505 4466 Dalmatiae,

236 4490 300 4534 tom.
322 4485 355 4534 ΙΙ.
377 4501 402 4550 p.
417 4486 457 4534 26.
478 4501 507 4535 ac
526 4487 600 4538 Fcrd.
621 4489 725 4538 Knaus:
745 4489 813 4540 hlon.
834 4493 895 4541 ecel.
913 4492 1028 4558 Strigon.
1049 4495 1100 4543 vol.
1122 4493 1140 4543 1.
1161 4511 1184 4559 p.
1205 4495 1252 4551 85;
1271 4496 1376 4544 demum
1395 4495 1441 4544 Dr.
1462 4496 1504 4545 Fr.

237 4573 337 4622 Raeti:
357 4574 418 4638 (sed
438 4573 543 4624 initium
562 4578 676 4642 tantum)
697 4577 764 4628 Mon.
785 4580 853 4629 Slnv.
874 4581 965 4630 merid.
986 4583 1037 4631 vol.
1058 4581 1116 4632 VII.
1136 4599 1160 4647 p.
1184 4584 1239 4639 158.

328 4665 420 4712 Annus
439 4663 573 4714 institutae
592 4665 661 4714 sedis
680 4667 838 4732 episcopalis
862 4679 926 4731 1093
944 4685 999 4719 esse
1019 4671 1131 4720 videtur.
1151 4671 1217 4720 Nam
1237 4687 1250 4720 e
1266 4671 1423 4730 nominibus,
1437 4687 1505 4736 quae

237 4751 407 4800 adducuntur
434 4751 459 4800 in
489 4751 552 4816 ipsis
579 4753 690 4810 litteris,
719 4755 769 4804 hoc
797 4758 954 4807 concludere
983 4759 1058 4816 licet,
1087 4765 1112 4808 et
1140 4759 1261 4822 quidem:
1290 4759 1504 4826 archiepiscopus

237 4837 423 4902 strigoniensis
443 4839 523 4898 acha,
542 4840 588 4903 qui
608 4856 646 4890 an.
665 4851 737 4906 1093.
758 4843 833 4894 vixit.
848 4846 938 4911 (Fejer
954 4849 1009 4895 cod.
1024 4847 1078 4912 dip.
1093 4847 1111 4896 I.
1126 4847 1199 4912 484).
1214 4847 1344 4897 Fabianus
1358 4849 1504 4899 bachiensis

241 4935 367 4987 1003-4.
393 4927 491 4990 (Fejer.
511 4927 530 4976 1.
554 4931 613 4988 482,
631 4933 691 4990 484,
714 4932 787 4996 481).
811 4933 926 4992 Cosmas,
945 4935 1140 5000 vesprimiensis
1169 4945 1241 4997 1003.
1268 4937 1364 5001 (Fejer.
1392 4936 1410 4986 1.
1430 4939 1504 5002 484).

237 5014 299 5079 Jula
317 5015 464 5078 pallatinus
486 5025 557 5078 1094.
578 5017 667 5081 (Fejer
683 5018 702 5068 Ι.
716 5021 790 5084 487).
811 5021 903 5071 Comes
916 5021 1075 5087 simigiensis
1094 5023 1168 5073 Grab
1191 5033 1263 5086 1092.
1285 5024 1381 5090 (Fejer.
1396 5023 1416 5075 1.
1430 5027 1504 5092 484).

1386 5142 1395 5180 l
