3600 5804
421 535 479 608 138
837 531 909 592 Dec.
933 528 1001 608 156.
1028 567 1065 574 -
1090 532 1146 590 An.
1171 547 1257 610 1332.

413 735 615 810 privilegium
648 734 728 792 dicte
760 735 893 792 civitatis
924 739 1027 792 nostre
1057 732 1096 790 de
1123 739 1227 790 monte
1250 731 1405 803 Grecensi,
1429 734 1579 791 continens
1601 734 1664 806 plu-

412 843 509 899 rimos
533 847 654 898 tenores
677 841 851 898 litterarum
873 856 991 914 regum,
1016 839 1269 914 predecessorum
1292 845 1471 897 nostrorum
1491 847 1519 897 et
1534 841 1664 908 aliorum,

418 948 446 1004 in
479 963 541 1018 quo
572 917 786 1020 principaliter
816 946 951 1004 vidimus
982 947 1139 1017 contineri,
1170 946 1254 1020 quod
1285 947 1412 1004 domina
1442 947 1538 1020 Nyda‚
1567 949 1664 1004 relicta

418 1053 549 1111 Gilionis
585 1053 742 1126 quondam
777 1055 876 1112 villici
910 1055 1124 1126 zagrabiensis‚
1158 1054 1305 1111 Nicolaus
1335 1057 1365 1110 et
1398 1053 1579 1123 Franciscus,
1611 1053 1664 1110 filii

413 1159 560 1230 eiusdem,
584 1159 714 1217 Nicolao
737 1165 767 1216 et
790 1159 910 1234 prefato
942 1160 1051 1230 Endre,
1079 1162 1160 1234 patri
1183 1162 1280 1234 ipsius
1304 1161 1471 1228 Michaelis,
1496 1159 1565 1216 filiis
1586 1159 1665 1216 vide-

413 1265 485 1322 licet
507 1263 670 1336 Syrgirini,
695 1264 772 1322 duas
795 1266 896 1323 curias
928 1267 1067 1339 ipsorum
1091 1266 1226 1324 indicta
1250 1267 1373 1324 civitate
1397 1271 1501 1324 nostra
1523 1263 1665 1334 Grecensi,

414 1371 493 1427 inter
515 1371 616 1427 curias
639 1369 795 1444 Stephani,
820 1371 878 1428 filii
900 1372 1057 1454 Johannis‚
1089 1389 1213 1431 murum
1237 1373 1329 1430 castri
1352 1378 1382 1430 et
1405 1373 1522 1430 curiam
1546 1371 1664 1429 fratrum

416 1475 648 1536 Predicatorum
684 1477 856 1548 existentes,
891 1493 961 1534 cum
996 1479 1130 1552 pallacio
1165 1478 1303 1536 desolato
1336 1494 1373 1535 ac
1403 1478 1473 1535 aliis
1496 1477 1617 1535 edificiis
1638 1477 1664 1534 in

414 1582 530 1640 eisdem
556 1583 658 1640 sundis
678 1585 834 1640 curiarum
854 1584 1035 1654 constitutis,
1051 1589 1192 1658 optentas
1212 1601 1269 1658 per
1288 1590 1495 1642 memoratum
1513 1581 1665 1655 Gylionem

414 1706 452 1746 ex
488 1695 575 1763 parte
609 1689 847 1761 magnificorum
881 1691 1032 1760 viromm,
1067 1690 1227 1748 videlicet:
1263 1691 1383 1748 Nicolai
1418 1691 1500 1760 bani,
1537 1689 1663 1758 magistri

413 1795 502 1852 Pauli
517 1800 547 1853 et
560 1794 707 1869 Stephani
724 1797 805 1866 bani,
817 1795 955 1854 filiorum
970 1795 1116 1871 Stephani
1134 1797 1291 1870 quondam
1308 1797 1380 1854 bani
1394 1797 1492 1854 tocius
1509 1795 1665 1861 Sclauonie,

417 1902 549 1974 receptis
572 1902 612 1958 ab
636 1903 711 1975 ipsis
734 1902 808 1960 filiis
838 1901 989 1975 Syrgirini
1017 1903 1175 1976 sexaginta
1198 1904 1310 1960 marcis
1332 1902 1539 1970 denariorum,
1561 1901 1665 1958 eisdem

417 2007 491 2064 filiis
514 2007 666 2080 Syrgirini
689 2013 841 2082 perpetuo
864 2009 893 2065 in
918 2008 1000 2066 filios
1027 2009 1164 2066 filiorum
1192 2009 1410 2067 vendidissent.
1442 2009 1479 2064 Et
1501 2007 1617 2065 tandem
1637 2007 1664 2063 in

415 2118 520 2171 tenore
543 2114 716 2172 litterarum
742 2114 873 2184 Andree,
890 2114 1048 2188 quondam
1072 2117 1161 2188 regis,
1185 2115 1321 2173 vidimus
1340 2115 1498 2184 contineri,
1514 2113 1591 2187 quod
1606 2128 1665 2170 ma·

415 2221 509 2291 gister
543 2219 666 2290 Paulus,
697 2220 782 2278 filius
813 2221 927 2294 prefati
957 2220 1106 2294 Stephani
1137 2222 1218 2292 bani,
1243 2220 1402 2294 quoddam
1426 2221 1578 2294 palacium
1598 2218 1665 2275 dicti

416 2323 563 2398 Stephani
587 2326 661 2384 bani
691 2327 788 2400 patris
818 2328 866 2384 sui
896 2333 926 2386 et
957 2343 1013 2401 per
1035 2343 1225 2400 consequens
1247 2343 1346 2396 suum,
1372 2333 1530 2399 tamquam
1553 2327 1596 2382 ius
1617 2339 1664 2396 pa·

417 2437 548 2502 ternum,
573 2433 706 2490 existens
729 2432 878 2505 Zagrabie
901 2435 932 2491 in
956 2440 1061 2491 monte
1084 2433 1239 2504 Grecensi,
1263 2432 1345 2506 quod
1370 2433 1477 2490 comiti
1499 2430 1600 2489 Hodus
1621 2444 1665 2486 co-

413 2543 506 2610 gnato
528 2553 584 2594 suo
607 2543 758 2612 perpetuo
781 2539 961 2611 contulerat,
985 2540 1025 2597 ab
1048 2540 1159 2598 eodem
1183 2539 1291 2597 Hodus
1314 2555 1372 2614 pro
1395 2539 1574 2597 concambio
1598 2551 1664 2610 qua·

411 2643 557 2700 rumdam
591 2645 820 2718 possessionum
854 2661 989 2716 suarum,
1021 2645 1167 2703 videlicet
1201 2645 1360 2718 Pollryma,
1392 2646 1422 2703 io
1459 2645 1600 2703 comitatu
1632 2641 1665 2698 de

413 2749 538 2820 Borsad‚
563 2751 636 2808 item
669 2750 783 2822 Buken,
814 2752 907 2824 Myxe
929 2757 959 2809 et
982 2752 1092 2825 Gyurk
1124 2759 1314 2823 vocatarum,
1337 2753 1368 2809 in
1392 2752 1540 2809 comitatu
1562 2750 1597 2807 de
1616 2747 1665 2805 Zo

415 2857 516 2913 bouch
549 2858 757 2927 existencium,
782 2858 975 2916 rehabuisset
1002 2865 1032 2917 et
1054 2859 1228 2932 recepisset,
1251 2865 1281 2915 et
1304 2859 1406 2932 ipsum
1432 2858 1595 2932 pallacium
1616 2870 1666 2928 per

414 2962 543 3020 modum
567 2964 740 3021 concambii
763 2965 794 3021 in
817 2980 908 3021 suum
931 2966 979 3022 ius
1003 2965 1112 3022 iterato
1136 2965 1320 3022 devolutum
1338 2963 1460 3038 pretato
1476 2963 1598 3036 Gylioni
1612 2960 1664 3018 ciri

412 3067 558 3126 Grecensi
581 3071 622 3126 ob
646 3070 756 3126 merita
785 3070 989 3128 serviciorum
1019 3087 1147 3128 suorum
1177 3077 1207 3128 et
1230 3071 1551 3144 recompensacionem
1573 3081 1664 3126 rerum

412 3190 539 3232 suarum
570 3175 631 3232 sibi
661 3179 691 3232 et
722 3174 878 3250 Stephano
910 3176 1000 3248 bano,
1032 3176 1120 3234 fratri
1145 3191 1208 3246 suo,
1234 3177 1264 3233 in
1290 3175 1470 3233 necessitate
1493 3190 1597 3233 eorum
1617 3187 1664 3245 per

411 3281 515 3354 ipsum
547 3281 712 3352 Gylionem
743 3281 886 3339 datarum
917 3287 947 3340 et
970 3284 1191 3356 expositarum,
1215 3282 1316 3339 eidem
1339 3282 1468 3354 Gylioni
1491 3281 1619 3339 dedisset
1639 3283 1664 3334 et

414 3385 557 3444 donasset
586 3393 738 3461 perpetuo
768 3388 799 3445 in
824 3387 906 3445 filios
929 3388 1068 3446 filiorum
1091 3405 1218 3446 suorum
1242 3393 1271 3445 et
1294 3388 1431 3459 heredes,
1455 3387 1537 3446 dicto
1560 3385 1664 3452 Hodus,

415 3491 569 3564 ladislao,
604 3493 671 3550 filio
703 3493 849 3566 eiusdem,
881 3510 917 3551 ac
946 3493 1073 3567 Briccio,
1096 3494 1163 3552 filio
1187 3494 1318 3566 Andree,
1342 3494 1401 3568 ipsi
1425 3493 1583 3551 donacioni
1604 3505 1664 3548 con·

416 3613 539 3656 sensum
571 3599 773 3673 prebentibus
804 3605 834 3657 et
862 3615 1029 3672 assensum,
1061 3606 1154 3674 prout
1177 3601 1236 3657 hoc
1258 3606 1347 3657 tenor
1370 3601 1543 3657 litteramm
1565 3595 1664 3671 prelati

413 3703 521 3762 Hodus
546 3705 727 3763 continebat.
744 3705 845 3764 Tenor
863 3708 962 3764 eciam
978 3707 1152 3765 litterarum
1169 3706 1264 3779 ipsius
1280 3706 1421 3777 magistri
1438 3705 1534 3775 Pauli,
1546 3701 1667 3761 filiiSte

415 3811 510 3884 phani
543 3811 616 3868 bani
647 3811 834 3884 declarabat,
866 3813 948 3886 quod
979 3815 1045 3887 ipse
1076 3813 1224 3885 magister
1256 3811 1370 3868 Paulus
1393 3810 1561 3885 pallacium
1584 3821 1664 3865 suum

415 3915 586 3989 predictum
619 3918 649 3974 in
680 3917 832 3991 Zagrabia
854 3919 885 3976 iu
916 3925 1020 3977 monte
1044 3919 1164 3978 Gerech
1187 3919 1338 3990 habitum,
1362 3933 1420 3992 pro
1444 3917 1581 3990 predicto
1602 3929 1663 3971 con·

414 4023 536 4080 cambio
560 4024 600 4079 ab
631 4023 699 4097 ipso
727 4023 837 4082 Hodus
863 4029 1052 4097 revocatum,
1083 4041 1155 4083 cum
1187 4025 1331 4082 omnibus
1354 4023 1540 4082 utilitatibus
1561 4021 1664 4079 suiset

414 4129 610 4202 pertinenciis
641 4131 793 4188 universis
824 4131 884 4205 ipsi
915 4131 1042 4203 Gylioni
1070 4137 1222 4206 perpetuo
1252 4131 1439 4188 contulisset
1472 4130 1571 4186 Tenor
1599 4139 1665 4182 vero

415 4235 590 4292 litterarum
615 4237 802 4294 serenissimi
825 4238 974 4311 principis
997 4237 1115 4295 domini
1138 4237 1283 4308 Ladislai,
1308 4237 1395 4309 olym
1415 4237 1496 4308 regis
1512 4232 1665 4306 Humane,

414 4339 518 4398 fratris
540 4343 644 4413 nostri,
668 4344 872 4416 exprimebat,
907 4343 990 4417 quod
1015 4344 1159 4402 Nicolaus
1183 4344 1289 4416 banus,
1317 4343 1402 4401 filius
1424 4341 1569 4416 Stephani
1592 4337 1665 4406 bani,

414 4452 479 4504 tam
509 4463 567 4520 pro
597 4464 638 4518 se,
670 4463 764 4520 quam
794 4463 853 4523 pro
884 4450 1033 4522 magistro
1062 4450 1168 4522 Paulo,
1200 4449 1294 4507 fratre
1322 4464 1386 4519 suo,
1410 4449 1442 4506 in
1464 4449 1529 4505 eius
1552 4458 1665 4518 compa-

414 4553 511 4610 rendo
542 4555 708 4626 presencia,
741 4555 911 4628 pallacium
939 4571 1047 4613 eorum
1078 4556 1252 4614 desolatum
1283 4557 1313 4613 in
1345 4561 1445 4612 castro
1472 4554 1544 4612 novi
1564 4550 1666 4610 montis

415 4660 577 4718 Grecensis
609 4661 757 4733 habitum,
790 4661 1056 4734 quemadmodum
1082 4661 1256 4735 Stephanus
1280 4663 1387 4732 banus,
1411 4660 1507 4718 trater
1529 4662 1665 4734 ipsorum.

415 4766 521 4824 comiti
557 4765 683 4838 Gylioni
714 4768 871 4840 sepedicto
902 4769 1089 4839 contulisset,
1121 4769 1164 4825 sic
1197 4774 1227 4825 et
1251 4768 1310 4841 ipsi
1338 4783 1375 4823 ex
1399 4767 1597 4840 permissione
1620 4775 1665 4820 sue

415 4873 500 4946 regie
532 4873 761 4946 magnitudinis,
793 4874 897 4946 ipsum
929 4875 1098 4948 pallacium
1129 4873 1212 4932 dicto
1239 4875 1365 4947 Gylioni
1388 4874 1585 4931 contulissent
1606 4885 1666 4944 per·

417 4986 510 5054 petuo
534 4979 756 5053 possidendum
784 4979 935 5037 heredum
961 4996 1087 5039 suorum
1111 4998 1168 5054 per
1190 4981 1327 5039 heredes.
1359 4979 1448 5040 Unde
1469 4995 1534 5050 nos,
1564 4977 1614 5052 qui
1635 4988 1665 5031 ex
