3728 5806
409 547 468 620 238
833 541 905 598 Doc.
929 551 997 617 253.
1025 571 1061 581 -
1088 539 1144 596 An.
1168 549 1254 616 1371.

408 739 511 798 dimus
534 739 694 814 expeditos
719 738 834 812 pariter
857 745 886 794 et
909 738 1077 806 absolutos,
1101 753 1157 794 nec
1180 737 1339 794 occasio'ne
1371 735 1553 793 eorumdem
1577 737 1670 793 inten-

408 845 511 902 dimus
535 844 661 902 eosdem
684 845 821 918 amplius
844 843 996 917 impedire
1020 843 1241 916 quoquomodo
1266 843 1316 900 vel
1340 858 1512 915 aggravare
1532 843 1589 898 sub
1605 857 1671 914 pre-

407 952 545 1008 sencium
569 951 744 1008 testimonio
768 951 950 1007 litterarum.
982 949 1097 1006 Datum
1129 949 1178 1006 die
1208 955 1238 1006 et
1271 965 1375 1006 mense
1403 948 1596 1022 supradictis,
1619 946 1671 1003 Za·

409 1057 524 1129 grabie,
549 1057 579 1114 in
603 1055 698 1114 domo
721 1063 824 1114 nostre
847 1055 1058 1113 habitacionis.
1084 1057 1172 1112 Anno
1195 1054 1313 1111 domini
1337 1054 1540 1112 MCCCLXX.

497 1191 637 1258 Originale
657 1192 684 1242 in
702 1193 859 1242 membrana.
880 1195 903 1241 Α
923 1199 999 1258 tergo
1012 1190 1155 1256 vestigium
1168 1190 1289 1256 impressi
1302 1190 1395 1256 sigilli.
1415 1190 1445 1240 in
1464 1189 1575 1240 archivo
1593 1191 1668 1238 dead.

408 1279 503 1330 Scient„
524 1281 593 1330 Slav.
614 1279 707 1330 merid.

999 1511 1084 1576 253.

516 1673 592 1720 Anno
614 1678 687 1728 1371,
710 1680 748 1720 11.
769 1670 926 1720 novembris.
948 1669 977 1719 1n
998 1671 1136 1735 Visegrad.

408 1799 573 1856 Ludovu'cus
595 1800 773 1871 Hungariae
795 1807 841 1856 etc.
866 1818 920 1856 rex
943 1799 1047 1856 abolito
1070 1799 1161 1856 veteri
1177 1799 1273 1870 sigillo
1296 1797 1418 1872 capitali
1435 1796 1554 1868 zqgrob,
1575 1813 1674 1852 novrum

634 1907 760 1977 sigillum
784 1905 910 1973 ordinat,
934 1905 1075 1980 eidemque
1098 1906 1223 1978 vagorem
1246 1905 1319 1962 iuris
1341 1903 1447 1961 tribuit.

1055 2039 1147 2083 Relacio
1166 2039 1266 2083 ladislai
1283 2038 1380 2093 episcopi
1394 2037 1508 2080 nitriensis
1522 2037 1545 2079 in
1561 2035 1672 2090 presencia

1033 2111 1106 2165 regine
1120 2111 1215 2164 iunioris
1230 2112 1252 2152 et
1267 2110 1377 2152 baronum
1391 2111 1447 2152 tunc
1460 2108 1490 2150 ibi
1505 2107 1669 2150 adherendum.

495 2227 559 2284 Nos
588 2227 762 2284 bodonicus
787 2227 836 2285 dei
867 2229 969 2300 gracia
1004 2245 1061 2286 rex
1083 2229 1250 2301 Hungarie,
1274 2227 1410 2299 Polonie,
1437 2227 1601 2283 Dalmacie
1623 2231 1674 2286 etc.

406 2331 624 2406 Significamus
640 2339 745 2391 tenore
762 2335 964 2408 presencium,
981 2335 1095 2408 quibus
1111 2334 1238 2409 expedit
1254 2335 1414 2392 universis.
1427 2332 1520 2405 Quod
1533 2333 1672 2405 quamvis

406 2439 575 2498 mundialis
598 2441 739 2498 machine
763 2440 931 2498 fabricator
951 2441 1090 2515 primurn
1106 2441 1264 2498 bominem
1282 2441 1312 2498 in
1323 2439 1475 2514 paradiso
1491 2438 1671 2496 deliciarum

406 2551 440 2602 ut
470 2547 587 2619 absque
617 2547 703 2603 omni
734 2545 854 2604 deiectu
878 2553 908 2604 et
935 2548 1137 2622 corrupcione
1168 2563 1256 2620 spem
1287 2547 1462 2604 inmortalis
1492 2544 1673 2618 perduraret

406 2651 543 2708 decrevit
574 2651 800 2724 collocandum,
831 2651 977 2725 idemque
1008 2651 1133 2710 tandem
1175 2653 1241 2710 Eva
1275 2652 1437 2724 mediante,
1474 2650 1673 2724 privilegium

407 2763 489 2814 tante
504 2757 663 2830 dignitatis
690 2759 827 2816 amiserit
851 2765 881 2815 et
904 2759 946 2816 ob
969 2759 1028 2816 hoc
1051 2775 1083 2816 se
1107 2759 1138 2816 in
1161 2760 1240 2816 hanc
1255 2759 1379 2816 miserie
1398 2757 1517 2815 vallem
1534 2757 1673 2824 deiciens,

406 2865 437 2920 in
469 2869 627 2937 totamque
661 2880 749 2921 suam
781 2865 985 2922 successivam
1017 2866 1222 2939 propaginem
1251 2866 1337 2922 virus
1360 2863 1525 2921 effundens
1549 2861 1675 2919 inmedi-

406 2970 506 3027 cabile
524 2985 592 3027 eam
616 2971 838 3042 intoxicavcrit,
862 2980 933 3044 post
952 2971 1036 3044 quod
1056 2971 1245 3044 posteritatis
1261 2970 1358 3043 ipsius
1375 2975 1474 3026 status
1493 2976 1524 3026 et
1540 2967 1676 3024 condicio

406 3076 548 3133 continue
571 3078 754 3134 senescentis
778 3077 885 3134 mundi
907 3079 1031 3135 malicia
1047 3077 1253 3135 invalescente
1270 3077 1300 3134 in
1317 3076 1476 3133 deteriora
1492 3075 1677 3147 prolabitur.

405 3181 521 3240 Tamen
546 3183 711 3240 altitronus
742 3184 797 3242 ille
820 3183 972 3255 dominus
1004 3185 1091 3241 cuius
1115 3184 1250 3256 egressio
1273 3189 1318 3240 est
1342 3199 1360 3239 a
1382 3197 1533 3256 sumpmo
1560 3180 1629 3237 celo
1651 3185 1676 3235 et

406 3289 530 3346 celestis
552 3289 684 3346 altitudo
708 3289 829 3347 consilii
851 3305 946 3363 supra
968 3297 1076 3346 cuncta
1100 3296 1205 3347 tenens
1221 3289 1388 3362 imperium
1405 3289 1435 3345 in
1452 3287 1593 3356 excelsis,
1610 3285 1675 3342 ideo
1704 3347 1707 3351 ,

405 3395 508 3467 gloria
539 3401 569 3452 et
600 3395 715 3452 honore
747 3401 909 3452 coronatos
940 3397 971 3453 in
1002 3401 1085 3453 terra
1112 3396 1269 3470 principes
1293 3395 1331 3451 ad
1355 3395 1441 3467 regni
1466 3391 1676 3466 gubernacula

405 3501 550 3576 provexit
574 3508 604 3558 et
627 3501 818 3573 sublimavit,
842 3507 877 3558 ut
899 3507 1050 3576 potestate
1076 3501 1210 3575 desuper
1233 3502 1308 3575 ipsis
1332 3500 1454 3570 tradita,
1476 3499 1578 3556 malos
1595 3513 1675 3556 coer·

406 3615 493 3666 ceant
516 3613 546 3665 et
569 3607 656 3664 oneri
679 3605 876 3681 dispendioso
900 3616 1002 3665 sancte
1033 3608 1141 3665 matris
1164 3608 1300 3676 ecclesie,
1329 3622 1424 3680 quarn
1448 3605 1595 3662 dominus
1619 3618 1671 3661 suo

406 3729 514 3772 cruore
537 3713 667 3788 proprio
697 3714 868 3771 rubricavit
900 3713 1004 3771 debite
1026 3713 1225 3771 relevaminis
1249 3729 1309 3787 ope
1331 3711 1475 3769 studeant
1501 3709 1675 3767 subvenire,

407 3821 554 3894 periculis
570 3825 599 3877 et
623 3819 778 3890 scandalo
802 3819 913 3878 exinde
929 3821 1047 3877 iusticie
1063 3825 1093 3877 et
1109 3820 1235 3892 equitati
1253 3819 1488 3894 posteritatique
1504 3815 1675 3874 successive

406 3927 571 3997 eventuris
595 3927 679 3983 viam
710 3925 928 3999 precludendo.
961 3926 1066 3998 ltaque
1098 3927 1423 3998 quamplurimorum
1447 3923 1672 3996 regnicolarum

406 4039 582 4089 nostrorum
611 4031 752 4088 fidelium
794 4033 884 4089 certis
915 4039 946 4089 et
969 4031 1114 4088 veridicis
1139 4031 1289 4089 relatibus
1312 4031 1351 4088 ad
1376 4035 1478 4087 nostre
1503 4030 1670 4086 maiestatis

405 4137 597 4194 audienciam
622 4138 721 4195 extitit
737 4137 934 4208 inculcatum,
952 4137 1034 4210 quod
1052 4138 1180 4194 nonnuli
1197 4136 1313 4194 inimici
1329 4136 1469 4192 veritatis
1485 4141 1515 4191 et
1531 4134 1671 4208 alumpni

404 4243 575 4316 iniquitatis
599 4258 617 4298 a
640 4242 767 4301 domino
788 4243 819 4300 in
849 4243 1002 4317 pabulum
1019 4242 1207 4316 perdicionis
1223 4243 1319 4314 eiecti,
1335 4257 1396 4299 non
1413 4247 1478 4299 tam
1494 4242 1566 4299 laici
1583 4255 1673 4314 quarn

405 4350 519 4420 clerici,
544 4347 727 4406 fulminante
751 4349 887 4422 dyabolo
911 4357 940 4407 et
962 4350 1103 4422 nequicie
1124 4356 1257 4420 auctore,
1283 4350 1335 4422 qui
1360 4348 1453 4406 corda
1477 4363 1587 4405 eorum
1612 4347 1672 4404 telo

405 4471 460 4512 sue
484 4455 649 4512 caliditatis
673 4461 703 4512 et
734 4454 853 4513 fraudis
876 4471 994 4514 veneno
1018 4456 1156 4527 graviter
1179 4455 1318 4512 saucians
1341 4454 1379 4511 ad
1404 4461 1486 4510 tante
1509 4468 1672 4526 presump-

405 4562 500 4618 cionis
524 4565 554 4618 et
577 4561 758 4619 temeritatis
782 4561 1017 4636 dampnabilem
1040 4561 1201 4618 audaciam
1224 4563 1268 4618 eis
1289 4561 1431 4633 nequiter
1454 4561 1608 4632 pcrsvasit
1627 4573 1674 4615 ca.

404 4669 582 4742 lumpniosa
605 4713 730 4725 .....
755 4668 841 4725 litate
864 4669 984 4740 glutino
1007 4684 1060 4724 sue
1085 4667 1310 4738 venenositatis,
1334 4682 1394 4738 que
1417 4667 1476 4722 sub
1500 4666 1667 4723 honestatis

404 4775 554 4846 regimine
583 4789 671 4830 suam
702 4773 782 4831 solet
811 4775 929 4846 paliare
959 4774 1124 4844 maliciam,
1156 4773 1321 4844 inherente,
1357 4779 1392 4830 ut
1415 4786 1511 4844 quam
1534 4773 1670 4845 plurima

403 4879 509 4952 sigilla
537 4880 755 4954 capitulorum,
787 4886 994 4937 conventuum
1026 4885 1056 4937 et
1086 4880 1220 4936 aliorum
1251 4880 1392 4936 locorum
1428 4877 1671 4935 testimonalium

404 4986 491 5057 regni
514 4985 610 5043 nostri
634 4984 736 5056 falsae,
760 4986 889 5058 iniquas,
914 4986 1068 5058 salutique
1091 4985 1252 5043 hominurn
1276 4985 1446 5042 contrarias
1468 4983 1598 5054 litteras,
1614 4983 1671 5040 sub
