3600 5804
752 549 825 606 Doc.
850 563 923 627 199.
947 563 1019 606 200.
1046 583 1083 592 —
1109 551 1164 607 An.
1190 561 1277 626 1545.

964 743 1050 809 199.

488 887 565 936 Anno
587 895 661 947 1345,
680 896 721 936 20.
739 884 862 951 januarii.
881 884 911 934 ln
931 883 1070 950 Visegrad.

377 1015 555 1072 Laurentius
577 1015 714 1087 magester
734 1014 958 1082 lavame'comm,
981 1030 1098 1070 causam
1121 1031 1208 1087 quom
1230 1014 1386 1086 capitulum
1409 1014 1526 1086 zagrab.
1546 1021 1639 1070 contm

643 1119 830 1178 Greclemsem
852 1121 1077 1176 communitatem
1100 1118 1209 1192 agebat,
1225 1126 1378 1192 prorogat.

466 1265 529 1323 Nos
552 1265 740 1322 Laurencius
759 1264 907 1336 magister
923 1263 1152 1320 tavamicorum
1169 1262 1287 1321 domini
1302 1262 1460 1332 lodouici,
1477 1262 1527 1320 dei
1542 1263 1639 1335 gracia

378 1373 459 1445 regis
482 1372 641 1443 Hungarie
657 1377 686 1428 et
709 1385 813 1427 comes
836 1370 997 1427 nitriensis,
1021 1369 1139 1427 Damus
1163 1384 1220 1443 pro
1244 1369 1403 1438 memoria,
1421 1369 1504 1442 quod
1521 1384 1640 1426 causam

378 1492 473 1549 quam
497 1477 671 1549 capitulum
702 1476 830 1533 ecclesie
860 1475 1076 1546 zagrabiensis‚
1107 1491 1165 1549 pro
1196 1491 1259 1548 quo
1289 1476 1438 1547 magister
1460 1475 1639 1544 Demetrius,

378 1582 630 1653 archydiaconus,
654 1596 726 1638 cum
756 1582 978 1654 procuratoriis
1008 1581 1119 1638 litteris
1149 1580 1288 1638 eiusdem
1318 1582 1380 1638 loci
1413 1581 1511 1637 astitit
1540 1587 1640 1636 contra

379 1687 509 1746 Stanech
535 1687 678 1744 villicum
702 1685 741 1743 de
764 1687 892 1756 Gerech‚
915 1687 993 1768 Jaxa
1020 1686 1224 1758 aurifabrum,
1246 1687 1400 1769 Jacobum
1432 1685 1639 1744 monetarium.

379 1795 543 1863 Thomam,
567 1792 668 1850 filium
695 1793 783 1864 vich,
807 1791 895 1863 Alen,
927 1792 1061 1862 Strosah
1093 1795 1285 1866 Mychaelem
1318 1793 1435 1850 dictum
1463 1792 1591 1867 Laphod
1613 1801 1640 1848 et

381 1899 508 1957 Petrum
539 1899 656 1956 dictum
690 1898 816 1971 polyon,
847 1899 971 1968 iuratos,
995 1915 1112 1958 necnon
1143 1901 1304 1958 universos
1334 1901 1417 1956 cives
1448 1907 1478 1957 et
1508 1899 1641 1972 hospites

379 2005 417 2063 de
440 2005 522 2062 dicta
545 2006 670 2063 civitate
693 2004 822 2072 Gerech‚
845 2019 904 2078 pro
927 2006 1041 2078 quibus
1064 2005 1206 2078 Mykucb,
1231 2005 1389 2078 quondam
1412 2006 1545 2074 villicus,
1572 2019 1640 2062 cum

383 2111 604 2184 procuratoriis
629 2112 739 2189 litteris
768 2109 906 2168 eiusdem
937 2111 1070 2168 civitatis
1100 2111 1283 2185 comparuit,
1307 2111 1392 2168 iuxta
1422 2111 1639 2168 continenciam

382 2219 523 2292 priorum
548 2217 722 2274 litterarum
746 2225 921 2274 nostrarum
954 2218 983 2274 in
1014 2217 1131 2274 octavis
1162 2216 1232 2274 festi
1259 2217 1503 2291 Epiphaniarum
1527 2215 1640 2272 domini

382 2339 477 2397 super
501 2323 581 2379 facto
605 2322 803 2380 discussionis
818 2321 978 2380 cuiusdam
995 2338 1084 2380 cause
1100 2338 1227 2380 movere
1242 2324 1399 2380 habebant
1419 2338 1522 2380 coram
1539 2323 1640 2389 nobis;

383 2430 563 2486 volentibus
588 2430 728 2502 parcium
752 2429 1006 2500 procuratoribus
1028 2428 1067 2485 ad
1091 2435 1216 2487 octavas
1242 2429 1310 2486 sesti
1326 2431 1408 2487 beati
1424 2429 1548 2500 Georgii
1563 2442 1640 2484 mar-

381 2538 457 2605 tiris,
481 2551 562 2593 nunc
585 2542 739 2606 venturas
763 2535 994 2608 perhemptorie
1018 2535 1163 2592 duximus
1179 2534 1408 2609 prorogandam
1432 2549 1468 2591 eo
1491 2533 1590 2601 modo,
1606 2541 1637 2589 ut

378 2639 461 2699 idem
485 2641 657 2714 capitulum
681 2643 711 2698 in
736 2640 851 2698 eisdem
874 2641 991 2698 octavis
1019 2641 1166 2698 iudicium
1182 2642 1287 2712 regale
1304 2642 1333 2698 in
1352 2641 1510 2714 prioribus
1532 2640 1637 2696 nostris

379 2747 490 2804 litteris
512 2752 698 2814 contentum,
722 2753 792 2803 ante
822 2762 910 2804 suam
941 2748 1173 2820 responsionem
1204 2753 1310 2805 contra
1341 2746 1467 2803 eosdem
1495 2747 1638 2803 villicum.

379 2854 494 2910 iuratos
525 2857 555 2909 et
585 2853 745 2910 universos
776 2853 913 2926 hospites
944 2853 982 2910 de
1013 2853 1120 2910 eadem
1152 2853 1271 2912 Gerech
1304 2853 1482 2927 persolvere
1506 2859 1637 2910 teneatur

378 2973 484 3016 coram
507 2959 607 3028 nobis,
630 2960 655 3015 si
678 2965 783 3031 partes
806 2958 909 3016 medio
940 2965 1081 3033 tempore
1111 2974 1171 3016 non
1199 2965 1344 3033 poterunt
1368 2957 1563 3026 concordare,
1585 2956 1632 3028 qui

379 3067 404 3122 si
429 3069 575 3138 poterunt
595 3065 790 3135 concordare,
814 3081 870 3122 nos
893 3065 932 3122 de
956 3066 1068 3123 iudicio
1084 3067 1169 3140 pacis
1185 3067 1270 3123 iuxta
1286 3064 1505 3121 difficultatem
1523 3073 1552 3121 et
1567 3077 1634 3136 qua-

378 3172 498 3227 litatem
522 3169 603 3227 dicte
626 3185 717 3227 cause
740 3171 916 3244 placabunt.
941 3171 1054 3228 Datum
1077 3173 1107 3229 in
1125 3171 1300 3242 vissegrad,
1323 3177 1433 3227 octavo
1454 3169 1504 3227 die
1523 3169 1637 3226 termini

378 3277 540 3350 prenotati.
564 3278 654 3334 Anno
678 3276 796 3334 domini
819 3276 986 3334 MCCCXL
1008 3279 1122 3351 quinto

468 3375 609 3459 Origi'uale
636 3395 663 3444 iu
691 3395 788 3445 charta.
818 3398 841 3445 A
865 3402 941 3460 tergo
965 3395 1108 3460 vestigium
1136 3397 1219 3462 sigilli
1239 3397 1366 3462 appressi.
1387 3397 1417 3446 111
1445 3397 1545 3446 archiv.
1564 3397 1637 3446 Acad.

379 3482 475 3542 scient,
495 3485 564 3534 Slav.
584 3483 677 3532 merid.

962 3665 1056 3732 200.

485 3789 562 3836 Auno
584 3795 657 3848 1345,
678 3793 718 3841 27.
736 3785 818 3852 Junii.
838 3786 917 3836 quta
936 3787 1027 3837 villam
1046 3787 1231 3856 Szentgiurgh.

379 3912 542 3970 Ludouicus
563 3914 740 3986 Hungam'ae
762 3923 809 3972 etc.
833 3933 896 3984 rex,
921 3917 1110 3989 priuilegium
1133 3917 1223 3974 Beloe
1247 3917 1304 3974 IV.
1325 3918 1415 3994 regis,
1437 3916 1544 3974 civilius
1572 3914 1638 3974 Gre-

597 4019 743 4077 chensibus
764 4039 929 4089 comessum,
953 4023 1152 4080 transsummit
1172 4031 1200 4080 et
1220 4030 1316 4080 ratum
1339 4023 1430 4080 habet.

468 4145 531 4203 Nos
554 4145 728 4203 Lodouicus
751 4147 801 4205 dei
824 4149 928 4220 gracia
950 4164 1005 4204 rex
1029 4148 1193 4220 Hungarie.
1222 4151 1372 4206 Memorie
1395 4149 1637 4207 commendantes

381 4258 485 4309 tenore
501 4253 710 4325 ,presencium
735 4252 954 4326 significamus,
979 4255 1092 4326 quibus
1124 4255 1251 4328 expedit
1280 4257 1441 4325 universis,
1473 4255 1554 4329 quod
1577 4253 1637 4311 Ste

380 4359 501 4431 phanus
524 4357 616 4414 iudex
640 4359 772 4416 civitatis
795 4365 899 4416 nostre
922 4358 1092 4430 Grecensis‚
1124 4359 1249 4418 Mikuch
1273 4366 1302 4418 et
1325 4361 1473 4419 Nicolaus
1500 4364 1581 4421 cives
1602 4360 1637 4416 de

380 4463 498 4534 eadem,
522 4465 593 4534 suis,
618 4464 692 4522 item
716 4466 783 4522 vice
806 4471 836 4522 et
862 4466 1041 4523 nominibus
1071 4467 1169 4524 tocius
1189 4467 1420 4525 communitatis
1452 4469 1566 4526 civium
1588 4483 1635 4523 seu

380 4569 540 4642 hospitum
562 4569 601 4627 de
624 4569 733 4628 eadem
756 4571 796 4628 ad
819 4577 922 4629 nostre
946 4573 1117 4630 serenitatis
1140 4572 1318 4630 accedentes
1342 4575 1534 4647 presenciam
1557 4573 1635 4629 exhi·

380 4673 513 4733 buerunt
527 4677 618 4733 nobis
634 4678 835 4750 privilegium
852 4677 1104 4737 excellentissimi
1126 4680 1274 4754 principis
1291 4679 1409 4737 domini
1425 4679 1542 4748 Karoli,
1557 4679 1635 4749 olym

380 4781 477 4837 incliti
500 4781 582 4852 regis
605 4781 771 4852 Hungarie‚
802 4783 899 4841 nostri
930 4785 1077 4856 genitoris
1108 4785 1271 4854 karissimi,
1296 4785 1377 4842 bone
1399 4786 1556 4848 memorie,
1579 4798 1636 4839 me-

381 4887 477 4944 diocri
498 4902 569 4944 cum
586 4903 641 4944 suo
665 4889 769 4960 sigillo
786 4889 816 4945 in
833 4891 974 4962 partibus
991 4893 1189 4966 transalpinis
1206 4893 1370 4949 casualiter
1386 4891 1555 4966 deperdito,
1572 4905 1636 4946 con-

382 4994 545 5066 signatum,
569 5009 663 5067 super
687 4995 884 5053 libertatibus
907 5012 1015 5054 eorum
1040 4998 1223 5060 contectum.
1248 4999 1362 5056 tenoris
1378 4997 1572 5072 infrascripti,
1588 5011 1634 5070 pe
