3824 5806
713 539 787 596 Doc.
804 552 882 616 394.
908 571 945 581 -
968 539 1024 598 An.
1048 534 1138 615 1396.
1498 557 1558 618 375

297 738 416 795 Thome
448 738 591 812 apostoli,
621 753 702 795 nunc
732 737 924 811 preteritum,
956 737 995 795 ad
1027 736 1199 812 predictam
1230 737 1388 795 civitatem
1418 737 1563 796 videlicet

295 845 400 901 vicum
433 843 695 914 Theutonicalem‚
727 844 912 901 suburbium
943 843 1023 900 dicte
1053 843 1195 914 civitatis,
1226 842 1381 916 irruendo,
1409 844 1562 916 quosdam

296 950 379 1007 cives
402 949 604 1007 detinuissent
624 957 655 1006 et
678 950 757 1008 alios
787 965 844 1023 per
874 949 951 1006 ictus
981 949 1163 1022 sagittarum
1190 949 1362 1006 miserabili
1385 965 1458 1007 nece
1482 950 1563 1007 tradi

295 1063 324 1113 et
348 1056 504 1114 vulnerari
527 1071 563 1112 ac
596 1055 724 1130 spoliari
756 1054 906 1126 fecissent,
939 1055 1066 1128 propria
1098 1070 1205 1112 eorum
1234 1055 1374 1128 potencia
1398 1055 1561 1126 mediante,

296 1163 326 1218 in
348 1160 556 1234 preludicium
588 1159 770 1218 eorumdem
801 1160 917 1218 civium
947 1161 1041 1218 valde
1072 1177 1236 1233 magnum;
1269 1161 1323 1219 lite
1355 1166 1458 1219 tamen
1484 1162 1562 1220 inter

297 1282 350 1325 eos
373 1265 532 1341 pendente.
557 1266 673 1340 Datum
697 1264 855 1338 Zagrabie,
880 1267 911 1324 in
934 1268 1042 1339 vigilia
1072 1266 1141 1325 festi
1171 1267 1253 1325 beati
1277 1267 1396 1324 Thome
1418 1269 1560 1341 apostoli,

298 1375 458 1449 prenotati.
482 1375 573 1430 Anno
595 1373 713 1430 domini
736 1372 905 1430 millesimo
929 1372 1006 1430 CCC
1030 1373 1228 1446 nonagesimo
1252 1379 1346 1430 sextu.

384 1509 524 1574 Originalc
542 1509 569 1566 in
588 1508 686 1567 charta,
705 1523 720 1558 a
740 1513 816 1574 tergo
835 1509 948 1574 vestigia
968 1508 1048 1559 trium
1067 1509 1227 1575 sigillorum.
1247 1507 1277 1558 In
1303 1509 1412 1560 archivo
1437 1509 1483 1558 lib.
1505 1524 1559 1575 reg.

295 1599 345 1650 civ.
365 1599 469 1664 zagrab.

882 1811 974 1878 394.

402 1957 479 2003 Anno
501 1953 574 2016 1396.
595 1964 635 2003 21.
655 1953 809 2003 decembris.
829 1953 982 2019 Zagrabiae.

299 2080 451 2138 Mortibus
466 2083 546 2138 Ders
567 2082 724 2151 zu'cebanus,
747 2081 883 2156 quontodo
905 2082 1014 2138 dommi
1033 2081 1068 2139 de
1090 2083 1215 2155 capitulo
1236 2101 1298 2139 cum
1321 2082 1381 2138 suis
1403 2081 1563 2138 hominibus

297 2186 518 2260 detrectaverint
537 2189 638 2261 aliqua
659 2187 820 2244 molendina
843 2195 871 2244 et
887 2187 1074 2260 possessiones
1095 2187 1199 2243 cebium
1230 2186 1454 2244 Grechense'um:
1483 2186 1562 2244 Gra-

641 2293 720 2361 lcne,
744 2292 851 2350 Dedili
871 2300 900 2350 et
925 2273 1098 2364 Crnonaeerec,
1121 2293 1218 2367 refert.

385 2436 448 2494 Nos
472 2437 621 2509 magister
641 2437 791 2495 Martinus
814 2437 894 2495 Ders
918 2438 1085 2494 vicebanus
1107 2441 1137 2494 et
1160 2453 1264 2494 comes
1287 2437 1503 2508 zagrabiensis,
1525 2452 1561 2493 ac

297 2543 413 2601 iudices
444 2543 597 2600 nobilium
628 2541 766 2600 eiusdem
798 2544 969 2601 comitatus.
1001 2543 1150 2600 Memorie
1184 2541 1447 2612 commendamus,
1478 2542 1562 2614 quod

296 2665 369 2706 curn
392 2664 448 2706 nos
471 2647 510 2704 ad
534 2649 697 2706 instantem
722 2651 906 2723 peticionem
930 2648 1133 2722 providorum
1162 2649 1302 2706 virorum
1326 2648 1422 2705 Marci
1445 2647 1562 2712 iudicis,

296 2757 468 2812 iuratorum
492 2761 522 2811 et
545 2754 762 2812 universorum
794 2755 911 2812 civium
941 2755 1074 2812 civitatis
1102 2755 1215 2811 montis
1239 2753 1423 2812 Grechensis
1447 2753 1486 2810 de
1509 2753 1563 2810 Za-

295 2860 414 2934 grabia,
437 2859 520 2930 Iuan,
543 2858 646 2917 filium
670 2859 813 2932 Gregorii
835 2867 865 2917 et
888 2860 1022 2925 Petrum.
1046 2859 1149 2917 filium
1172 2859 1329 2933 Stephani,
1354 2859 1432 2916 duos
1447 2859 1563 2916 scilicet

296 2981 334 3023 ex
354 2966 445 3023 nobis
468 2965 623 3023 iudicibus
645 2965 799 3023 nobilium
823 2965 862 3023 ad
886 2965 1115 3039 infrascriptam
1139 2965 1373 3038 inquisicionem
1389 2963 1562 3022 faciendam

296 3071 435 3144 legitime
457 3070 712 3140 destinassemus;
736 3071 859 3128 tandem
884 3071 979 3129 iidem
1002 3070 1112 3128 exinde
1135 3071 1174 3129 ad
1198 3085 1254 3128 nos
1274 3071 1391 3128 reversi
1406 3071 1496 3128 nobis
1515 3087 1563 3127 re·

296 3179 434 3235 tulerunt
458 3177 517 3234 isto
540 3175 643 3247 mod0,
667 3177 750 3250 quod
774 3178 834 3250 ipsi
857 3179 898 3234 ab
921 3178 1065 3235 omnibus
1085 3178 1199 3250 quibus
1215 3177 1367 3234 decuisset
1382 3181 1411 3233 et
1427 3177 1564 3234 licuisset

296 3284 403 3358 palam
427 3289 457 3340 et
480 3284 600 3340 occulte
623 3283 788 3356 diligenter
812 3284 996 3356 inquirendo
1020 3286 1098 3342 hanc
1121 3284 1159 3342 de
1184 3283 1389 3357 infrascriptis
1404 3283 1563 3340 scivissent

297 3405 417 3447 meram
440 3396 471 3446 et
493 3388 707 3446 omnimodam
730 3391 902 3460 veritatem,
927 3389 1011 3462 quod
1033 3391 1189 3473 Johannes
1212 3389 1341 3462 Crispus
1361 3387 1400 3445 de
1416 3386 1561 3460 Kemlulr,

296 3494 467 3567 Gregorius
490 3494 674 3567 dubicensis,
689 3495 844 3578 Johannes
864 3495 903 3553 de
920 3496 1076 3567 Vrbouch,
1092 3495 1209 3568 Symon
1226 3494 1264 3552 de
1280 3493 1391 3564 Vaslra,
1408 3495 1562 3577 Johannes

297 3600 443 3671 Farkasii‚
474 3600 672 3671 kathedralis,
703 3601 846 3659 Hinchlro
877 3602 1072 3672 chasmensis‚
1097 3601 1270 3675 Stephanus
1305 3598 1510 3657 varasdiensis
1533 3607 1563 3658 et

295 3705 466 3780 Gregorius
490 3707 528 3764 de
553 3706 655 3776 Bexin,
679 3707 903 3778 archidiaconi;
927 3709 1009 3778 item,
1024 3709 1179 3792 Johannes
1197 3706 1363 3776 Lanceloti,
1381 3703 1561 3762 Benedictus

296 3812 334 3870 de
358 3813 509 3884 Monozlo,
533 3812 703 3885 Gregorius
726 3812 764 3869 de
788 3813 894 3886 Varas,
919 3813 1064 3871 Nicotaus
1087 3819 1118 3871 et
1139 3813 1218 3871 alter
1242 3812 1387 3870 Nicolaus
1408 3811 1557 3883 Hungari,

294 3919 444 3977 Martinus
468 3934 606 3991 magnus,
630 3919 786 3976 Barnabas
810 3919 950 3988 Mikonis,
983 3918 1163 3977 Benedictus
1198 3919 1313 3988 luanse,
1353 3916 1496 3974 Nicolaus
1524 3915 1563 3974 de

295 4025 433 4095 Kassina‚
457 4024 593 4082 Thomas
624 4040 721 4098 nepos
747 4025 891 4095 custodis,
923 4024 1043 4082 Blasius
1066 4030 1176 4096 custos,
1199 4023 1367 4096 Dyonisius
1390 4022 1429 4079 de
1452 4021 1562 4096 Crisi0,

294 4131 467 4206 Stephanus
490 4131 657 4204 Hungarus
678 4137 707 4188 et
724 4133 831 4190 Petrus
855 4131 966 4206 Crispi,
983 4131 1128 4202 canonici,
1145 4145 1252 4204 ymmo
1268 4134 1368 4187 totum
1385 4128 1557 4202 capitulum

295 4238 423 4296 ecclesie
456 4238 662 4311 zagrabiensis
692 4239 830 4297 unamini
861 4238 991 4296 consilio
1021 4239 1100 4295 inter
1130 4237 1214 4311 ipsos
1245 4235 1335 4306 facto,
1359 4234 1417 4292 deo
1441 4235 1560 4292 eteius

296 4344 417 4402 iusticia
438 4344 480 4401 ab
503 4345 618 4402 occulis
642 4359 750 4402 eorum
773 4345 961 4418 postpositis,
978 4343 1144 4416 dyabolica
1159 4347 1225 4400 arte
1246 4341 1418 4414 instigante,
1435 4355 1561 4413 congre·

298 4449 377 4522 gatis
400 4449 552 4523 Gregorio
575 4450 718 4524 officiale,
745 4452 881 4509 litterato
904 4455 934 4508 et
955 4451 1108 4508 universis
1133 4449 1340 4507 familiaribus
1363 4463 1399 4504 ac
1422 4447 1559 4519 iobagio·

297 4557 389 4614 nibus
412 4557 553 4631 ipsorum
582 4556 622 4614 ad
652 4572 762 4615 sonum
792 4557 919 4614 maioris
945 4571 1094 4631 campane
1125 4571 1242 4627 eorum,
1266 4555 1409 4612 manibus
1433 4553 1561 4610 armatis

294 4667 330 4720 et
352 4662 557 4736 potenciariis,
581 4677 669 4720 more
691 4663 805 4733 hostili,
829 4661 906 4720 feria
929 4661 1063 4719 secunda
1086 4661 1230 4735 proxima
1253 4665 1323 4718 ante
1345 4659 1460 4718 festum
1480 4658 1563 4716 beati

297 4771 416 4827 Thome
440 4769 582 4843 apostoli,
606 4785 687 4826 nunc
709 4769 900 4842 preteritum,
923 4769 1068 4826 universa
1090 4767 1267 4825 molendina
1290 4767 1431 4840 ipsorum
1446 4765 1563 4823 civium

295 4877 326 4933 in
350 4875 506 4933 territorio
537 4874 617 4932 dicte
649 4875 781 4932 civitatis
812 4875 919 4933 habita
940 4873 1057 4932 destrui
1081 4879 1110 4932 et
1132 4872 1293 4930 anichilari
1317 4888 1352 4929 ac
1376 4887 1485 4928 serrum
1519 4870 1562 4928 fe·

297 4983 434 5040 mineum
458 4981 489 5039 in
512 4980 629 5039 eisdem
652 4979 839 5039 molendinis
862 4987 1030 5055 repertum,
1052 4985 1264 5055 pregnantem,
1280 4995 1351 5037 cum
1368 4979 1562 5052 prectoribus
