3782 5812
411 591 450 652 42
837 570 908 634 Duc.
931 588 981 654 49.
1010 609 1046 618 -
1071 575 1127 634 An.
1152 571 1243 635 1266.

411 790 507 850 supra
528 778 670 832 notatum
702 777 756 847 est,
785 776 1021 849 perpetraverit,
1052 793 1108 850 per
1139 777 1274 835 iudicem
1305 777 1438 835 civitatis
1461 777 1623 848 iudicetur,
1647 783 1680 835 et

411 881 528 940 eisdem
552 881 639 954 penis
662 879 819 940 subiaceat
842 881 1094 956 condempnatus.
1118 881 1150 940 Si
1173 898 1248 941 vero
1271 899 1309 941 ex
1332 884 1441 942 incolis
1467 884 1600 942 civitatis
1620 885 1679 941 ali·

412 988 481 1062 quis
505 987 570 1045 sive
594 993 756 1045 extraneus
779 986 859 1045 infra
882 989 1030 1046 terminos
1053 988 1186 1046 civitatis
1209 989 1240 1046 in
1263 989 1346 1046 furto
1370 991 1421 1047 vel
1439 989 1600 1047 latrocinio
1624 989 1679 1048 de·

412 1095 582 1167 prehensus
605 1093 707 1166 fuerit,
730 1110 787 1168 per
809 1093 944 1152 iudicem
974 1095 1106 1152 civitatis
1136 1095 1289 1168 puniatur.
1321 1095 1408 1166 Item,
1431 1095 1458 1153 'si
1481 1095 1550 1168 quis
1574 1103 1678 1154 extra-

411 1217 487 1258 neus
511 1201 649 1274 aliquem
672 1200 711 1260 de
734 1202 857 1258 civitate
881 1201 911 1258 in
936 1216 1027 1258 causa
1049 1202 1226 1275 pecuniaria
1243 1202 1294 1258 vel
1310 1202 1398 1260 illata
1414 1201 1525 1260 iniuria
1540 1203 1679 1261 voluerit

411 1307 584 1378 convenire,
609 1322 714 1366 coram
737 1307 837 1365 iudice
862 1308 994 1366 civitatis
1009 1310 1180 1380 conveniat,
1200 1315 1229 1366 et
1245 1308 1333 1366 nulla
1356 1325 1448 1367 causa
1470 1309 1510 1366 ad
1533 1309 1677 1368 duellum

411 1413 573 1484 iudicetur,
597 1413 650 1471 sed
674 1429 731 1488 per
753 1419 846 1472 testes
869 1419 899 1472 et
921 1417 1093 1472 iuramenta
1120 1415 1310 1486 terminetur,
1334 1416 1400 1473 sive
1423 1416 1462 1474 sit
1485 1431 1556 1473 cum
1576 1421 1679 1474 extra·

411 1519 485 1586 neiS,
519 1520 585 1578 sive
617 1535 689 1577 curn
726 1519 886 1592 indigenis,
917 1525 947 1578 et
977 1521 1061 1594 quod
1092 1523 1152 1594 ipsi
1182 1527 1273 1580 testes
1303 1522 1394 1580 iurati
1426 1522 1457 1580 in
1491 1521 1677 1597 deponendo

412 1625 587 1684 testimonio
610 1626 771 1698 sigillatim
801 1643 836 1685 ac
859 1627 1056 1700 singulariter
1087 1628 1307 1686 examinentur.
1342 1627 1447 1686 Testes
1470 1634 1573 1686 autem
1597 1629 1679 1686 eius-

412 1731 485 1790 dem
507 1733 660 1790 libertatis
691 1738 721 1791 et
751 1734 948 1806 condicionis,
979 1734 1066 1792 cuius
1097 1739 1168 1791 sunt
1197 1734 1255 1806 isti,
1285 1739 1522 1793 assummantur.
1558 1734 1677 1792 Eodem

412 1838 515 1911 modo,
539 1839 606 1896 sive
629 1845 792 1898 extraneus
815 1841 952 1898 iuveniat
967 1841 1052 1914 apud
1067 1841 1191 1912 incolas,
1208 1840 1274 1898 sive
1296 1841 1399 1899 incola
1414 1840 1498 1914 apud
1517 1847 1681 1898 extraneos

414 1961 539 2019 equum,
560 1946 676 2004 bovem
700 1931 753 2004 aut
776 1947 897 2021 aliquas
920 1964 969 2005 res
992 1947 1132 2020 furtivas
1156 1963 1280 2021 semper
1303 1953 1402 2018 testes,
1426 1953 1460 2005 ut
1482 1963 1577 2020 supra
1599 1947 1681 2004 dixi-

414 2067 492 2122 mus,
516 2051 734 2126 producantur.
758 2053 844 2124 Item,
868 2054 951 2112 cives
973 2053 1012 2111 de
1037 2053 1177 2128 predicta
1207 2055 1331 2112 civitate
1355 2055 1406 2110 vel
1440 2053 1618 2126 iobagiones
1640 2052 1681 2112 de

413 2159 499 2216 villis
522 2159 562 2217 ad
586 2159 687 2233 ipsam
717 2160 950 2234 pertinentibus
982 2176 1042 2234 que
1072 2175 1172 2234 prope
1203 2161 1393 2218 territorium
1424 2160 1521 2233 ipsius
1546 2159 1682 2216 civitatis

415 2264 528 2322 suerint
550 2266 615 2336 site,
639 2266 757 2324 nullius
779 2265 894 2324 iudicio
916 2267 975 2324 nisi
997 2267 1107 2325 iudicis
1130 2267 1263 2325 civitatis
1287 2273 1387 2324 astare
1410 2271 1577 2337 teneantur,
1594 2265 1681 2338 quod

413 2372 440 2429 si
461 2371 555 2429 iudex
578 2377 739 2446 suspectus
763 2373 929 2430 habebitur
958 2379 988 2430 et
1018 2379 1103 2431 actor
1125 2373 1299 2445 legitimam
1323 2387 1449 2429 causam
1476 2371 1682 2429 recusacionis

413 2479 606 2551 allegaverit,
639 2481 814 2538 convocatis
846 2481 992 2537 omnibus
1022 2480 1193 2537 maioribus
1225 2479 1366 2549 civitatis,
1395 2479 1464 2552 ipso
1487 2477 1587 2536 iudice
1610 2494 1682 2552 pre-

413 2588 506 2656 sente,
529 2585 694 2657 negocium
715 2584 883 2656 decidatur,
908 2585 946 2642 de
969 2601 1103 2658 quorum
1135 2585 1296 2656 sentencia,
1319 2585 1346 2641 si
1370 2584 1471 2642 adhuc
1491 2585 1683 2656 contingeret

414 2689 559 2761 dubitari,
583 2697 613 2749 et
635 2697 721 2749 actor
742 2693 939 2765 importunus
962 2707 1014 2749 eos
1038 2691 1077 2748 ad
1100 2691 1182 2763 regis
1208 2691 1350 2748 citaverit
1372 2692 1572 2764 presenciam,
1595 2690 1682 2748 solus

413 2795 507 2854 iudex
532 2812 590 2871 pro
614 2798 683 2856 aliis
706 2799 851 2856 omnibus
874 2797 913 2854 ad
936 2813 1043 2870 regem
1058 2798 1103 2855 ire
1119 2801 1264 2855 teneatur.
1281 2795 1397 2854 Eodem
1413 2795 1507 2854 modo
1531 2811 1589 2870 pro
1605 2812 1682 2870 qua·

417 2920 550 2978 cumque
575 2920 666 2962 causa
688 2904 822 2962 iudicem
847 2904 979 2962 civitatis
1003 2910 1032 2961 et
1055 2904 1146 2974 cives,
1162 2903 1214 2960 vel
1229 2903 1313 2960 cives
1337 2903 1420 2960 solos
1444 2902 1483 2959 ad
1506 2903 1588 2975 regis
1610 2919 1682 2976 pre-

414 3011 551 3069 senciam
575 3011 645 3084 quis
668 3011 784 3082 citaret,
808 3025 870 3068 uon
893 3014 1014 3068 tenetur
1035 3011 1089 3081 ire,
1112 3009 1171 3067 nisi
1194 3009 1279 3067 solus
1302 3009 1396 3066 iudex
1419 3009 1558 3066 civitatis.
1593 3007 1631 3065 Et
1655 3010 1682 3068 si

416 3117 528 3190 aliquis
552 3117 691 3190 aliquem
715 3117 816 3175 civem
838 3117 890 3174 vel
914 3116 997 3174 cives
1019 3131 1081 3173 non
1103 3115 1263 3189 requirens
1279 3119 1368 3172 antea
1390 3131 1409 3172 a
1432 3114 1532 3172 iudice
1548 3115 1683 3172 civitatis

415 3224 573 3282 iusticiam
597 3224 657 3282 sibi
680 3223 756 3296 fieri,
780 3223 819 3282 ad
842 3239 948 3297 regem
973 3223 1122 3294 citaverit,
1144 3237 1203 3294 pro
1226 3221 1283 3280 illo
1305 3221 1357 3278 vel
1379 3220 1443 3278 illis
1464 3220 1557 3278 iudex
1578 3221 1623 3278 ire
1639 3227 1683 3277 te

417 3330 550 3401 uehitur,
572 3337 601 3387 et
625 3329 652 3386 ei
677 3329 786 3387 citator
809 3329 952 3388 refundet
975 3345 1133 3404 expensas,
1150 3344 1186 3386 eo
1207 3327 1289 3402 quod
1308 3333 1485 3402 contempta
1499 3327 1683 3384 auctoritate

415 3437 529 3509 regalis
550 3436 709 3510 privilegii
732 3436 792 3493 sibi
815 3437 938 3508 cogniti,
962 3437 1139 3510 irrequisito
1162 3434 1263 3492 iudice
1287 3435 1421 3492 civitatis
1444 3434 1587 3506 fatigavit
1610 3449 1682 3490 eum

416 3542 531 3626 trustra
553 3543 715 3600 laboribus
738 3550 768 3600 et
791 3543 940 3616 expensis.
957 3543 1049 3600 Cives
1065 3549 1168 3600 autem
1185 3543 1319 3599 liberam
1334 3542 1450 3599 habent
1465 3540 1685 3614 undecumque

415 3649 572 3706 voluerint
595 3647 729 3721 eligendi
752 3647 932 3706 facultatem
952 3648 1086 3706 iudicem
1109 3647 1242 3705 civitatis
1269 3647 1359 3704 nobis
1382 3645 1631 3720 presentandum,
1654 3651 1685 3703 et

417 3756 557 3814 mutandi
581 3755 714 3813 eundem
737 3757 894 3813 annuatim
919 3771 977 3829 pro
1008 3771 1062 3813 sue
1092 3755 1221 3812 arbitrio
1253 3753 1429 3812 voluntatis.
1453 3751 1540 3825 Sane,
1563 3753 1590 3810 si
1613 3755 1685 3826 quis

416 3865 446 3921 in
473 3863 628 3920 calumnia
651 3863 703 3920 vel
726 3861 806 3920 falso
830 3863 1005 3920 testimonio
1033 3861 1195 3920 manifeste
1222 3861 1380 3918 convictus
1396 3859 1488 3917 fuerit
1511 3860 1561 3916 vel
1585 3861 1684 3918 eciam

416 3970 633 4043 deprehensus,
657 3985 713 4026 nec
736 3969 766 4027 in
790 3968 924 4026 iudicem
947 3969 998 4025 vel
1016 3969 1081 4026 eius
1098 3982 1284 4025 assessorem
1300 3982 1354 4024 seu
1371 3965 1583 4024 consiliarium
1599 3966 1685 4022 dein·

419 4093 491 4151 ceps
515 4076 703 4134 admittatur.
726 4075 813 4147 ltem,
836 4075 863 4134 si
886 4075 955 4148 quis
986 4074 1024 4132 de
1056 4075 1179 4132 civitate
1209 4074 1274 4130 sine
1305 4071 1418 4129 herede
1450 4070 1622 4142 decesserit,
1646 4071 1685 4128 de

417 4186 511 4241 rebus
534 4183 597 4241 suis
620 4183 792 4240 mobilibus
815 4182 949 4239 liberam
973 4181 1086 4238 habeat
1116 4179 1300 4253 disponendi
1330 4179 1517 4251 cuicumque
1540 4177 1685 4248 voluerit,

418 4291 613 4359 facultatem;
636 4306 686 4346 res
709 4304 784 4346 vero
807 4289 995 4358 immobiles
1019 4287 1138 4358 domos,
1161 4287 1287 4357 curiam,
1310 4286 1545 4356 vineas,te1ras
1568 4289 1599 4340 et
1622 4283 1686 4340 edi-

419 4397 489 4454 ficia
511 4411 640 4454 suorum
665 4395 839 4454 concivium
863 4396 969 4452 habito
993 4393 1130 4465 consilio,
1154 4393 1320 4450 uxorisne
1350 4392 1403 4448 vel
1427 4391 1520 4448 alicui
1542 4397 1686 4463 cognato-

418 4519 487 4562 rum
513 4518 642 4560 suorum
662 4503 833 4575 relinquat;
857 4501 899 4558 ita
924 4507 1035 4572 tamen,
1059 4499 1144 4574 quod
1159 4515 1215 4557 nec
1238 4515 1295 4572 per
1318 4498 1432 4571 ipsum,
1456 4513 1513 4554 nec
1535 4512 1591 4570 per
1609 4511 1686 4552 uxo·

420 4625 496 4680 rem,
520 4625 576 4666 nec
597 4625 653 4682 per
676 4615 822 4682 cognatos
845 4624 863 4666 a
886 4607 1082 4665 iurisdicione
1106 4607 1239 4664 civitatis
1263 4605 1361 4678 possit
1376 4603 1506 4660 alienari
1521 4618 1573 4659 seu
1591 4602 1686 4661 eximi

421 4718 471 4774 vel
496 4719 598 4775 avelli.
622 4719 708 4790 Item,
731 4717 757 4775 si
781 4716 850 4789 quis
873 4715 1033 4772 intestatus
1058 4713 1222 4771 decesserit
1245 4717 1275 4768 et
1297 4725 1353 4769 nec
1369 4725 1509 4780 uxorem,
1525 4725 1581 4766 nec
1595 4707 1686 4776 filios,

420 4839 475 4881 nec
500 4831 646 4896 cognatos
670 4823 821 4894 habuerit,
846 4822 905 4879 due
928 4827 1031 4894 partes
1057 4835 1162 4877 rerum
1186 4833 1313 4876 suarum
1335 4833 1392 4891 per
1414 4817 1498 4874 viros
1513 4813 1688 4886 fidedignos

421 4930 460 4987 ad
484 4931 543 4988 hoc
565 4931 693 4988 consilio
717 4930 831 4986 civium
855 4928 1027 5002 deputatos,
1052 4926 1243 5000 pauperibus
1262 4928 1291 4981 et
1308 4923 1435 4980 ecclesie
1451 4919 1590 4979 eiusdem
1613 4920 1689 4976 civi-

423 5038 493 5095 tatis
518 5036 752 5108 distribuantur,
775 5035 871 5094 tercia
892 5051 968 5092 vero
991 5049 1064 5107 pars
1093 5031 1133 5090 ad
1164 5031 1322 5090 utilititem
1346 5027 1479 5086 civitatis
1504 5031 1690 5084 reservetur.
