3824 5806
428 557 486 614 ³⁵2
739 542 994 617 Bormani
1022 541 1130 597 -An-
1157 552 1373 616 ort-1395-

1013 734 1099 802 372.

530 879 605 925 Anno
628 885 702 937 1304,
723 875 763 924 26.
784 874 906 940 Augusti.
925 873 1078 939 Zagrabiae.

430 1020 593 1093 Capitulum
616 1021 732 1094 sagrnb.
756 1023 817 1077 eccl.
842 1023 952 1078 litteras
984 1020 1164 1094 St'gismundi
1190 1021 1366 1092 Hungariac
1395 1027 1443 1076 etc.
1475 1021 1560 1092 regis,
1587 1020 1693 1092 probi-

423 1127 515 1183 bentes
536 1127 611 1183 bana
633 1129 746 1201 eiusque
769 1128 909 1184 rittebam's
932 1147 966 1184 ne
993 1128 1067 1184 ciues
1097 1126 1269 1193 Grccbenres
1290 1128 1321 1182 in
1338 1126 1562 1200 possessionibus
1589 1125 1695 1182 Petra-

721 1234 791 1290 vina
813 1241 842 1289 et
861 1231 1011 1310 Hrastltja
1033 1233 1191 1300 turbarent,
1214 1233 1386 1289 transcribit.

512 1377 574 1434 Nos
599 1377 770 1450 capitulum
794 1378 922 1434 ecclesie
945 1377 1159 1450 zagrabiensis.
1185 1377 1332 1433 liemorie
1355 1375 1609 1432 commendamus
1634 1391 1693 1448 per

424 1490 590 1556 presentes,
606 1483 689 1555 quod
707 1497 787 1540 anno
803 1481 920 1540 domini
937 1483 1106 1540 millesimo
1123 1483 1337 1538 trecentesimo
1353 1483 1553 1553 nonagesimo
1569 1487 1693 1553 quarto

424 1586 501 1644 feria
524 1594 633 1660 quarta
659 1589 801 1661 proxima
824 1594 895 1660 post
918 1587 1031 1645 festum
1056 1588 1137 1644 beati
1156 1587 1363 1644 Bartholomei
1380 1589 1523 1660 apostoli,
1541 1587 1692 1660 providus

425 1695 474 1750 vir
502 1694 665 1776 Johannes‚
697 1693 782 1750 filius
813 1694 910 1764 Pauli,
942 1694 1035 1752 iudex
1064 1694 1197 1752 civitatis
1228 1695 1342 1750 montis
1368 1692 1552 1750 Grechensis
1576 1693 1614 1749 de
1638 1692 1693 1749 Za-

424 1801 533 1873 grabia
555 1802 586 1858 in
610 1816 665 1856 sua
695 1808 726 1857 et
756 1801 972 1858 universorum
1006 1801 1121 1857 civium
1153 1800 1290 1857 eiusdem
1324 1801 1455 1858 civitatis
1481 1801 1628 1874 personis
1652 1799 1690 1854 ad

424 1913 562 1964 nostram
594 1906 800 1980 personaliter
832 1905 985 1962 veniendo
1017 1907 1217 1979 presenciam,
1248 1907 1390 1964 exhibuit
1419 1906 1510 1963 nobis
1538 1905 1691 1978 quasdam

424 2013 543 2070 litteras
574 2018 714 2086 patentes
744 2012 931 2069 serenissimi
962 2013 1112 2086 principis
1144 2011 1261 2069 domini
1292 2011 1490 2084 sigismundi,
1515 2011 1564 2068 dei
1587 2011 1693 2082 gracia

425 2119 521 2175 incliti
545 2119 626 2190 regis
651 2117 816 2191 Hungarie‚
841 2117 1010 2187 Dalmacie‚
1028 2117 1156 2174 Croacie
1179 2123 1242 2187 etc,
1260 2117 1508 2190 marchionisque
1524 2115 1694 2173 Brandem·

427 2223 587 2296 burgensis
603 2229 666 2293 etc,
691 2222 808 2280 domini
830 2223 928 2280 nostri
952 2223 1108 2292 naturalis,
1133 2223 1198 2280 eius
1220 2230 1337 2280 secreto
1361 2223 1466 2294 sigillo
1489 2223 1694 2294 consignatas,

423 2329 537 2385 tenoris
553 2328 749 2402 infrascripti,
770 2335 877 2401 petens
893 2343 948 2384 nos
965 2327 1070 2385 debita
1085 2344 1155 2386 cum
1185 2329 1331 2385 instancia
1346 2335 1381 2386 ut
1396 2328 1520 2385 easdem
1536 2327 1576 2385 de
1593 2329 1692 2412 verbo

423 2435 461 2492 ad
488 2435 619 2492 verbum
656 2435 819 2492 transcribi
843 2440 873 2492 et
897 2434 1007 2491 litteris
1029 2435 1140 2492 nostris
1165 2435 1341 2508 patentibus
1363 2434 1456 2491 inseri
1479 2434 1690 2506 dignaremur.

423 2541 519 2598 Cuius
542 2541 746 2614 peticionibus
770 2542 857 2599 iustis
880 2547 911 2597 et
934 2541 1081 2612 legitimis
1105 2549 1280 2612 annuentes,
1304 2540 1440 2614 prefatas
1456 2541 1574 2597 litteras
1590 2539 1691 2611 ipsius

423 2648 540 2705 domini
565 2649 660 2706 nostri
684 2649 772 2720 regis
798 2663 886 2704 sanas
910 2651 940 2704 ei
963 2647 1098 2719 integras
1123 2646 1161 2704 de
1186 2647 1283 2704 verbo
1307 2647 1346 2703 ad
1368 2647 1499 2702 verbum
1517 2645 1693 2709 transcribi,

423 2756 706 2828 transcriptumque
738 2754 933 2827 presentibus
964 2753 1075 2809 litteris
1106 2753 1218 2809 nostris
1251 2752 1343 2809 inseri
1374 2751 1504 2808 fecimus
1527 2751 1566 2808 ad
1591 2758 1694 2808 caute·

423 2861 494 2917 lam.
518 2859 658 2932 Quarum
680 2866 768 2916 tenor
791 2861 861 2917 talis
876 2865 937 2916 est:
957 2852 1031 2937 (uid.
1049 2841 1181 2931 nc'368.
1197 2873 1277 2916 anno
1297 2873 1387 2932 1393,
1407 2872 1454 2926 27.
1471 2851 1628 2929 octobris.)

513 2996 653 3062 Originale
679 2996 705 3044 in
730 2997 829 3054 charta,
855 3009 869 3044 a
895 3001 972 3060 tergo
999 2994 1140 3058 vestigium
1166 2992 1250 3058 sigilli
1277 2991 1439 3057 capitularis
1463 2991 1492 3040 In
1511 2990 1622 3043 archivo
1643 2990 1690 3039 lib.

424 3101 477 3150 reg.
498 3084 570 3134 civit.
596 3085 703 3150 zagrab.

1019 3296 1104 3364 373.

528 3442 604 3489 Anno
626 3449 700 3501 1395,
723 3448 760 3496 15.
780 3437 876 3488 martii.
897 3438 1050 3502 Zagrabiae.

423 3568 573 3624 Emericus
603 3568 691 3624 aulae
718 3569 817 3640 regiae
846 3568 934 3636 nn'les,
960 3567 1034 3623 ciues
1063 3550 1237 3623 Gretbarscs
1259 3566 1368 3638 regium
1392 3582 1503 3620 censum
1519 3571 1578 3635 pra
1600 3561 1694 3618 tribas

845 3674 932 3729 ‹rnrris
954 3673 1116 3740 exsalrn'sse,
1140 3678 1268 3728 testatur.

512 3819 574 3875 Nos
605 3819 751 3890 magister
785 3819 924 3874 Emricus
957 3833 1072 3890 parvus
1106 3816 1144 3872 de
1175 3815 1275 3884 Zelna,
1307 3814 1378 3872 aule
1408 3813 1492 3885 regie
1524 3813 1692 3870 maiestatis

423 3925 521 3982 miles.
547 3927 694 3982 Memorie
717 3923 969 3981 commendantes
994 3931 1098 3980 tenore
1121 3922 1313 3995 presencium
1338 3919 1556 3992 significamus,
1577 3919 1692 3992 quibus

423 4029 549 4102 expedit
572 4029 733 4100 universis
758 4027 839 4101 quod
873 4029 944 4100 quia
975 4027 1100 4101 providi
1124 4027 1193 4096 viri,
1217 4025 1317 4096 iudex,
1342 4025 1441 4094 iurati,
1470 4025 1637 4081 consiliarii
1660 4032 1691 4080 et

423 4136 559 4192 universi
582 4137 673 4204 cives,
706 4150 811 4206 ymmo
834 4141 898 4190 tota
921 4135 1125 4190 communitas
1148 4133 1282 4189 civitatis
1306 4131 1419 4188 montis
1440 4130 1623 4188 Grechensis
1646 4128 1685 4185 de

424 4241 582 4313 Zugrabia
603 4243 686 4298 iuxta
706 4241 885 4298 firmissima
900 4241 1167 4297 serenissimorum
1184 4239 1359 4312 principum
1377 4237 1577 4294 dominorum
1594 4234 1688 4308 Sigis-

423 4346 532 4404 mundi
554 4347 636 4418 regis
660 4355 690 4404 et
713 4347 808 4402 llarie
831 4347 935 4418 regine
968 4347 1134 4418 Hungarie,
1166 4345 1334 4412 Dalmacie‚
1363 4343 1491 4400 Croacie
1516 4349 1571 4400 ete.
1594 4343 1690 4414 sepis-

424 4455 502 4511 sima
526 4454 708 4511 litteratoria
733 4454 885 4524 mandata,
910 4455 998 4511 nobis
1022 4455 1052 4510 in
1077 4453 1175 4510 tribus
1198 4452 1293 4522 annis,
1318 4450 1440 4508 duobus
1463 4448 1609 4506 videlicet
1628 4450 1689 4506 iam

424 4560 603 4633 retrolapsis
627 4566 657 4617 et
681 4561 776 4616 tercio
799 4577 880 4616 nunc
902 4560 1045 4632 presenti,
1071 4559 1233 4615 collectam
1258 4573 1364 4614 eorum
1388 4561 1567 4612 consuetam
1597 4562 1627 4612 et
1642 4569 1691 4611 or-

424 4666 585 4734 dinariam,
610 4681 704 4738 quam
729 4667 815 4722 annis
839 4666 969 4737 singulis
993 4666 1023 4722 in
1055 4665 1104 4721 die
1136 4671 1339 4733 strennarum‚
1370 4662 1455 4733 wlgo
1486 4659 1570 4718 Beud
1599 4661 1688 4730 dicta,

424 4773 550 4829 domino
574 4777 678 4828 nostro
702 4772 765 4843 regi
790 4773 906 4828 eteius
930 4787 1051 4828 camere
1081 4771 1202 4828 solvere
1235 4775 1382 4836 tenentur,
1411 4767 1550 4840 plenarie
1575 4767 1690 4838 persol-

424 4888 534 4934 verunt
558 4883 588 4934 et
611 4879 811 4949 assignarunt.
837 4877 908 4934 ldeo
933 4878 1016 4950 ipsos
1039 4876 1182 4944 iudicem,
1206 4877 1329 4943 iuratos,
1357 4873 1548 4931 consiliarios
1572 4877 1602 4928 et
1623 4873 1689 4929 uni·

423 5000 529 5043 versos
552 4988 635 5041 cives
658 4993 688 5040 et
711 4989 809 5040 totam
833 4985 1085 5040 communitatem
1110 4981 1229 5056 prefate
1252 4981 1385 5038 civitatis
1407 4995 1502 5052 super
1521 4978 1602 5036 iacto
1618 4994 1686 5052 per·
