3728 5806
416 570 476 630 242
835 549 909 608 Doc.
932 558 1000 624 253.
1027 581 1064 590 -
1088 548 1146 607 An.
1171 557 1255 626 1371.

412 749 511 806 biensi
545 764 599 806 seu
634 747 780 822 capitulo
804 747 973 820 capellanis
1004 746 1117 804 nostris
1147 745 1304 818 fidelibus,
1334 763 1421 805 mera
1450 753 1556 806 nostra
1591 748 1674 819 regia

412 855 592 912 auctoritate
616 853 779 925 mediante,
810 859 846 911 ut
874 853 935 926 ipsi
965 851 1004 909 de
1034 859 1136 910 cetero
1166 851 1277 910 eodem
1307 854 1412 926 sigillo
1435 869 1518 912 novo
1542 869 1598 928 per
1621 869 1675 912 nos

412 961 487 1034 ipsis
518 975 662 1018 concesso
692 961 724 1018 in
755 959 900 1017 omnibus
931 959 1066 1031 negociis
1097 959 1328 1031 regnicolarum
1354 967 1533 1018 nostrornm
1556 967 1585 1018 et
1608 961 1675 1018 aliis

412 1071 504 1140 prout
527 1073 615 1124 antea
637 1073 668 1123 et
690 1069 792 1123 cetera
814 1065 883 1122 loca
906 1063 1125 1122 testimonialia
1155 1071 1226 1122 sunt
1257 1065 1349 1122 solita
1376 1067 1535 1140 perpetuis
1558 1073 1676 1139 ternpo-

411 1173 498 1230 ribus
519 1173 683 1246 pociantur
705 1177 735 1228 et
758 1176 885 1229 utantur
907 1186 944 1228 ex
968 1170 1119 1244 presentis
1149 1177 1254 1228 nostre
1281 1172 1485 1229 concessionis
1509 1173 1674 1229 annuencia

410 1279 546 1352 speciali.
570 1279 686 1336 Datum
710 1279 740 1336 in
758 1275 956 1350 Wyssegrad,
980 1277 1011 1334 in
1034 1275 1113 1334 festo
1129 1277 1211 1334 beati
1233 1277 1357 1335 Martini
1380 1276 1572 1336 confessoris.
1589 1280 1676 1334 Anno

410 1384 528 1442 domini
551 1384 721 1442 millesimo
744 1382 907 1440 CCCLXX
931 1383 1042 1456 primo.

499 1518 639 1584 Originale
664 1518 691 1568 in
713 1517 873 1572 membrana,
892 1531 908 1566 a
927 1523 1003 1582 tergo
1028 1515 1171 1582 vestigium
1196 1516 1317 1584 impressi
1337 1516 1446 1567 maioris
1465 1517 1557 1582 sigilli.
1582 1517 1611 1568 ln
1635 1533 1674 1568 ar·

410 1607 489 1656 cbivo
507 1623 564 1658 ven.
583 1621 639 1672 cap.
659 1607 763 1672 zagrab.
781 1605 843 1658 fasc.
866 1615 904 1664 13.
924 1621 962 1655 nr.
982 1617 1023 1668 qa.

499 1748 569 1809 Quia
588 1747 629 1797 his
647 1747 746 1798 litteris
764 1747 882 1812 capitulo
900 1745 1064 1812 zagrabiensi
1084 1746 1203 1811 sigillum
1215 1761 1312 1796 novum
1331 1761 1345 1796 a
1364 1762 1428 1812 rege
1447 1763 1597 1799 concessum
1613 1757 1674 1807 erat,

410 1837 500 1902 operis
520 1836 635 1901 pretium
661 1851 716 1884 esse
740 1850 840 1891 censeo,
864 1841 961 1884 statuta
986 1835 1097 1898 capituli
1120 1832 1237 1886 eiusdem
1263 1833 1330 1898 (vid.
1358 1837 1452 1885 Statut.
1473 1836 1551 1900 capit.
1572 1838 1673 1902 zagrab.

410 1931 477 1989 part.
498 1925 517 1973 1.
537 1939 557 1973 c.
578 1923 623 1974 lV.
645 1923 713 1973 Mon.
733 1923 792 1972 hist.
812 1923 891 1988 episc.
911 1922 1016 1986 zagrab.
1036 1921 1070 1971 ll.
1090 1937 1150 1987 pag.
1173 1923 1226 1988 14.)
1245 1924 1277 1972 de
1297 1926 1475 1974 conservando
1493 1924 1586 1990 sigillo
1599 1935 1675 1989 atque

410 2014 442 2061 de
466 2013 553 2078 pretio
579 2027 629 2077 pro
654 2027 702 2060 usu
732 2010 815 2075 sigilli
845 2012 980 2068 solvend0,
1008 2010 1052 2058 hic
1072 2011 1163 2075 paucis
1184 2010 1299 2060 referre:
1332 2013 1487 2077 ,tSigillum
1516 2015 1674 2078 capitulare)

410 2101 529 2150 adminns
549 2107 647 2165 septem
667 2099 783 2148 canonici
805 2099 830 2148 in
850 2105 918 2148 etate
944 2105 969 2148 et
991 2098 1154 2148 discrecione
1183 2099 1262 2164 positi
1288 2099 1437 2157 sufficienti,
1464 2101 1566 2166 possint
1593 2102 1675 2167 ruptis

410 2190 535 2254 inpressis
562 2189 668 2254 sigillis,
687 2190 720 2238 de
743 2187 835 2253 pixide
858 2189 980 2254 excipere
1003 2194 1028 2236 et
1054 2203 1112 2237 curn
1136 2203 1167 2237 eo
1189 2188 1293 2238 litteras
1316 2189 1435 2238 comunis
1459 2189 1564 2239 iusticie
1590 2191 1616 2240 in
1635 2207 1672 2240 ca·

410 2293 482 2328 mera
501 2277 619 2328 sacristie
645 2277 765 2342 sigillare
790 2282 816 2326 et
842 2276 938 2326 iterum
960 2277 1049 2326 statim
1071 2291 1200 2341 reponere
1223 2277 1248 2326 in
1272 2278 1389 2342 pixidem
1413 2284 1438 2328 et
1457 2293 1503 2328 sua
1526 2279 1617 2343 sigilla
1636 2296 1674 2328 su-

409 2381 564 2431 perponere,
596 2371 675 2431 prout
705 2365 762 2414 fieri
791 2364 932 2414 consuevit.
954 2365 995 2414 Ad
1015 2365 1171 2428 sigillandas
1190 2371 1277 2415 autem
1302 2366 1405 2416 litteras
1432 2367 1523 2432 gracie
1549 2369 1591 2417 vel
1611 2368 1673 2417 alias

408 2455 613 2518 qualescumque
638 2468 689 2503 non
708 2453 787 2502 liceat
812 2459 851 2502 tot
876 2452 996 2516 personis
1019 2453 1139 2516 sigillum
1164 2455 1288 2518 excipere
1307 2455 1340 2502 de
1362 2455 1462 2518 pixide,
1485 2455 1534 2504 nisi
1563 2463 1591 2506 ut
1612 2456 1674 2505 iuris

409 2549 454 2600 est,
474 2557 505 2590 ex
532 2541 641 2590 maioris
665 2540 749 2605 partis
773 2540 884 2605 capituli
911 2555 1036 2590 consensu
1062 2541 1127 2604 quid
1156 2541 1206 2590 iarn
1232 2541 1313 2592 luerit
1341 2541 1493 2600 diffinitum,
1524 2549 1550 2593 et
1577 2545 1615 2592 sic
1633 2544 1672 2593 lit·

409 2637 463 2680 tere
483 2629 634 2679 huiusmodi
660 2627 757 2678 suerint
783 2628 939 2693 sigillande;
960 2629 1009 2678 boc
1034 2645 1137 2694 semper
1158 2631 1329 2687 advertendo,
1348 2631 1369 2680 si
1390 2632 1442 2680 tale
1462 2631 1527 2694 qnid
1552 2631 1673 2688 evenerit,

409 2719 454 2768 ubi
474 2719 592 2767 omnium
611 2718 644 2766 de
665 2717 782 2782 capitulo
802 2731 940 2766 consensus
960 2717 1041 2767 luerit
1060 2718 1242 2781 requirendus,
1263 2718 1289 2768 in
1309 2734 1362 2782 quo
1389 2734 1449 2768 casu
1470 2729 1571 2770 cessant
1589 2722 1673 2771 omnia

409 2806 569 2871 supradicta.
589 2805 676 2871 Ipsius
694 2811 780 2854 autem
801 2804 884 2870 sigilli
904 2805 988 2855 nostri
1008 2807 1128 2856 redditus
1146 2823 1192 2856 seu
1210 2815 1354 2872 proventus
1374 2808 1438 2857 tales
1452 2807 1584 2858 existunt:
1604 2811 1673 2872 quod

409 2895 429 2943 si
456 2909 536 2959 super
561 2893 773 2957 quibuscumque
799 2892 1019 2958 expedicionibus
1045 2893 1227 2944 indifferenter
1252 2910 1488 2960 quorumcumque,
1514 2898 1595 2948 salvis
1617 2897 1672 2955 hiis,

408 2998 459 3045 que
478 2988 621 3045 sequentur
639 2981 744 3039 litteris,
765 2981 851 3046 ipsum
870 2979 989 3046 sigillum
1002 2982 1171 3046 appenditur,
1185 2983 1286 3032 solucio
1299 2984 1494 3049 redempcionis
1511 2985 1673 3050 singularum

408 3070 558 3120 huiusmodi
579 3070 729 3119 litterarum
750 3085 799 3134 pro
819 3068 895 3119 nobis
913 3069 992 3119 debet
1011 3069 1182 3120 denariorum
1206 3071 1341 3121 banalium
1360 3071 1420 3130 XL,
1439 3089 1555 3137 quorum
1574 3073 1672 3138 singuli

408 3161 511 3208 valeant
531 3158 586 3208 Xll
604 3159 730 3223 parvulos
749 3157 888 3222 bagatinos
907 3160 948 3206 vel
968 3159 1001 3206 ad
1021 3165 1121 3208 tanturn
1141 3161 1259 3210 valorem
1277 3175 1413 3210 comunem
1427 3162 1605 3227 zagrabiensis
1620 3178 1671 3213 mo·

407 3252 465 3295 nete
484 3245 595 3295 alterius
614 3245 809 3308 cuiuscumque.
835 3245 876 3294 nd
900 3245 1023 3295 ultimum
1050 3253 1161 3312 propter
1185 3255 1303 3298 monetas
1322 3249 1441 3298 diversas
1461 3249 1547 3300 visum
1567 3251 1625 3310 fuit,
1645 3260 1671 3302 ut

408 3350 473 3383 unus
493 3335 603 3383 ducatus
620 3335 661 3383 vel
682 3335 715 3382 ad
743 3334 799 3382 eius
819 3335 937 3384 valorem
962 3349 1105 3394 comunem,
1131 3337 1164 3384 de
1187 3342 1290 3386 moneta
1315 3338 1431 3387 currenti
1452 3337 1498 3388 fiat
1518 3340 1627 3396 solucio,
1647 3348 1673 3390 ut

407 3424 538 3472 solutores
556 3437 608 3472 non
628 3423 785 3472 contendant
804 3423 837 3470 de
857 3425 948 3472 valore
967 3423 1160 3487 bagatinorum.
1182 3425 1240 3474 lloc
1259 3433 1346 3474 autem
1368 3441 1401 3474 ex
1421 3441 1489 3476 nunc
1508 3427 1673 3477 decernimus

407 3512 553 3570 statuendo,
573 3512 644 3574 quod
669 3527 718 3576 pro
743 3510 851 3560 illarum
876 3511 1027 3560 litterarum
1052 3512 1246 3576 redempcione,
1269 3527 1321 3574 que
1348 3527 1428 3578 super
1452 3514 1562 3578 prediis,
1589 3516 1672 3570 terris,

407 3599 491 3648 vineis
509 3601 552 3649 vel
571 3599 631 3649 aliis
651 3599 754 3648 iuribus
774 3598 800 3648 in
820 3599 917 3648 nostris
938 3598 1082 3649 territoriis
1102 3599 1269 3662 ubicumque,
1282 3615 1396 3663 quorum
1410 3601 1577 3666 singulorum
1598 3605 1672 3654 valor

406 3689 512 3750 quando
531 3687 557 3737 in
577 3687 674 3737 litteris
693 3687 758 3752 ipsis
777 3687 946 3752 exprimitur,
966 3687 1031 3736 alias
1051 3687 1265 3738 consideracione
1285 3688 1365 3753 legali
1386 3689 1484 3744 habita,
1505 3697 1559 3740 tres
1574 3706 1672 3740 marcas

407 3783 509 3826 monete
528 3775 649 3840 predicte
668 3774 783 3840 attingit,
802 3775 858 3825 sive
882 3777 1048 3840 appendatur
1074 3775 1194 3840 sigillum
1220 3775 1275 3825 sive
1299 3791 1351 3826 non
1380 3776 1564 3834 coniiciuntur,
1583 3779 1671 3828 eadem

406 3863 507 3913 solucio
528 3864 662 3914 debeatur.
684 3863 713 3912 In
732 3869 798 3926 quot
817 3863 912 3912 marcis
936 3869 1023 3912 autern
1049 3864 1153 3913 excedit
1179 3866 1255 3914 valor
1277 3863 1465 3928 cuiuscumque
1485 3867 1518 3915 de
1538 3867 1671 3932 premissis

406 3951 476 4016 ipsas
496 3957 549 4001 tres
568 3966 676 4010 marcas,
704 3957 743 4000 tot
771 3951 889 4015 pondera
914 3951 1017 4016 argenti
1044 3950 1072 4000 id
1098 3958 1136 4001 est
1160 3952 1278 4016 quinque
1303 3953 1406 4003 denarii
1432 3955 1503 4012 boui,
1524 3956 1671 4018 dequibus

405 4055 494 4104 supra,
514 4041 548 4089 ad
567 4040 728 4089 solucionem
747 4041 871 4088 accedant
890 4039 1045 4104 predictam,
1064 4047 1090 4089 et
1108 4039 1147 4090 sic
1165 4042 1198 4090 ad
1217 4041 1336 4106 singulos
1350 4042 1472 4092 denarios
1485 4044 1670 4108 quadraginta,

405 4128 504 4193 singuli
524 4127 625 4177 denarii
646 4127 750 4177 venient
769 4128 953 4192 computando.
974 4128 1081 4178 Solucio
1101 4134 1188 4179 autem
1201 4145 1251 4194 pro
1264 4131 1450 4196 redempcione
1469 4131 1578 4181 illarum
1597 4132 1669 4197 sigil-

405 4217 519 4266 latarum
539 4216 572 4264 ad
592 4217 707 4272 dorsum,
727 4231 791 4278 quas
811 4231 890 4280 super
909 4215 1001 4278 aliquo
1020 4217 1052 4265 de
1072 4216 1228 4282 prescriptis
1246 4232 1298 4267 non
1310 4217 1456 4284 attingente
1470 4221 1589 4269 valorem
1603 4235 1668 4269 mar-

405 4319 495 4354 carum
515 4304 595 4354 trium
615 4303 708 4354 confici
728 4303 872 4368 contingat,
891 4304 952 4353 talis
970 4303 1030 4354 fiat:
1050 4306 1122 4368 quod
1142 4320 1191 4370 pro
1211 4305 1287 4356 nobis
1301 4306 1402 4356 denarii
1419 4306 1473 4356 XII
1487 4308 1667 4358 tantummodo

405 4395 584 4451 exsolvantur,
603 4393 649 4456 qui
669 4399 698 4442 ut
717 4392 763 4442 alii
789 4393 922 4458 prenotati
949 4393 1061 4442 debeant
1086 4393 1155 4443 inter
1179 4393 1241 4443 illos
1267 4409 1300 4444 ex
1329 4395 1406 4444 nobis
1425 4396 1557 4458 equaliter
1576 4396 1668 4454 dividi,

405 4481 451 4544 qui
471 4480 571 4546 singuli
599 4481 703 4531 comuni
723 4479 892 4530 interfuerint
909 4481 1093 4546 personaliter,
1120 4481 1168 4531 nisi
1194 4482 1293 4545 aliquis
1311 4489 1371 4533 ante
1389 4482 1460 4532 fores
1489 4483 1598 4534 ecclesie
1619 4499 1667 4534 rna·

405 4569 471 4620 ioris
490 4571 531 4620 vel
552 4569 623 4619 circa
642 4569 709 4618 hanc
728 4575 847 4634 ternpore
866 4568 1040 4634 sigillacionis
1060 4567 1149 4628 fucrit,
1167 4570 1283 4620 nesciens
1296 4571 1400 4634 aliquid
1419 4572 1562 4630 decadem,
1578 4573 1604 4623 in
1616 4587 1666 4636 quo

405 4674 465 4708 casu
484 4658 590 4708 racione
609 4658 732 4716 dictante,
752 4673 798 4707 sua
816 4659 943 4724 porcione
963 4657 990 4708 in
1009 4658 1061 4708 hiis
1080 4674 1131 4708 non
1151 4659 1245 4709 debeat
1264 4657 1425 4710 defrandari.
1443 4661 1570 4710 Notarius
1583 4667 1667 4711 autern

404 4755 563 4797 nosternon
582 4747 728 4796 audeatad
748 4745 920 4812 sigillandum
939 4746 1036 4796 offerre
1062 4747 1165 4797 litteras
1190 4748 1351 4806 huiusmodi,
1377 4751 1460 4800 donec
1479 4749 1610 4816 receperit
1628 4765 1665 4800 re·

404 4835 567 4899 dempcionis
586 4850 676 4884 earum
695 4833 815 4884 totaliter
834 4835 944 4899 capituli
971 4835 1131 4900 porcionem.
1156 4837 1212 4886 Hec
1236 4843 1321 4886 tamen
1347 4839 1470 4888 nolumus
1490 4846 1616 4901 quantum
1634 4839 1666 4888 ad

404 4923 552 4972 soluciones
571 4923 677 4972 extendi
698 4922 724 4972 in
744 4923 835 4986 aliquo
852 4923 886 4972 ad
905 4923 1015 4980 litteras,
1039 4939 1104 4987 quas
1129 4940 1162 4973 ex
1187 4925 1263 4974 nobis
1282 4925 1442 4988 quicumque
1462 4942 1587 4991 processu
1607 4937 1665 4977 tem·

404 5012 478 5078 poris
496 5011 589 5062 habuit
608 5027 688 5077 super
707 5011 811 5062 iuribus
830 5012 881 5062 sibi
901 5013 1110 5077 competentibus
1130 5011 1345 5078 quoquomodo.“
