3728 5806
595 554 668 611 Dor.
686 568 763 631 344.
791 587 827 595 -
853 554 909 610 An.
934 566 1022 629 1391.
1384 571 1445 630 319

183 750 335 821 regalium
360 751 410 808 vel
428 752 492 808 eius
508 752 591 809 vices
607 751 638 808 in
654 751 788 808 iudicatu
806 751 922 824 gerenti
940 751 1070 808 salutem
1089 756 1118 807 et
1133 745 1277 823 graciam.
1294 750 1374 807 Cum
1390 765 1446 807 nos

182 869 306 913 causam
330 857 409 914 inter
432 856 540 914 fideles
563 859 646 916 cives
670 864 700 914 et
723 857 859 931 hospites
875 861 996 914 nostros
1020 855 1058 914 de
1082 855 1233 928 Zagrabia
1256 871 1291 913 ac
1315 857 1445 913 honora·

182 961 246 1019 bile
270 963 441 1035 capitulum
465 963 524 1021 loci
548 963 687 1021 eiusdem
711 965 741 1020 in
765 961 847 1021 facto
870 963 1120 1036 interempcionis
1147 961 1308 1020 cuiusdam
1331 960 1445 1019 famili·

182 1067 242 1124 aris
266 1068 406 1141 ipsorum
430 1084 533 1127 coram
559 1070 648 1126 vobis
679 1076 797 1127 motam
828 1075 858 1127 et
888 1069 1065 1126 suscitatam
1094 1085 1151 1142 per
1180 1069 1316 1142 prelatos
1340 1075 1370 1125 et
1391 1069 1445 1124 ba·

181 1188 271 1231 rones
293 1181 414 1233 nostros
437 1179 567 1249 propter
590 1175 741 1233 maiorem
764 1176 809 1233 rei
832 1175 1024 1233 evidenciam
1048 1176 1079 1232 in
1102 1176 1187 1232 curia
1210 1183 1314 1234 nostra
1330 1176 1445 1233 exami-

182 1280 248 1337 nari
270 1285 300 1338 et
323 1281 434 1340 discuti
465 1281 565 1339 facere
597 1281 808 1352 intendamus;
840 1282 1023 1362 mandamus
1054 1282 1148 1354 igitur
1178 1289 1279 1338 vestre
1302 1280 1446 1338 fidelitati

182 1385 314 1445 firmiter
336 1403 393 1461 per
416 1395 581 1462 presentes,
605 1395 755 1462 quatenus
786 1388 939 1462 prefatam
971 1405 1103 1459 causam,
1137 1389 1229 1445 modo
1247 1403 1309 1460 quo
1340 1404 1443 1462 supra,

182 1507 286 1550 coram
310 1495 401 1552 vobis
424 1503 494 1554 ante
518 1496 595 1553 latas
618 1502 722 1570 partes
746 1501 918 1553 vertentem
948 1502 1029 1553 statu
1061 1495 1091 1552 in
1122 1493 1232 1550 eodem
1264 1494 1328 1550 sine
1360 1495 1444 1551 omni

186 1600 366 1671 gravamine
390 1602 420 1659 in
444 1603 561 1660 curiam
596 1607 742 1674 nostram,
773 1603 966 1677 prelatorum
1001 1617 1124 1674 quoque
1155 1607 1184 1657 et
1214 1601 1365 1658 baronum
1394 1615 1447 1658 no·

183 1710 318 1763 strorum
342 1706 552 1780 predictorum
578 1709 768 1782 presenciam
800 1709 1007 1766 transmittere
1040 1706 1177 1764 debeatis
1201 1705 1445 1776 examinandam,

183 1811 384 1882 tractandam,
409 1812 634 1871 discutiendam
660 1819 690 1870 et
713 1813 774 1870 fine
801 1812 907 1870 debito
937 1811 1181 1870 concludendam
1190 1829 1197 1880 ;
1224 1817 1254 1868 et
1277 1810 1360 1866 aliud
1386 1825 1446 1868 non

185 1915 303 1974 facturi.
328 1918 443 1976 Datum
467 1920 497 1976 in
521 1917 645 1990 Segesd
671 1917 747 1976 feria
772 1921 865 1977 tercia
882 1919 1023 1992 proxima
1040 1924 1109 1991 post
1125 1915 1314 1974 dominicam
1337 1916 1443 1973 Ramis

181 2023 367 2096 palmarum.
393 2028 483 2082 Anno
507 2025 625 2083 domini
649 2026 758 2083 MCCC
781 2024 980 2098 nonagesimo
1004 2025 1113 2097 primo

271 2177 412 2244 Originale
432 2179 458 2228 in
477 2180 575 2238 charta,
594 2179 714 2246 sigillum
734 2180 897 2245 impressum.
911 2179 940 2228 In
960 2179 1029 2228 arch.
1051 2179 1066 2227 l.
1086 2193 1107 2226 r.
1128 2177 1177 2227 civ.
1197 2177 1301 2242 zagrab.

773 2516 864 2582 344.

286 2675 362 2722 Anno
384 2682 459 2736 1391,
480 2674 503 2724 6.
524 2674 624 2739 aprilis.
646 2674 676 2724 In
695 2675 791 2724 Zakan.

179 2817 287 2877 Maria
310 2820 412 2892 regino
440 2821 617 2894 Hungarr'ae
648 2830 733 2892 vetat,
763 2829 797 2878 ut
825 2823 985 2894 iobagrbnes
1013 2823 1118 2879 civtirm
1153 2823 1358 2881 Grecleensium
1393 2819 1446 2880 Pe-

182 2927 328 2984 trovinam
359 2935 387 2984 et
418 2928 596 3003 Hrastlrjam
635 2929 784 2986 incolentes
818 2928 939 2985 decimas
973 2931 1204 2986 marturinamm
1240 2937 1268 2985 et
1297 2938 1449 3002 porcorum

740 3044 898 3109 praestent.

270 3179 368 3236 Maria
389 3179 439 3236 dei
461 3181 565 3251 gracia
588 3181 694 3252 regina
722 3180 889 3252 Hungarie,
922 3179 1089 3249 Dalmacie‚
1122 3179 1249 3235 Croacie
1273 3183 1327 3234 etc.
1356 3177 1444 3234 Fide-

182 3283 265 3340 libus
288 3285 352 3341 suis
375 3285 540 3358 magnifico
573 3287 641 3343 viro
672 3286 799 3342 domino
831 3285 955 3342 Detrico
987 3284 1102 3356 Bubek,
1134 3285 1220 3356 regni
1246 3285 1341 3340 nostri
1365 3282 1449 3341 Scla-

181 3391 271 3448 uonie
295 3391 376 3447 bano
399 3399 428 3448 et
452 3393 601 3449 vicebano
625 3391 763 3449 eiusdem
788 3399 817 3448 et
841 3390 1029 3448 officialibus
1050 3390 1233 3447 eorumdem
1257 3391 1287 3446 in
1312 3390 1448 3446 exaccio-

181 3495 273 3553 nibus
296 3498 548 3556 mardurinarum
572 3515 607 3556 ac
631 3499 758 3556 decimis
783 3512 950 3572 porcorum
975 3496 1222 3570 procedentibus,
1247 3496 1361 3568 quibus
1378 3511 1447 3568 pre-

182 3609 281 3660 sentes
305 3603 515 3676 ostenduntur‚
537 3605 670 3662 salutem
694 3611 723 3661 et
746 3603 891 3676 graciam.
918 3603 950 3659 ln
975 3603 1114 3676 personis
1137 3603 1353 3658 universorum
1371 3600 1447 3658 fide-

182 3708 260 3765 lium
284 3710 401 3768 civium
425 3719 454 3768 et
477 3712 636 3785 hospitum
659 3717 835 3768 nostrorum
853 3709 985 3766 civitatis
1002 3715 1105 3765 nostre
1121 3707 1328 3780 zagrabiensis
1345 3716 1448 3764 nostre

183 3813 297 3873 dicitur
319 3819 471 3876 maiestati
495 3863 714 3877 ........
739 3814 822 3888 quod
846 3831 903 3872 vos
926 3831 1020 3888 super
1051 3815 1229 3886 iobagiones
1254 3814 1393 3887 ipsorum
1416 3815 1447 3870 in

182 3934 292 3983 eorum
315 3929 561 4001 possessionibus
584 3925 767 3995 Petrowyna
786 3927 816 3978 et
832 3921 989 3992 Hrasthya
1014 3965 1261 3977 .........
1287 3919 1448 3978 dominum

181 4031 415 4106 sigismundum
437 4050 544 4108 regern
568 4038 598 4089 et
621 4035 796 4088 consortem
819 4033 958 4084 nostrum
983 4026 1178 4083 carissimum
1196 4070 1385 4085 ,,,,,,,
1412 4074 1418 4086 ,
1443 4061 1449 4074 .

182 4142 378 4201 mardurinas
400 4147 431 4200 et
453 4141 588 4198 decimas
612 4149 780 4211 porcorum
803 4132 906 4190 dicare
937 4138 967 4189 et
999 4132 1080 4204 exigi
1104 4129 1205 4189 facere
1229 4177 1449 4192 ........

182 4248 361 4308 huiusmodi
384 4247 555 4306 dicaciones
579 4249 609 4302 et
631 4242 808 4300 exacciones
831 4238 899 4296 ullo
914 4252 1065 4310 umquam
1086 4242 1225 4310 ternpore
1241 4254 1336 4311 super
1351 4239 1449 4298 dictos

182 4357 362 4430 iobagiones
384 4369 494 4414 eorum
516 4352 559 4410 ali
581 4392 770 4410 .......
794 4345 911 4402 scilicet
934 4341 1096 4402 Sclauonie
1121 4343 1193 4400 bani
1217 4343 1449 4418 predecessores

183 4463 278 4522 vestri
301 4462 384 4534 exigi
406 4459 485 4518 facte
508 4458 638 4516 fuissent
662 4495 1093 4515 ...............
1117 4449 1227 4506 damus
1243 4451 1373 4522 reginali
1390 4451 1448 4508 sub

182 4570 292 4642 edicto,
316 4575 466 4642 quatenus
489 4567 564 4624 visis
588 4562 783 4638 presentibus
807 4600 1116 4616 ...........
1140 4555 1255 4613 civium
1287 4561 1317 4612 et
1345 4557 1448 4630 hospi·

183 4683 247 4735 tum
272 4681 450 4733 nostrorum
477 4673 516 4730 ad
547 4669 720 4729 soluciones
744 4709 902 4724 ......
927 4662 1177 4720 mardurinarum
1202 4667 1231 4719 et
1256 4661 1449 4719 decimarum

182 4799 351 4862 porcorum
375 4817 894 4840 ..................
910 4769 1154 4844 presumpmatis
1177 4783 1233 4825 nec
1255 4768 1321 4826 sitis
1344 4769 1449 4826 ausuri

183 4891 277 4950 modo
300 4888 439 4962 aliquali.
471 4887 507 4943 Et
537 4885 597 4942 hoc
620 4883 703 4941 idem
727 4921 1218 4940 .................
1242 4874 1348 4932 dantes
1372 4875 1448 4947 ipsis

183 4997 282 5056 firmis
305 4995 461 5054 similibus
484 4992 542 5050 sub
566 4989 727 5065 preceptis.
753 4987 910 5044 Presentes
928 4991 1033 5042 autem
1057 4989 1127 5058 post
1149 4983 1295 5040 lectivam
1319 4996 1443 5055 semper
