3824 5806
660 575 734 632 Doc.
752 570 830 651 366.
857 607 893 617 -
920 576 1090 651 An.1393.
1445 589 1504 648 347

241 776 410 833 vicebanus
433 781 463 832 et
486 790 589 832 comes
612 773 818 847 zagrabiensis
842 789 877 830 ac
902 774 1017 831 iudices
1041 772 1196 830 nobilium
1219 770 1357 827 eiusdem
1382 771 1507 827 comita-

241 889 290 938 tus
307 880 446 937 debitum
464 880 657 937 famulatum.
671 879 799 937 Noverit
816 884 919 936 vestra
935 877 1167 951 magnificencia
1183 892 1238 933 nos
1256 877 1373 933 litteras
1391 883 1508 934 vestras

241 989 357 1044 honore
381 1002 444 1058 quo
467 985 570 1043 decuit
593 986 746 1058 recepisse
770 986 800 1042 in
824 985 878 1042 hec
902 986 1013 1041 verba:
1046 977 1119 1060 (vid.
1144 999 1188 1040 nr.
1213 982 1284 1056 364,
1307 997 1387 1039 anno
1417 997 1506 1056 1393,

243 1093 290 1150 28.
314 1083 444 1168 aprilis).
469 1091 531 1148 Nos
555 1092 649 1164 igitur
671 1091 824 1148 mandatis
848 1091 958 1147 vestris
982 1089 1109 1147 obedire
1125 1087 1290 1161 cupientes,
1308 1095 1342 1145 ut
1358 1095 1505 1158 tenemur,

241 1199 376 1268 Petrum,
400 1197 502 1255 lilium
524 1196 681 1270 Stephani,
714 1213 809 1254 unum
838 1213 876 1253 ex
906 1197 996 1254 nobis
1027 1195 1144 1252 scilicet
1176 1193 1330 1252 iudicibus
1353 1194 1506 1251 nobilium

239 1303 278 1360 ad
305 1303 444 1377 predicta
467 1302 644 1375 peragenda
675 1301 821 1359 duximus
852 1301 1132 1372 transmittendum,
1166 1300 1219 1374 qul
1246 1299 1373 1356 demum
1397 1298 1507 1356 exinde

239 1408 279 1464 ad
303 1423 358 1465 nos
381 1423 524 1465 reversus
548 1408 638 1465 nobis
662 1409 767 1464 retulit
790 1423 826 1464 eo
852 1407 953 1478 modu,
981 1407 1063 1480 quod
1097 1408 1163 1481 ipse
1186 1407 1226 1464 ab
1249 1406 1395 1464 omnibus
1418 1406 1506 1462 nobi·

240 1515 324 1571 libus
348 1521 377 1570 et
401 1514 592 1586 ignobilibus
623 1521 652 1571 et
685 1515 812 1572 alterius
843 1514 978 1571 cuiusvis
1009 1519 1106 1571 status
1135 1519 1165 1570 et
1195 1511 1384 1570 condicionis
1408 1511 1506 1568 homi·

239 1621 331 1677 nibus
355 1621 449 1677 talem
473 1620 511 1676 de
535 1619 739 1694 infrascriptis
762 1621 901 1677 scivisset
924 1621 1095 1690 veritatem,
1120 1617 1203 1692 quod
1227 1619 1331 1676 omnia
1354 1619 1504 1691 premissa

239 1737 269 1784 et
293 1727 402 1799 quevis
425 1726 547 1798 singula
570 1727 795 1799 premissorum
819 1741 875 1799 per
898 1731 1058 1783 annotatos
1082 1725 1164 1782 filios
1196 1725 1334 1782 hlazthen
1358 1724 1401 1781 sic
1424 1722 1504 1782 sacta

239 1842 269 1890 et
302 1837 477 1906 perpetrata
512 1832 709 1902 haberentur,
739 1837 833 1906 prout
868 1831 1040 1888 continetur
1074 1837 1162 1888 tenor
1195 1830 1369 1887 litterarum
1404 1835 1506 1888 vestre

240 1937 473 2010 magnificencie
496 1937 624 2010 dempto
648 1953 778 1994 numero
801 1937 955 1994 dictorum
980 1936 1059 1994 dacii
1076 1937 1190 2009 regalis
1214 1942 1244 1994 et
1267 1937 1393 1999 bovum.
1411 1951 1507 2008 quan-

240 2052 306 2101 tum
331 2045 371 2100 ab
396 2043 510 2100 eisdem
536 2043 752 2115 iobagionibus
776 2043 981 2100 abstulissent.
1007 2043 1164 2100 Presentes
1187 2049 1290 2099 autem
1320 2042 1431 2115 sigillis
1454 2058 1508 2099 no·

241 2151 312 2207 stris
336 2150 524 2220 absentibus
548 2149 654 2221 sigillo
677 2149 801 2206 discreti
825 2149 885 2206 viri
909 2148 1027 2206 domini
1043 2147 1186 2220 Gregorii
1203 2147 1241 2204 de
1258 2147 1381 2216 Rawen‚
1399 2149 1507 2219 archy-

241 2254 362 2312 diaconi
386 2253 424 2311 de
448 2253 542 2311 Bexin
567 2253 696 2311 fecimus
717 2255 898 2328 consignari.
923 2253 1039 2310 Datum
1055 2253 1213 2326 Zagrabie,
1231 2252 1307 2311 feria
1323 2254 1417 2310 tercia
1433 2269 1505 2327 pro·

241 2361 325 2417 xima
356 2368 425 2418 ante
456 2359 569 2417 lestum
600 2361 763 2418 beatorum
794 2361 933 2434 Philippi
963 2365 994 2417 et
1028 2360 1136 2441 Jacobi
1166 2359 1390 2433 apostolorum.
1419 2362 1508 2418 Anno

245 2466 364 2524 domini
387 2465 497 2523 MCCC
520 2467 719 2538 nonagesimo
743 2467 844 2524 tercio.

332 2583 473 2649 Originale
493 2583 519 2633 in
539 2584 637 2642 charta,
656 2586 770 2634 duorum
789 2583 941 2650 sigillorum
960 2587 1054 2635 adsunt
1079 2585 1245 2635 solummodo
1264 2581 1385 2649 vestigia.
1413 2582 1443 2632 In
1468 2598 1508 2633 ar-

246 2673 324 2723 chivo
337 2673 383 2723 lib.
398 2689 452 2739 reg.
467 2671 540 2723 civit.
560 2673 663 2738 zagrab.

830 2887 919 2954 366.

350 3031 426 3076 Anno
449 3036 522 3089 1393.
543 3036 583 3076 21.
604 3027 663 3076 mai.
683 3027 713 3077 In
733 3026 834 3092 Vigles.

242 3151 444 3224 Sigismundus
458 3154 635 3226 Hungotiae
658 3163 703 3211 etc.
729 3173 790 3224 rex,
813 3157 939 3228 cupr'iulo
961 3157 1077 3230 zagrab.
1101 3165 1201 3214 contra
1216 3158 1359 3232 faceiiura
1374 3158 1509 3232 filiorum

239 3257 357 3314 Masten
380 3260 498 3332 inquiri,
521 3277 556 3316 ac
579 3259 685 3316 cosdem
708 3261 751 3317 acl
771 3259 906 3319 iudicium
934 3263 1038 3320 bahale
1060 3264 1147 3320 citari
1168 3280 1203 3320 ac
1224 3264 1280 3320 sibi
1296 3272 1355 3338 pro
1378 3263 1510 3321 examine

742 3367 856 3442 resem',
876 3369 1025 3442 pracepit.

334 3525 550 3600 Sigismundus
581 3528 630 3585 dei
661 3529 765 3600 gracia
795 3545 851 3586 rex
882 3499 1047 3602 Hungarie,
1084 3531 1253 3601 Dalmacie,
1288 3530 1414 3588 Croacie
1445 3539 1509 3600 etc,

244 3634 445 3706 marchioque
468 3631 784 3706 Brandemburgensis
808 3643 862 3693 etc.
886 3635 1044 3692 Fidelibus
1069 3637 1132 3693 suis
1156 3637 1292 3709 capitulo
1316 3637 1442 3694 ecclesie
1462 3652 1509 3694 za-

246 3739 403 3811 grabiensi
433 3739 563 3796 salutem
592 3749 621 3796 et
649 3741 794 3812 graciam.
826 3741 870 3797 Ex
899 3747 1003 3800 tenore
1026 3743 1199 3800 litterarum
1223 3743 1508 3816 rescripcionalium

241 3845 369 3916 Thorne,
403 3845 508 3902 vicarii
540 3845 613 3903 dicti
644 3845 786 3903 vicebani
809 3862 975 3919 regnorum
1002 3849 1160 3906 Dalmacie
1183 3854 1213 3906 et
1236 3848 1363 3906 Croacie
1389 3847 1509 3922 predic·
1582 3851 1584 3856 “

241 3959 343 4008 torum
375 3967 410 4008 ac
440 3952 562 4008 comitis
593 3952 745 4009 crisiensis
777 3953 845 4010 viro
885 3954 1051 4026 magnifico
1082 3954 1208 4012 domino
1234 3955 1367 4038 Johanni
1401 3955 1509 4012 comiti

241 4057 340 4130 Vegle
371 4065 401 4115 et
433 4057 602 4128 llodrusse,
635 4074 752 4116 necnon
782 4059 964 4116 eorumdem
995 4075 1162 4132 regnorum
1185 4061 1355 4132 Dalmacie‚
1381 4060 1508 4118 Croacie

240 4171 270 4221 et
293 4163 456 4222 Sclauonie
480 4165 561 4221 bano
584 4164 780 4234 directarum,
814 4165 910 4223 lacius
937 4175 1041 4224 nostra
1076 4167 1229 4224 intellexit
1253 4167 1409 4237 serenitas
1434 4181 1509 4239 quo·

240 4269 335 4326 modo
360 4269 474 4327 Paulus
494 4281 524 4326 et
546 4269 724 4342 Gregorius
748 4269 807 4328 filii
830 4273 949 4329 Mazten
973 4272 1010 4328 de
1035 4271 1152 4330 Chicha
1175 4287 1307 4330 unacum
1331 4271 1368 4330 ad
1391 4287 1424 4330 se
1440 4288 1509 4345 per-

241 4376 408 4433 tinentibus
431 4376 462 4433 in
488 4376 566 4434 festo
591 4377 673 4434 beati
696 4376 822 4448 Georgii
847 4378 983 4436 martiris
1010 4379 1152 4452 proxime
1176 4379 1325 4452 preterito
1349 4377 1387 4435 ad
1414 4394 1509 4451 quan·

240 4480 313 4538 darn
339 4482 563 4556 possessionem
588 4483 669 4540 Petri
694 4483 811 4554 iudicis,
836 4501 952 4542 necnon
977 4486 1195 4542 universorum
1219 4485 1335 4542 civium
1359 4493 1388 4542 et
1411 4500 1509 4558 popu·

240 4589 342 4644 lorum
367 4589 500 4645 civitatis
525 4595 627 4646 nostre
657 4591 770 4647 montis
794 4590 955 4648 Grecensis
979 4592 1017 4648 de
1041 4591 1199 4664 Zagrabia,
1224 4592 1357 4649 Hrastha
1393 4607 1510 4648 nuncu·

240 4701 355 4767 patam,
391 4695 533 4752 manibus
568 4697 695 4754 armatis
730 4705 760 4754 et
795 4697 1012 4770 pontenciariis
1045 4697 1198 4768 irruendo,
1224 4704 1373 4754 trecentos
1401 4698 1506 4767 boves,

241 4800 437 4873 septuaginta
468 4801 600 4858 cubulos
631 4801 669 4858 de
693 4803 794 4859 tritico
819 4803 848 4859 in
873 4802 981 4860 eadem
1004 4802 1186 4876 reperiendo
1218 4803 1315 4876 recipi
1340 4808 1370 4859 et
1394 4801 1506 4859 abduci

240 4903 382 4962 fecissent
409 4905 495 4962 omni
518 4921 626 4963 eorum
650 4908 714 4964 sine
738 4909 846 4982 culpa;
871 4924 907 4964 eo
930 4909 1025 4965 eciam
1051 4923 1111 4966 non
1136 4909 1278 4978 contenti,
1302 4907 1436 4965 secundo
1460 4907 1509 4964 die

239 5009 314 5068 dicti
338 5009 416 5082 sesti,
440 5011 556 5069 scilicet
581 5013 610 5069 in
636 5011 713 5070 festo
738 5014 819 5070 beati
844 5015 940 5071 Marci
959 5015 1164 5086 ewangeliste,
1189 5013 1229 5071 ad
1248 5013 1421 5087 predictam
1439 5027 1509 5087 pos-
