3824 5806
400 512 461 588 396
818 516 893 575 Dec.
916 530 985 595 411.
1005 551 1042 562 -
1061 518 1117 577 An.
1139 513 1230 596 1398.

398 713 429 768 in
454 711 578 783 Wylak,
603 712 679 770 feria
703 715 835 772 secunda
858 717 1002 790 proxima
1025 723 1094 774 ante
1118 717 1232 776 festum
1264 720 1346 778 beati
1369 718 1495 793 Georgii
1520 723 1674 780 martiris.

402 821 488 878 Anno
513 819 631 878 domini
656 821 823 879 millesimo
847 821 925 880 CCC
948 825 1148 896 nonagesimo
1170 831 1288 884 octavo

487 954 628 1020 Originale
647 956 674 1006 in
693 957 791 1016 charta,
810 957 930 1023 sigillum
950 960 1035 1010 minus
1054 960 1126 1026 regis
1145 960 1308 1027 impressum
1328 962 1359 1013 ln
1375 963 1445 1012 arch.
1459 965 1476 1012 l.
1491 979 1512 1012 r.
1526 979 1547 1012 c.
1561 964 1670 1029 zagrab.

989 1227 1068 1292 411.

504 1369 580 1417 Anno
602 1369 675 1430 1398,
699 1376 737 1427 14.
758 1367 827 1416 maii.
845 1367 998 1433 Zagrabiae.

404 1513 508 1570 Coram
524 1513 666 1590 solranue
695 1515 828 1572 uicehanc
858 1522 886 1572 cl
913 1515 1052 1572 iudicibus
1078 1515 1224 1587 nobilium,
1246 1519 1431 1574 communitas
1459 1519 1562 1575 montis
1592 1517 1668 1576 Gre-

397 1617 507 1676 clcensis
529 1619 572 1675 ud
582 1619 659 1694 fidei
677 1621 827 1677 cicssconem
850 1627 879 1677 et
891 1623 1173 1694 recompensationem
1195 1622 1373 1691 damnorum,
1395 1623 1466 1680 duos
1480 1625 1596 1680 crintine
1618 1643 1667 1681 su-

466 1732 578 1798 spectos,
594 1726 718 1784 subditos
741 1728 1021 1786 ut'cecastellanoncm
1046 1728 1080 1786 de
1102 1729 1234 1798 Medved,
1258 1749 1273 1786 e
1295 1730 1455 1787 carceribus
1477 1731 1586 1788 liberat.

485 1886 547 1944 Nos
571 1888 718 1960 magister
740 1889 903 1971 Johannes‚
927 1888 1012 1948 filius
1035 1890 1184 1962 Anthimi,
1202 1891 1368 1948 vicebanus
1384 1897 1413 1948 et
1433 1906 1536 1948 comes
1559 1907 1666 1964 zagra-

396 1993 511 2050 biensis
545 2008 580 2049 ac
603 1992 718 2050 iudices
742 1995 894 2052 nobilium
926 1995 1064 2052 eiusdem
1095 1996 1268 2054 comitatus,
1297 1997 1446 2054 Memorie
1469 1997 1668 2054 commenda·

395 2114 465 2156 mus
487 2114 545 2173 per
568 2106 733 2171 presentes,
766 2099 850 2172 quod
883 2117 956 2158 cum
987 2117 1043 2159 nos
1070 2110 1100 2158 et
1131 2102 1334 2174 quamplures
1357 2104 1443 2176 regni
1466 2103 1587 2160 nobiles
1610 2119 1668 2175 per

397 2203 575 2262 Ladislaum
599 2211 629 2262 et
650 2205 832 2288 Johannem,
865 2207 1041 2264 Parkolaab
1073 2207 1199 2278 dictum,
1231 2209 1482 2266 vicecastellanos
1514 2209 1551 2266 de
1581 2209 1665 2266 lied-

395 2326 490 2368 ueuar
513 2327 571 2384 pro
588 2311 775 2384 quibusdam
792 2311 880 2369 factis
897 2311 1110 2388 infrascriptis,
1133 2314 1182 2370 hic
1198 2313 1348 2386 Zagrabie
1364 2314 1458 2371 simul
1474 2325 1505 2371 et
1521 2315 1551 2372 in
1569 2330 1666 2372 unum

396 2415 560 2474 fuissemus
592 2417 760 2488 convocati,
792 2424 863 2476 tunc
897 2417 980 2476 idem
1013 2419 1174 2478 Ladislaus
1201 2435 1306 2477 coram
1337 2421 1427 2477 nobis
1461 2421 1667 2493 personaliter

395 2523 604 2596 comparendo
627 2523 658 2580 in
681 2539 737 2580 sua
759 2539 795 2581 ac
818 2523 893 2582 dicti
914 2525 1062 2606 Johannis
1087 2527 1220 2584 consocii
1250 2525 1298 2583 sui
1329 2533 1359 2583 et
1390 2526 1487 2583 tocius
1524 2533 1586 2583 tam
1610 2542 1666 2583 sue

396 2644 491 2701 quam
513 2631 612 2687 eciam
636 2629 710 2687 dicti
731 2631 880 2713 Johannis
904 2630 1022 2688 familie
1039 2633 1187 2705 personis,
1205 2647 1340 2704 quorum
1355 2647 1433 2688 onus
1448 2639 1479 2689 et
1495 2647 1666 2704 gravamen

396 2751 428 2794 se
452 2735 546 2792 iidem
571 2735 601 2792 in
626 2733 831 2811 infrascriptis
854 2740 994 2810 personis
1018 2739 1135 2796 vellent
1167 2739 1197 2796 in
1229 2754 1262 2796 se
1292 2737 1513 2796 assummendo
1538 2737 1616 2796 dixit
1640 2747 1671 2796 et

395 2847 441 2898 est
463 2840 621 2898 confessus
643 2842 674 2898 in
698 2843 779 2900 hunc
800 2843 949 2914 modum;
989 2845 1133 2917 quamvis
1156 2843 1280 2918 providi
1307 2844 1368 2902 viri
1391 2843 1492 2915 iudex,
1516 2844 1608 2901 iurati
1631 2860 1668 2902 ac

396 2947 479 3004 cives
503 2948 635 3006 civitatis
671 2949 785 3006 montis
817 2949 978 3008 Grecensis
1020 2950 1171 3023 quosdam
1204 2950 1281 3008 duos
1314 2951 1454 3008 homines
1484 2949 1523 3007 de
1547 2949 1667 3008 familia

395 3052 577 3112 eorumdem
613 3054 922 3113 vicecastellanorum
955 3057 985 3114 in
1017 3057 1179 3115 latrocinio
1210 3073 1262 3114 seu
1294 3056 1448 3114 maleficio
1481 3056 1667 3131 deprehensi

395 3160 527 3230 fuerunt,
551 3177 587 3217 ac
610 3161 672 3218 duo
696 3163 767 3234 equi
790 3177 847 3235 per
870 3162 995 3220 eosdem
1020 3163 1192 3221 familiares
1214 3179 1233 3220 a
1256 3163 1393 3236 quodam
1409 3163 1477 3220 cive
1493 3163 1574 3220 dicte
1590 3164 1665 3220 civi-

395 3267 466 3324 tatis
490 3265 604 3324 furtive
627 3268 742 3341 recepti
766 3269 798 3326 in
821 3270 944 3342 pascuis
968 3275 998 3327 et
1020 3269 1148 3326 demum
1171 3269 1202 3326 in
1225 3269 1344 3326 dictum
1381 3277 1517 3326 castrum
1540 3267 1667 3326 abducti

397 3374 560 3444 extiterint,
584 3389 703 3432 necnon
726 3374 878 3448 quasdam
908 3376 1055 3434 mulieres
1082 3377 1144 3433 iam
1178 3375 1258 3433 dicte
1281 3376 1415 3433 civitatis
1438 3375 1666 3432 lintiaminibus

396 3486 426 3536 et
449 3479 635 3538 clamidibus
658 3481 869 3555 spoliaverint,
893 3483 1023 3556 ipseque
1047 3482 1197 3540 clamides
1221 3489 1251 3538 et
1274 3481 1454 3539 linteamina
1474 3481 1667 3538 inmanibus

396 3585 576 3643 eorumdem
602 3587 725 3644 inventa
749 3594 779 3644 et
801 3593 925 3662 reperta
948 3586 1069 3657 fuerint,
1100 3603 1196 3646 unum
1227 3589 1325 3645 eciam
1357 3588 1470 3644 bovem
1494 3586 1666 3658 lllychaelis

397 3693 532 3760 sartoris,
556 3693 632 3750 civis
656 3694 753 3766 ipsius
773 3694 908 3752 civitatis
931 3695 1158 3764 subtraxerint;
1181 3700 1284 3751 tamen
1307 3693 1380 3766 quia
1403 3692 1486 3750 idem
1502 3691 1666 3749 Ladislaus

396 3814 451 3855 suo
475 3806 506 3855 et
528 3799 705 3856 nominibus
741 3801 855 3873 quibus
886 3816 989 3874 supra,
1022 3817 1080 3875 pro
1111 3800 1227 3858 eisdem
1257 3797 1511 3858 malefactoribus
1540 3813 1596 3855 nos
1620 3799 1665 3856 in·

395 3905 581 3962 stantissime
606 3907 784 3979 postulabat
807 3912 837 3963 et
863 3908 997 3980 petebat,
1028 3913 1062 3964 ut
1092 3923 1149 3964 uos
1180 3906 1270 3964 dictis
1302 3905 1405 3975 iudici,
1436 3905 1544 3962 iuratis
1567 3911 1597 3962 et
1622 3905 1664 3961 ci·

396 4011 488 4068 vibus
511 4011 667 4084 suplicare
690 4011 891 4084 dignaremur
913 4028 971 4086 pro
995 4013 1122 4082 eisdem,
1144 4017 1295 4084 quatenus
1314 4012 1399 4084 ipsos
1423 4010 1501 4068 duos
1524 4011 1665 4067 homines

396 4133 449 4175 seu
473 4117 642 4175 familiares
666 4119 698 4175 in
721 4119 884 4191 maleficio,
908 4125 942 4176 ut
964 4120 1151 4194 premimur,
1171 4124 1312 4192 repertos
1327 4117 1366 4175 de
1382 4117 1560 4191 captivitate
1576 4117 1664 4174 emit·

396 4229 495 4282 terent
518 4225 634 4282 lesione
657 4226 775 4299 absque
798 4226 890 4282 omni.
914 4225 977 4282 Nos
1008 4226 1103 4299 igitur
1133 4225 1173 4282 ad
1202 4224 1385 4282 instanciam
1407 4221 1521 4296 prefati
1544 4223 1662 4279 viceca-

397 4331 530 4403 stellani,
553 4332 705 4390 annotatis
728 4331 830 4402 iudici,
855 4333 962 4389 iuratis
984 4339 1014 4389 et
1037 4333 1159 4389 civibus
1187 4331 1267 4389 dicte
1299 4330 1431 4388 civitatis
1461 4329 1665 4402 personaliter

397 4435 515 4493 ibidem
539 4435 758 4496 adherentibus
787 4439 1012 4512 suplicavimus
1032 4438 1205 4510 diligenter,
1230 4435 1388 4510 quomodo
1404 4442 1564 4492 annotatos
1588 4433 1665 4491 duos

398 4540 567 4601 familiares
590 4545 765 4602 emitterent
788 4545 970 4619 indempnes
993 4553 1022 4602 et
1050 4545 1163 4602 illesos.
1195 4543 1257 4615 Qui
1287 4543 1370 4600 cives
1393 4549 1523 4614 propter
1544 4547 1665 4598 nostras

397 4649 566 4720 peticiones
590 4650 688 4708 dictos
711 4651 953 4709 duosbomines
976 4652 1035 4708 sub
1067 4651 1122 4708 tali
1152 4649 1331 4707 condicione
1361 4648 1607 4715 extramiserunt‚
1631 4653 1664 4702 ut

399 4757 437 4814 de
460 4756 604 4832 dampnis
628 4763 658 4815 et
681 4755 845 4815 furticiniis
868 4774 926 4833 per
949 4758 1047 4816 dictos
1069 4758 1210 4815 homines
1226 4771 1280 4813 seu
1299 4753 1469 4813 familiares
1492 4753 1536 4810 eis
1559 4753 1664 4820 illatis,

399 4864 536 4921 annotati
558 4864 787 4921 vicecastellani
811 4863 886 4938 ipsis
909 4865 1034 4937 plenam
1052 4862 1218 4938 inpendere
1233 4862 1383 4920 deberent
1405 4859 1668 4928 satisfaccionem

401 4970 523 5046 ipsique
547 4969 609 5027 duo
631 4969 743 5027 famuli
766 4985 798 5027 se
821 4969 860 5028 de
883 4975 984 5028 cetero
1007 4972 1048 5028 ab
1071 4969 1249 5028 huiusmodi
1279 4967 1416 5028 facinore
1445 4967 1580 5026 insontes
1602 4973 1665 5024 stu·
