3600 5804
383 511 440 564 152
807 494 879 551 Duc.
905 505 970 571 173.
995 527 1032 536 -
1058 495 1114 551 An.
1141 508 1229 570 1339.

379 695 491 752 facient
513 710 552 751 ex
575 710 655 751 nunc
678 692 758 751 infra
780 693 846 752 dies
869 692 1045 766 quindecim
1073 694 1209 750 totaliter
1232 693 1270 751 de
1294 695 1362 768 ipsa
1385 711 1458 752 area
1481 696 1638 764 removeri,

378 802 429 872 ita,
461 799 545 873 quod
576 801 645 874 ipsa
674 815 745 857 area
775 816 847 857 curn
877 799 1027 857 hedificiis
1057 798 1096 856 ad
1128 814 1184 856 nos
1208 801 1433 874 pertinentibus
1456 800 1494 857 ad
1517 816 1640 874 presens

380 909 478 966 libere
500 905 541 964 ad
564 921 619 964 nos
641 907 818 980 pertinebit,
841 908 930 964 salvo
953 921 1077 979 semper
1099 907 1166 964 iure
1189 913 1220 964 et
1241 907 1385 964 libertate
1401 907 1527 964 ecclesie
1543 914 1641 964 nostre

380 1019 411 1070 et
433 1013 567 1070 civitatis
598 1012 744 1085 predicte.
775 1013 838 1069 Nos
870 1028 994 1086 quoque
1022 1013 1091 1069 loco
1114 1014 1338 1086 premissorum
1363 1013 1449 1070 omni
1473 1013 1539 1082 iuri,
1561 1012 1639 1086 quod

380 1121 531 1178 habemus
554 1135 611 1194 per
634 1120 739 1192 regale
763 1120 965 1192 privilegium
989 1119 1019 1176 in
1043 1119 1160 1176 tributo
1180 1118 1359 1176 filarschina
1375 1125 1495 1189 vocato,
1510 1118 1640 1175 cedimus

380 1231 410 1284 et
440 1225 657 1283 renunciamus
690 1225 794 1298 ipsum
825 1226 977 1282 tributum
1011 1225 1086 1297 ipsis
1118 1224 1353 1298 percipiendum
1387 1240 1474 1282 more
1505 1225 1592 1281 solito
1613 1230 1641 1281 et

380 1333 485 1391 debito
516 1336 668 1406 perpetuo
699 1333 914 1405 relinquentes.
949 1331 986 1388 Et
1016 1332 1141 1405 insuper
1171 1333 1201 1389 in
1234 1331 1345 1388 nostris
1380 1331 1542 1388 territoriis
1576 1333 1641 1388 ubi·

380 1455 514 1512 cumque
537 1454 594 1512 per
617 1453 726 1496 eorum
750 1439 892 1496 concives
923 1439 975 1494 vel
1000 1437 1188 1494 habitatores
1213 1438 1317 1494 vineas
1341 1439 1496 1511 plantatas
1519 1444 1547 1494 et
1568 1437 1642 1494 alias

381 1546 488 1617 eciam,
522 1559 616 1618 super
647 1545 760 1617 quibus
791 1543 971 1617 aliquomm
998 1559 1036 1600 ex
1060 1543 1149 1600 nobis
1172 1543 1292 1600 litteras
1315 1543 1430 1600 nedum
1456 1551 1571 1600 nostras
1591 1544 1641 1600 ha-

381 1651 456 1708 bent
479 1650 531 1707 vel
554 1649 729 1706 habuerunt
753 1655 782 1706 et
805 1650 968 1706 casualiter
1000 1647 1209 1722 perdiderunt,
1242 1648 1414 1706 dummodo
1438 1649 1476 1706 de
1499 1650 1555 1706 hoc
1576 1663 1641 1705 con-

382 1763 464 1813 stare
494 1755 593 1829 possit
623 1755 770 1827 legitime,
802 1755 1012 1828 permittimus
1043 1753 1141 1810 libere
1171 1755 1329 1828 possidere
1357 1761 1386 1811 et
1421 1755 1592 1828 specialiter
1613 1756 1641 1811 in

382 1862 539 1920 territorio
562 1867 668 1919 nostro
692 1860 730 1918 de
755 1860 928 1919 Bulroucha.
956 1861 1087 1918 Litteras
1110 1861 1207 1918 eciam
1231 1867 1351 1918 nostras
1375 1877 1469 1935 super
1493 1862 1641 1934 premissis

383 1969 481 2026 vineis
504 1968 634 2040 singulis
657 1983 756 2040 usque
780 1966 892 2024 festum
918 1969 1000 2025 beati
1023 1967 1106 2039 regis
1129 1965 1277 2041 Stephani
1297 1967 1436 2026 ordinate
1453 1975 1482 2024 et
1505 1969 1579 2025 iuste
1593 1983 1642 2041 pe

382 2049 519 2132 tentibus
534 2072 746 2143 concedemus,
770 2073 801 2130 in
825 2088 959 2144 quarum
975 2073 1133 2130 tenoribus
1149 2075 1242 2132 inseri
1266 2073 1423 2144 iaciemus,
1443 2074 1525 2147 quod
1545 2075 1640 2131 vineas

383 2179 560 2238 huiusmodi
584 2178 718 2252 legaudi,
742 2177 904 2248 vendendi,
929 2178 1065 2236 donandi
1088 2186 1117 2236 et
1140 2180 1169 2236 in
1195 2193 1304 2236 eorum
1328 2187 1469 2252 posteros
1493 2179 1639 2237 transmit·

383 2285 467 2343 tendi
490 2285 625 2343 liberam
648 2285 783 2343 habeant
797 2289 998 2358 potestatem;
1023 2287 1168 2358 quivero
1185 2285 1363 2344 huiusmodi
1386 2286 1505 2344 litteras
1530 2293 1638 2343 nostras

382 2407 443 2449 non
467 2392 643 2448 curaverint
666 2392 831 2464 inpetrare,
856 2405 892 2448 eo
916 2391 984 2463 ipso
1001 2393 1107 2460 vineis,
1124 2407 1201 2464 quas
1217 2393 1321 2449 taliter
1337 2407 1395 2465 per
1410 2393 1638 2464 occupacionem

383 2497 436 2555 vel
458 2497 663 2555 rebellionem
687 2497 718 2554 in
743 2496 949 2570 preiudicium
971 2505 1121 2568 nostrum,
1145 2503 1179 2554 ut
1198 2497 1377 2571 predicitur,
1402 2498 1556 2555 voluerint
1578 2498 1641 2553 reti-

383 2619 456 2661 nere
479 2603 597 2676 absque
620 2609 797 2661 nostrarum
833 2603 977 2661 benificio
1009 2605 1184 2660 litterarum
1215 2603 1484 2676 quandocumque,
1508 2605 1566 2660 sint
1587 2603 1642 2676 pri*

383 2711 456 2781 vati,
474 2725 534 2783 que
549 2709 588 2766 ad
606 2715 744 2766 nostram
761 2708 1001 2782 disposicionem
1017 2726 1141 2782 semper
1156 2711 1256 2768 libere
1273 2710 1487 2767 devolvantur.
1514 2710 1641 2767 Preterea

383 2815 604 2889 promittimus,
637 2813 720 2886 quod
752 2813 855 2870 nullas
885 2815 1038 2872 novitates
1069 2821 1175 2872 contra
1198 2816 1375 2872 libertatem
1400 2815 1497 2888 ipsius
1520 2815 1642 2871 civitatis

384 2921 574 2991 inducemus
616 2936 712 2993 quum
753 2920 897 2977 similiter
938 2920 1062 2978 villicus
1102 2926 1130 2978 et
1170 2937 1335 2979 commune
1376 2921 1523 2995 sepedicti
1562 2920 1643 2978 nobis

385 3027 603 3102 promiserunt,
637 3026 720 3099 quod
749 3026 852 3083 nullas
880 3027 1033 3084 novitates
1064 3033 1169 3084 contra
1199 3042 1255 3084 nos
1278 3034 1308 3083 et
1331 3033 1467 3083 nostram
1492 3026 1642 3083 ecclesiam

386 3133 538 3204 inducent,
563 3149 618 3190 nec
642 3139 749 3190 contra
771 3139 908 3190 nostram
932 3133 1095 3190 ecclesiam
1119 3133 1169 3190 vel
1194 3133 1259 3190 eius
1282 3133 1442 3189 libertates
1465 3131 1578 3204 aliquid
1595 3145 1642 3187 no-

385 3241 489 3297 vitatis
522 3238 634 3296 facient
664 3237 896 3312 quoquomodo,
927 3254 1035 3310 ymmo
1067 3245 1175 3296 mutuo
1206 3254 1262 3296 nos
1295 3239 1482 3308 lavabimus,
1506 3237 1640 3294 videlicet

385 3347 445 3419 ipsi
464 3346 589 3403 villicus
612 3353 642 3402 et
663 3344 868 3401 communitas
884 3359 940 3402 nos
960 3350 1065 3402 contra
1082 3361 1282 3419 oppressores
1306 3351 1427 3401 nostros
1443 3357 1643 3416 quoscumque

384 3467 443 3526 pro
474 3467 574 3526 posse,
612 3457 642 3508 et
673 3466 728 3508 nos
760 3449 886 3507 eosdem
917 3451 1060 3508 similiter
1092 3451 1219 3508 domino
1242 3450 1417 3508 adiuvante.
1454 3450 1486 3506 ln
1522 3461 1642 3521 quorum

386 3558 611 3631 premissorum
640 3557 851 3614 testimonium
883 3557 1078 3629 presentibus
1101 3558 1241 3629 sigillum
1265 3563 1405 3614 nostrum
1432 3555 1575 3612 duximus
1595 3567 1643 3626 ap·

387 3663 593 3738 pendendum.
631 3663 747 3720 Datum
782 3663 813 3719 in
850 3661 927 3719 festo
962 3663 1044 3720 beati
1080 3663 1191 3720 Vitalis
1225 3663 1368 3720 martiris.
1409 3662 1499 3717 Anno
1536 3660 1643 3717 domini

385 3768 587 3827 MCCCXXX
614 3783 703 3826 nouo.

476 3886 615 3952 Originale
641 3887 668 3938 in
694 3889 851 3938 membrana.
875 3887 1001 3953 Sigillum
1020 3886 1109 3952 periit,
1129 3886 1229 3936 sericea
1248 3888 1370 3935 caerulea
1388 3900 1452 3935 zoua
1473 3882 1596 3934 remansit.
1615 3880 1642 3928 ln

390 3975 500 4026 archivo
519 3975 566 4024 lib.
586 3991 641 4041 reg.
662 3975 734 4026 civit.
754 3975 938 4041 zagrabiensis.
958 3976 1032 4042 Joan.
1052 3973 1168 4025 Thaltic'.
1182 3975 1251 4024 Mon.
1267 3974 1325 4024 hist.
1340 3973 1419 4038 episc.
1433 3973 1536 4039 zagrab.
1550 3972 1597 4020 vol.
1611 3967 1640 4017 ll.

388 4079 447 4131 pag.
470 4064 615 4123 136-137.

716 4293 717 4297 ,
982 4226 1063 4294 173.

493 4353 569 4400 Anno
591 4359 664 4414 1339,
684 4350 725 4400 28.
745 4349 847 4415 aprilis.
867 4349 1020 4415 Zagrahiae.

406 4478 537 4534 Ciuitatis
560 4480 664 4536 montis
693 4477 863 4535 Grechensis
886 4479 1071 4535 curnvnunitus
1092 4478 1269 4534 concordam
1293 4494 1354 4533 cum
1375 4477 1500 4548 capitulo
1515 4475 1546 4530 dr
1560 4489 1635 4529 exur-

506 4585 580 4640 tionc
603 4584 705 4641 trt'butr'
728 4585 888 4656 ,postavu“
913 4585 1023 4651 ebitum,
1047 4603 1076 4640 se
1098 4584 1313 4640 observaturam
1336 4599 1402 4649 csse,
1425 4581 1547 4654 spondet.

477 4725 539 4783 Nos
565 4726 702 4784 Nicoleto
727 4726 820 4784 iudex
844 4728 985 4798 civitatis,
1009 4728 1100 4784 iurati
1124 4733 1154 4784 et
1177 4726 1353 4793 consiliarii,
1386 4726 1517 4782 scilieet:
1541 4725 1646 4788 Petrus,

390 4833 535 4901 PulanuS,
559 4832 696 4902 Pauleto,
720 4832 872 4903 chheta,
895 4831 1063 4904 andren-co,
1088 4833 1245 4900 Martinus.
1270 4830 1461 4900 Demetrius
1479 4826 1647 4886 Pinthilrach

390 4945 420 4994 et
443 4937 595 4998 Niklinus.
619 4954 654 4995 ac
686 4938 821 4996 universi
853 4939 937 4996 cives
967 4938 1005 4995 de
1035 4943 1140 4996 monte
1172 4936 1282 4995 Grech.
1316 4934 1531 5007 significamus
1553 4941 1648 4990 tenore
