3600 5804
359 569 396 626 72
786 547 858 609 Dec.
883 546 931 625 85.
959 583 996 592 -
1021 552 1077 610 An.
1102 567 1190 630 1295·

358 761 447 825 terre,
479 755 580 812 Lonca
611 757 828 825 nuncupatam,
853 751 936 825 ipsos
960 750 1142 809 hereditarie
1164 754 1400 826 contingentem,
1426 755 1515 812 metis
1536 754 1614 812 vide·

358 863 430 920 licet
460 860 636 917 distinctam
668 857 881 931 infrascriptis,
912 873 1046 914 unacum
1077 859 1173 916 latere
1200 859 1362 918 monticuli
1386 861 1446 934 ipsi
1471 861 1614 933 particule

358 965 525 1024 adiacentis
550 980 607 1037 pro
629 963 768 1022 remedio
791 963 892 1020 anime
909 963 1079 1036 supradicti
1094 965 1245 1036 hiyrozlai
1261 972 1291 1022 et
1306 981 1433 1022 suarum
1450 967 1615 1024 animarum

358 1072 508 1130 dederunt
531 1077 561 1128 et
584 1070 780 1128 contulerunt
811 1068 997 1142 supradictis
1028 1068 1176 1128 fratribus
1199 1072 1357 1130 heremitis
1379 1087 1433 1129 seu
1459 1074 1615 1130 conventui

359 1184 531 1236 memorato
562 1169 633 1234 iure'
659 1176 787 1249 proprio
818 1179 848 1232 et
874 1175 1122 1233 irrevocabiliter
1144 1177 1364 1250 possidendam
1386 1189 1417 1236 et
1441 1178 1617 1236 habendam.

359 1283 454 1340 Cuius
470 1288 551 1340 mete
568 1282 717 1354 magistro
734 1279 898 1338 Dominico
914 1285 987 1338 tunc
1006 1281 1130 1352 decano,
1154 1283 1237 1340 socio
1260 1282 1406 1341 videlicet
1428 1289 1541 1354 nostro,
1563 1300 1616 1358 per

359 1406 414 1448 nos
438 1389 477 1446 ad
500 1387 667 1446 videndam
684 1388 784 1460 ipsam
802 1387 987 1460 particulam
1004 1393 1084 1445 terre
1099 1389 1289 1460 transmisso,
1305 1395 1398 1463 prout
1414 1390 1618 1447 intelleximus

360 1496 518 1566 referente,
542 1499 613 1551 sunt
635 1494 706 1551 hec:
732 1493 876 1550 videlicet
898 1494 938 1550 ab
960 1495 1075 1551 oriente
1104 1493 1232 1566 quidam
1263 1495 1357 1566 rivus,
1383 1495 1488 1553 Blizna
1510 1513 1618 1553 nuncu-

359 1610 457 1677 patus
483 1600 584 1658 eidem
607 1600 767 1670 vicinatur,
791 1615 809 1656 a
831 1599 960 1658 meridie
983 1615 1059 1657 vero
1082 1601 1113 1657 in
1136 1599 1197 1658 fine
1212 1600 1352 1658 eiusdem
1367 1601 1520 1675 particule
1541 1608 1620 1659 terra

360 1716 471 1778 nostra,
488 1722 583 1780 quam
600 1707 746 1778 magister
758 1705 941 1764 Valentinus
956 1707 1178 1764 concanonicus
1194 1713 1298 1764 noster
1312 1707 1452 1780 possidet
1467 1724 1504 1764 ex
1520 1713 1620 1766 nostra

359 1789 537 1884 e‘orlacione,
562 1819 776 1882 commetatur,
796 1811 851 1870 ubi
874 1811 1003 1885 quidam
1027 1819 1145 1870 torrens
1168 1813 1207 1870 de
1232 1828 1345 1886 magna
1368 1813 1453 1872 valle
1475 1830 1513 1870 ex
1536 1819 1620 1887 parte

360 1921 512 1979 dictorum
544 1919 765 1976 heremitarum
797 1917 983 1976 descendens
1014 1919 1116 1992 ipsam
1148 1919 1334 1994 particulam
1358 1925 1481 1994 separat
1503 1936 1520 1976 a
1543 1926 1621 1978 terra

359 2035 464 2085 nostra
494 2029 674 2096 memorata,
707 2023 777 2082 inde
809 2023 895 2081 vadit
925 2040 1034 2082 versus
1065 2025 1318 2098 septemtrionem
1341 2041 1398 2100 per
1420 2027 1623 2084 monticulum

360 2131 571 2207 supradictum
595 2131 675 2188 inter
697 2130 824 2188 arbores
848 2129 953 2187 haraat
975 2137 1005 2188 et
1028 2132 1170 2205 pervenit
1185 2131 1225 2188 ad
1241 2131 1397 2204 quandam
1414 2133 1560 2190 arborem
1576 2148 1622 2189 ca·

360 2247 472 2310 sinoce,
496 2237 566 2295 inde
589 2237 755 2294 revertitur
778 2237 891 2294 iterum
914 2252 1022 2294 versus
1045 2237 1196 2294 orientem
1219 2243 1249 2296 et
1269 2238 1464 2311 pervenitad
1482 2239 1622 2311 primitus

360 2347 465 2404 rivum
488 2344 682 2401 nominatum
705 2343 801 2400 etsie
825 2343 1016 2401 terminatur.
1040 2343 1074 2400 In
1097 2345 1185 2401 cuius
1207 2345 1252 2402 rei
1269 2345 1454 2402 memoriam
1470 2351 1625 2417 presentes

361 2450 400 2509 ad
422 2449 604 2508 instanciam
635 2448 776 2522 parcium
808 2449 996 2506 contulimus
1019 2449 1115 2522 sigilli
1146 2451 1243 2508 nostri
1265 2450 1436 2508 munimine
1459 2451 1625 2507 roboratas.

361 2561 452 2615 Anno
474 2555 593 2614 domini
617 2554 701 2611 MCC
724 2555 923 2626 nonagesimo
946 2555 1089 2613 seeundo.

451 2672 591 2738 Originale
611 2671 639 2721 in
658 2671 816 2730 membrana,
841 2671 961 2737 sigillum
988 2672 1066 2722 deest.
1086 2674 1127 2723 Ex
1155 2674 1226 2723 arch.
1251 2675 1335 2740 regni.
1364 2675 1437 2726 CSD.
1466 2677 1534 2725 Acta
1561 2675 1626 2726 Cou-

361 2762 466 2814 uenitus
484 2761 584 2811 Remet.
604 2759 665 2810 fase.
688 2769 708 2810 1.
727 2775 766 2810 nr.
787 2770 810 2809 2.
828 2760 903 2826 Joan.
923 2759 1032 2810 Tkaleie
1050 2761 1119 2811 Mon.
1140 2761 1200 2812 hist.
1225 2761 1304 2828 episc.
1316 2763 1428 2832 amab.
1448 2762 1468 2814 Ι.
1487 2778 1513 2828 p.
1535 2773 1593 2822 231.

968 2973 1029 3040 85.

469 3085 545 3132 Anno
567 3091 641 3144 1293,
660 3091 701 3129 22.
721 3079 791 3129 maii.
811 3078 925 3143 Simigii.

363 3192 497 3250 Andreas
519 3191 580 3248 HI.
604 3191 780 3263 Hungariae
802 3197 850 3246 etc.
873 3207 935 3259 rex,
956 3190 1061 3246 barrum
1076 3191 1221 3248 certiorem
1235 3190 1337 3260 reddit,
1358 3209 1415 3248 sese
1434 3193 1560 3265 capituh
1582 3209 1628 3247 aa·

360 3299 454 3372 grah,
476 3316 537 3355 cum
560 3298 634 3354 aluos
657 3297 755 3354 tertios
770 3303 873 3370 partes
894 3297 1089 3369 zagrabienrir
1111 3297 1287 3371 trt'budsuri
1298 3315 1347 3354 seu
1362 3298 1463 3354 lelomi'
1475 3300 1535 3354 iam
1544 3299 1631 3372 prius

701 3403 841 3472 tertut'sscl,
863 3401 1008 3460 reszduam
1031 3403 1144 3461 arnam
1166 3403 1292 3459 donasse.

452 3529 592 3587 Andreas
616 3528 665 3586 dei
688 3529 792 3600 gracia
815 3544 870 3585 rex
894 3527 1036 3600 Vngarie.
1060 3527 1183 3586 Dilecto
1207 3533 1237 3585 et
1259 3527 1346 3586 fideli
1362 3543 1418 3586 suo
1434 3529 1517 3587 bano
1534 3531 1631 3588 tocius

364 3635 534 3705 Selauonie,
559 3651 616 3710 pro
640 3642 780 3708 tempore
803 3635 977 3706 constituto,
1001 3636 1135 3692 salutem
1157 3641 1188 3692 et
1210 3635 1348 3707 graciam
1379 3636 1515 3708 plenam.
1543 3636 1632 3695 Fide-

348 3743 418 3806 ⁴tati
443 3749 493 3799 tue
523 3748 632 3799 notum
662 3740 793 3797 facimus
824 3741 1018 3815 presencium
1050 3756 1107 3814 per
1137 3747 1285 3813 tenorem,
1309 3741 1392 3814 quod
1420 3757 1476 3799 nos
1504 3743 1633 3800 terciam

363 3853 485 3922 partem
508 3848 617 3905 tributi
641 3846 700 3904 fori
725 3847 823 3904 libere
847 3847 924 3904 ville
946 3852 1050 3904 nostre
1082 3845 1244 3904 Grecensis
1275 3846 1396 3904 dilectis
1427 3853 1457 3904 et
1486 3847 1634 3906 fidelibus

365 3954 478 4011 nostris
502 3954 638 4027 capitulo
661 3953 853 4025 zagrabiensi
876 3953 917 4009 ob
941 3951 1115 4009 remedium
1145 3953 1247 4010 anime
1277 3958 1380 4010 nostre
1407 3958 1438 4010 et
1459 3954 1573 4012 salutis
1596 3969 1633 4010 ex

364 4059 558 4133 plenitudine
584 4061 667 4132 regie
690 4059 792 4132 gracie
816 4059 963 4117 duximus
986 4058 1213 4131 conserendam,
1229 4064 1381 4133 perpetuo
1397 4060 1636 4133 percipiendam

364 4172 395 4223 et
428 4166 612 4237 habendam,
643 4171 737 4240 prout
767 4166 799 4223 in
829 4166 997 4240 privilegio
1026 4171 1133 4223 nostro
1163 4165 1282 4239 duplici
1312 4154 1418 4238 sigillo
1447 4167 1636 4239 consignato,

365 4272 543 4330 continetur.
568 4273 665 4344 Igitur
688 4277 739 4329 tue
770 4271 913 4329 fidelitati
943 4271 1076 4330 firmiter
1107 4271 1308 4345 percipiendo
1340 4271 1536 4342 mandamus,
1561 4287 1636 4345 qua·

364 4383 453 4435 tenus
476 4377 593 4435 dictum
613 4377 786 4452 capitulum
809 4378 840 4434 in
863 4378 1068 4450 percepcione
1099 4377 1180 4435 dicte
1212 4378 1306 4435 tercie
1328 4378 1426 4451 partis
1450 4377 1562 4436 tributi
1587 4393 1636 4435 su-

365 4483 497 4558 pradicti
519 4501 574 4541 nec
598 4499 655 4557 per
677 4489 716 4555 te,
739 4499 795 4540 nec
819 4498 876 4556 per
899 4483 1048 4540 officiales
1072 4490 1141 4541 tuos
1157 4499 1371 4556 quoscumque
1387 4498 1551 4558 presumas
1569 4499 1636 4540 mo·

365 4591 477 4648 lestare
501 4590 552 4646 vel
576 4590 709 4661 turbare,
733 4604 806 4661 ymo
830 4590 915 4662 ipsos
938 4589 970 4646 in
992 4605 1068 4662 pace
1091 4590 1252 4664 percipere
1276 4591 1438 4662 permittas
1460 4595 1491 4646 et
1507 4589 1634 4659 habere,

365 4695 451 4752 aliud
475 4711 535 4752 non
559 4678 704 4766 lactariis,
721 4696 746 4752 si
762 4701 901 4752 nostram
916 4695 1053 4767 graciam
1070 4711 1174 4753 caram
1190 4697 1287 4753 habes
1303 4701 1333 4753 et
1348 4694 1499 4752 favorem.
1515 4695 1635 4754 Datum

366 4801 496 4874 Simigii,
519 4807 605 4858 sexta
628 4799 705 4858 feria
728 4801 873 4874 proxima
896 4805 967 4874 post
992 4800 1106 4860 festum
1131 4802 1331 4860 Pentecostes.

456 4917 596 4984 Originale
615 4917 642 4968 in
661 4920 819 4968 membrana.
834 4919 959 4985 Sigillum
978 4919 1066 4985 periit.
1081 4919 1111 4968 In
1124 4919 1233 4969 archivo
1253 4935 1308 4968 ven.
1329 4918 1406 4984 capit
1420 4919 1535 4985 zagrab,
1556 4919 1573 4970 s.
1597 4929 1635 4978 lo,

366 5024 405 5058 nr.
419 5009 462 5070 46.
482 5035 515 5045 -
533 5009 607 5074 Joan.
628 5006 743 5057 Tkaldie'.
766 5007 833 5058 Mon.
854 5007 913 5058 hist.
933 5007 1011 5074 episc.
1034 5007 1140 5073 zagrab.
1160 5008 1212 5056 vol.
1232 5005 1252 5057 1.
1272 5023 1297 5072 p.
1318 5008 1376 5058 228.
