3782 5812
596 541 668 598 Dor.
694 537 811 616 1516.
840 575 876 583 -
904 556 1119 618 1240-1241.

838 733 893 798 15.

331 788 380 834 An.
400 796 473 847 1240,
484 785 563 851 Junii.
581 786 686 834 Romae.

230 911 393 984 Gregorius
416 911 471 969 IX.
496 912 585 986 Papa
608 912 707 970 scribit
732 913 886 970 Calamona
912 914 976 986 regi
1001 920 1029 970 et
1046 914 1113 970 duci
1139 913 1312 970 Sclauonrire
1337 915 1371 972 de
1394 917 1497 974 antone

528 1021 708 1076 ecclesiarum
732 1017 912 1093 Spalatenrr's
934 1027 963 1076 et
985 991 1195 1093 Zagiabrensis.

313 1163 487 1236 Gregorius
516 1163 680 1236 episcopus
711 1178 820 1220 servus
850 1178 1013 1220 servorum
1036 1162 1094 1220 dei.
1126 1161 1294 1221 Carissimo
1317 1165 1348 1222 in
1372 1163 1498 1222 Christo

225 1269 293 1327 filio
318 1269 523 1338 colomanno,
540 1269 655 1326 illustri
675 1269 741 1341 regi
758 1275 787 1326 et
803 1267 874 1326 duci
891 1267 1084 1339 Sclauorum,
1100 1271 1233 1328 salutem
1249 1277 1279 1328 et
1294 1271 1497 1344 apostolicam

226 1375 484 1434 benedictionem.
502 1375 560 1432 Per
575 1374 723 1433 dilectum
740 1375 841 1432 filiurn
862 1375 993 1444 Petrum,
1010 1378 1152 1434 nuntium
1169 1381 1266 1448 tuum,
1281 1377 1412 1436 latorem
1429 1393 1499 1451 pre-

226 1482 371 1549 sentium,
396 1497 414 1538 a
438 1481 527 1538 nobis
544 1487 596 1538 tua
612 1482 759 1538 serenitas
775 1482 953 1555 postulavit,
975 1482 1146 1554 quodcum
1164 1484 1346 1557 spalatensis
1370 1485 1498 1542 ecelesia

227 1595 360 1664 propter
384 1589 524 1662 plurium
547 1587 784 1646 malefactorum
807 1589 947 1646 incursus
970 1589 1009 1646 ad
1026 1589 1115 1646 illam
1139 1589 1298 1648 devenerit
1321 1597 1499 1664 egestatem,

228 1700 263 1752 ut
288 1694 477 1752 venerabilis
502 1692 596 1751 irater
618 1700 721 1751 noster
744 1687 939 1772 (Guncellus)
963 1695 1213 1770 archiepiscopus
1236 1697 1419 1772 spalatensis
1447 1713 1497 1755 su·

229 1802 299 1858 bire
322 1799 529 1858 mendicitatis
560 1800 766 1872 opprobrium
792 1801 1008 1874 compellatur,
1032 1801 1129 1874 ipsius
1157 1808 1358 1875 spontaneam
1390 1803 1499 1861 cessio-

230 1923 302 1964 nem
319 1908 466 1980 reclpere‚
483 1911 513 1963 et
529 1906 659 1964 eandem
675 1905 836 1964 ecelesiam
853 1907 940 1964 unire
960 1908 1151 1979 zagabriensi
1167 1908 1295 1966 ecclesie
1311 1923 1498 1979 curaremus,

231 2013 398 2087 presertim
423 2027 493 2069 eum
518 2013 597 2069 sicut
618 2013 737 2082 asseris,
759 2018 887 2086 paratus
910 2014 1022 2072 existas
1045 2013 1199 2072 Ducatum
1224 2020 1314 2071 tuum
1337 2013 1500 2072 Sclauonie

232 2119 404 2176 venerabili
429 2117 517 2175 fratri
540 2125 645 2175 nostro
661 2110 843 2195 (Stephano)
860 2119 1051 2191 zagabriensi
1067 2121 1215 2194 episcopo
1230 2135 1289 2193 pro
1306 2120 1499 2178 meliorando

234 2233 316 2282 statu
346 2225 444 2297 ipsius
467 2224 651 2298 spalatensis
674 2225 802 2282 ecclesie
824 2225 948 2291 liberali
973 2227 1086 2298 pietate
1109 2224 1256 2284 conferre.
1288 2226 1406 2284 Verum
1429 2241 1501 2284 curn

231 2331 262 2388 ia
294 2335 378 2388 tanto
409 2331 534 2402 negotio
564 2330 603 2387 sit
635 2331 812 2388 maturitate
844 2332 952 2404 previa
983 2330 1231 2405 procedendum,
1267 2347 1361 2405 super
1390 2333 1502 2390 unione

232 2435 413 2494 huiusmodi
432 2435 658 2493 venerabilium
682 2434 814 2493 fratrum
839 2445 1017 2495 nostrorum
1035 2432 1187 2516 (Ugulini)
1211 2438 1436 2512 archiepiscopi
1453 2454 1503 2496 co-

231 2543 365 2600 locensis
386 2559 421 2599 ac
445 2541 653 2614 zagabriensis
676 2542 815 2616 episcopi
840 2552 869 2600 et
893 2543 1102 2616 capitulorum
1127 2543 1282 2602 dictarum
1301 2545 1502 2602 ecclesiarum

232 2649 350 2720 requiri
373 2648 468 2706 debet
490 2664 638 2706 assensus.
663 2645 754 2721 Quod
778 2655 881 2706 autem
907 2649 977 2707 inde
1002 2647 1118 2720 leceris,
1142 2650 1233 2707 nobis
1256 2665 1401 2723 processu
1426 2658 1502 2708 tem-

232 2755 320 2827 poris
342 2755 460 2828 poteris
482 2755 634 2825 intimare,
666 2761 701 2811 ut
723 2770 817 2828 super
840 2755 898 2812 hoc
921 2756 958 2813 ad
984 2757 1132 2814 honorem
1157 2755 1206 2813 dei
1230 2763 1259 2813 et
1282 2758 1409 2814 ecclesie
1432 2773 1504 2814 cum

232 2859 383 2917 iratribus
406 2861 527 2930 nostris
551 2860 630 2917 sicut
653 2860 800 2934 expedire
817 2861 995 2932 viderimus
1019 2861 1185 2935 providere
1201 2863 1364 2936 possimus
1388 2863 1504 2920 Datum

234 2966 376 3024 Laterani
403 2966 480 3023 Vlll.
505 2965 575 3023 idus
598 2967 690 3050 Junii.
714 2967 804 3024 Anno
828 2967 907 3024 XIV.

323 3099 364 3148 Ex
389 3115 445 3164 reg.
470 3101 539 3166 orig.
565 3101 692 3166 Gregorii
721 3100 771 3151 IX.
798 3117 830 3152 an
862 3101 936 3152 XIV.
963 3119 1002 3168 ep.
1029 3104 1070 3154 86.
1096 3131 1130 3140 —-
1162 3103 1283 3154 Thciner.
1312 3103 1382 3153 Mon.
1410 3101 1503 3154 histor.

236 3189 325 3252 Huog.
346 3195 409 3238 tom.
428 3187 448 3237 1.
468 3204 493 3254 p.
517 3190 625 3244 176-7.
645 3189 750 3239 Confer.
770 3189 889 3240 Farlatti.
909 3191 976 3240 Illir.
995 3202 1060 3242 saer.
1075 3199 1135 3244 torn.
1151 3193 1182 3242 V.
1195 3207 1221 3258 p.
1236 3193 1294 3256 369.
1309 3191 1421 3242 Krdelic.
1435 3193 1503 3243 Hist.

235 3276 303 3326 cath.
323 3279 386 3326 eccl.
408 3278 512 3342 zagrab.
533 3294 557 3343 p.
577 3279 617 3328 82.

843 3456 900 3523 16.

343 3563 392 3612 An.
415 3570 490 3622 1241,
513 3561 549 3611 18.
569 3559 639 3608 maii.
659 3559 811 3625 Zagrabiae.

239 3690 313 3747 Belo
345 3691 525 3762 Hungarr'ac
554 3697 601 3746 etc.
631 3707 701 3758 rex,
725 3691 889 3764 pontificem
920 3691 953 3747 de
982 3693 1131 3748 inuasr'trnc
1162 3691 1350 3748 Tariotarum
1374 3691 1507 3746 1111111111-

747 3797 867 3869 gariam
898 3797 995 3854 edocet.

326 3938 527 3998 Sanctissimo
558 3941 587 3997 in
619 3940 743 3998 Christo
784 3943 872 4015 patri,
904 3941 1064 4014 Gregorio
1095 3941 1144 4000 dei
1181 3943 1285 4016 gracia
1315 3949 1506 4000 sacrosancte

237 4061 364 4103 romane
388 4047 515 4104 ecclesie
542 4061 665 4104 summo
696 4047 842 4121 pontifici,
873 4048 953 4116 Belo,
987 4047 1095 4105 eadem
1127 4049 1230 4120 gracia
1260 4065 1314 4106 rex
1339 4047 1507 4120 Hungarie.

239 4163 302 4210 tam
327 4152 468 4211 debitam
492 4169 585 4225 quarn
610 4153 756 4211 devotam
788 4156 817 4212 in
849 4155 994 4212 omnibus
1023 4155 1239 4210 reverenciam.
1271 4154 1315 4210 Ex
1347 4169 1391 4220 eo,
1424 4152 1505 4224 quod

239 4258 317 4316 fides
347 4259 500 4316 catholica
532 4261 562 4317 in
592 4261 734 4333 partibus
765 4261 922 4332 Hungarie
953 4259 1156 4333 inspiracione
1191 4259 1296 4316 divina
1331 4258 1509 4334 pullulavit,

239 4365 454 4437 progenitores
484 4367 580 4422 nostri
612 4381 683 4422 cum
715 4367 865 4423 universis
895 4382 949 4423 sue
980 4364 1187 4422 iurisdiccion't
1210 4365 1363 4432 sublectis,
1393 4371 1422 4421 et
1446 4379 1510 4431 nos,

239 4478 407 4544 postquam
432 4473 519 4542 regni
543 4473 754 4543 gubernacula
776 4473 978 4546 suscepimus,
1012 4487 1104 4543 quam
1130 4473 1246 4528 sincera
1270 4469 1438 4527 devocione
1461 4485 1510 4527 ro·

240 4593 366 4635 maoam
399 4578 578 4644 ecetesiam,
610 4584 718 4652 utpote
747 4585 880 4636 matrem
911 4585 941 4635 et
970 4579 1149 4648 magistram
1174 4577 1204 4634 in
1228 4577 1313 4634 omni
1335 4577 1511 4634 reverencia

240 4685 453 4753 habuerimus,
488 4692 588 4742 vestre
619 4685 770 4742 sanctitati
796 4685 864 4742 luce
888 4685 1001 4741 clarius
1025 4673 1202 4750 innotescit;
1225 4682 1306 4740 unde
1331 4683 1460 4739 miseros
1483 4689 1512 4738 et

240 4789 439 4847 miserabiles
463 4797 600 4860 eventus,
625 4790 676 4861 qui
701 4791 790 4847 nobis
813 4795 843 4847 et
858 4805 954 4862 regno
972 4789 1130 4862 Hungarie
1147 4805 1202 4863 per
1218 4789 1388 4845 exercitum
1406 4788 1512 4845 Tarta-

240 4911 360 4962 rorum‚
392 4896 516 4953 bestiali
547 4895 728 4953 crudelitate
755 4897 933 4966 sevientem,
966 4903 1182 4968 provenerunt,
1208 4895 1385 4967 paternitati
1410 4902 1510 4951 vestre

241 5000 431 5058 fiducialiter
447 5001 633 5059 intimamus.
658 5001 764 5076 Nuper
779 5003 862 5059 enim
877 5003 958 5059 circa
975 5002 1086 5058 festum
1105 5001 1258 5058 dominice.
1275 5000 1510 5057 resurreccionis
