3728 5806
645 513 716 570 Doc.
735 507 812 588 338.
839 545 875 553 -
901 508 1072 588 An.1389.
1426 528 1485 586 315

225 713 429 772 ecclesiastiae
458 715 517 787 per
545 713 726 771 collectores
756 711 895 770 eiusdem
926 713 1095 785 apostolice
1126 727 1248 767 camare
1275 711 1489 784 promulgatas

220 820 251 876 in
275 822 488 892 contemptum
511 819 648 876 clavium
672 824 701 875 et
724 819 755 875 in
778 823 953 874 vestrarum
977 817 1248 890 plurimorumque
1270 816 1404 873 aliorum
1420 831 1489 889 pre-

220 923 370 981 iudicium
394 923 577 994 animarum,
602 940 735 998 cumque
758 925 789 981 in
812 929 927 981 sortem
952 923 1069 980 domini
1090 923 1209 980 evocati
1225 923 1283 978 iter
1299 925 1329 978 et
1344 921 1489 996 exempla

220 1031 290 1088 aliis
322 1031 453 1104 prebere
483 1030 620 1088 debeatis
651 1029 689 1088 ad
714 1031 855 1100 salutem,
879 1028 1186 1102 contempnendoque
1210 1027 1378 1101 apostolica
1403 1043 1489 1086 man·

220 1137 293 1194 data
323 1152 375 1194 eos
406 1137 576 1210 perniciose
607 1137 719 1194 ducitis
749 1137 780 1194 in
807 1137 964 1193 interitum
989 1136 1032 1192 sic
1055 1139 1191 1210 apperte.
1216 1134 1349 1206 Nosque,
1374 1135 1428 1206 qui
1451 1151 1490 1192 ex

220 1243 318 1301 nostri
341 1241 437 1300 officii
460 1241 566 1300 debito
598 1242 742 1300 ecclesias
772 1249 802 1300 et
825 1258 931 1299 earum
954 1241 1023 1299 iura
1045 1240 1211 1298 intedimus
1234 1255 1362 1313 prorsus
1386 1239 1489 1297 defen-

220 1366 297 1422 sare,
318 1355 348 1407 et
371 1349 517 1422 precipue
540 1353 643 1406 sancte
665 1364 793 1406 romane
816 1347 951 1418 ecclesie,
983 1363 1043 1419 que
1066 1347 1205 1403 omnium
1229 1345 1429 1404 ecclesiarum
1454 1361 1490 1402 ac

221 1461 325 1514 nostre
359 1455 432 1512 fidei
466 1459 566 1512 mater
601 1454 791 1526 dignoscitur
822 1453 888 1510 sore
918 1459 948 1510 et
975 1453 1130 1525 magistra,
1161 1451 1354 1510 universitati
1388 1457 1490 1509 vestre

222 1562 334 1619 harum
367 1561 447 1618 serie
486 1561 676 1634 precipimus
708 1565 737 1617 et
763 1559 957 1630 mandamus
996 1563 1145 1632 quatenus
1183 1557 1221 1615 de
1254 1557 1337 1614 veris
1372 1558 1491 1616 iuribus

222 1672 252 1725 et
275 1667 388 1725 debitis
422 1667 560 1724 eiusdem
591 1681 713 1724 camare
740 1666 908 1739 apostolice
931 1680 985 1722 seu
1009 1663 1048 1724 ad
1072 1680 1140 1722 eam
1165 1663 1390 1737 pertinentibus
1414 1677 1490 1736 quo·

221 1772 365 1831 vismodo
388 1773 578 1845 integraliter
602 1771 740 1829 debeatis
763 1771 939 1829 satisfacere
961 1778 991 1828 et
1013 1769 1210 1844 respondere,
1234 1770 1362 1826 remotis
1382 1769 1492 1843 appel·

223 1879 404 1950 lacionibuS,
441 1879 696 1936 cavillacionibus
730 1883 760 1934 et
794 1876 995 1950 subterfugiis
1029 1876 1286 1949 quibuscumque,
1320 1875 1492 1934 venerabili

223 1986 292 2043 viro
325 1984 452 2042 domino
482 1984 615 2057 Rogerio
647 1983 685 2041 de
716 1983 864 2054 Canaciis,
896 1983 1057 2055 utriusque
1088 1982 1163 2038 iuris
1195 1981 1322 2052 doctori,
1353 1981 1491 2053 generali

223 2107 344 2149 camare
375 2091 544 2165 apostolice
576 2091 608 2147 in
634 2105 730 2162 regno
753 2093 859 2146 nostro
882 2089 1040 2160 Hungarie
1064 2093 1093 2145 et
1117 2086 1306 2160 quibusdam
1329 2086 1398 2144 aliis
1421 2103 1492 2161 par·

225 2198 308 2256 tibus
330 2197 488 2254 collectori
508 2213 562 2253 seu
585 2197 650 2254 eius
674 2195 954 2252 subcollectoribus
978 2194 1029 2251 vel
1051 2193 1171 2250 nunciis
1193 2193 1233 2249 ab
1257 2207 1294 2250 eo
1317 2193 1492 2266 specialiter

223 2303 274 2361 vel
305 2303 491 2376 generaliter
526 2301 689 2375 deputatis,
722 2300 951 2358 manifestantes
981 2300 1082 2356 eidem
1106 2299 1232 2356 domino
1256 2297 1416 2355 collectori
1438 2314 1492 2354 seu

224 2411 289 2468 eius
325 2408 604 2466 subcollectoribus
626 2407 703 2478 iura,
727 2407 808 2464 bona
832 2411 862 2464 et
886 2405 991 2464 debita
1014 2405 1152 2463 eiusdem
1176 2419 1298 2462 camare
1321 2403 1492 2477 apostolice

224 2531 276 2572 seu
301 2513 433 2572 adeam
465 2514 663 2588 pertinencia,
694 2530 754 2587 que
785 2511 932 2586 predictis
963 2511 1120 2569 collectori
1153 2515 1183 2568 et
1214 2509 1493 2568 subcollectoribus

225 2619 276 2676 vel
306 2619 425 2677 nunciis
456 2619 670 2676 verisimiliter
700 2625 771 2676 sunt
802 2619 913 2691 ignota.
941 2619 979 2675 Et
1001 2623 1035 2674 ut
1057 2617 1116 2674 hoc
1139 2623 1280 2674 nostrum
1303 2613 1493 2687 mandatum,

225 2732 258 2782 ut
281 2729 436 2798 optamus,
460 2724 671 2782 indubitatum
694 2724 875 2797 prompcius
898 2728 1102 2796 consequatur
1125 2722 1279 2793 effectum,
1302 2720 1494 2778 universitati

225 2837 327 2888 vestre
358 2829 559 2904 precipiendo
590 2829 784 2900 mandamus,
818 2835 852 2887 ut
882 2829 1038 2904 predictos
1068 2829 1269 2886 collectorem
1291 2843 1345 2884 seu
1368 2825 1492 2884 subcol-

226 2937 357 2994 lectores
385 2937 482 3014 ipsius
506 2936 557 2993 vel
580 2935 707 2993 nuncios
730 2935 761 2992 in
788 2936 1006 3009 prosecucione
1033 2932 1212 2992 huiusmodi
1235 2933 1383 2990 habentes
1408 2931 1494 2989 favo·

226 3043 366 3100 rabiliter
396 3042 620 3112 recommissos,
652 3042 678 3099 si
708 3057 764 3114 per
791 3056 844 3098 eos
866 3057 921 3098 seu
951 3056 1059 3098 eorum
1082 3040 1217 3098 alterum
1240 3053 1296 3095 vos
1321 3038 1372 3095 vel
1396 3037 1495 3110 aliqui

225 3166 279 3206 seu
301 3149 414 3222 aliquis
438 3163 476 3204 ex
499 3148 590 3205 vobis
613 3146 732 3205 fueritis
752 3147 893 3220 requisiti
909 3146 1026 3204 eisdem
1042 3145 1215 3220 inpendatis
1238 3143 1398 3215 auxilium,
1424 3159 1494 3200 con-

226 3255 333 3312 silium
357 3260 387 3312 et
417 3253 568 3324 favorem,
599 3252 821 3326 sequestrando
849 3251 967 3310 fructus
991 3251 1222 3320 beneficiorum,
1247 3247 1405 3323 capiendo,
1428 3265 1494 3306 are-

228 3359 337 3418 stando
361 3365 392 3418 et
414 3359 594 3434 occupando
617 3375 773 3433 personas,
796 3375 845 3417 res
868 3375 922 3416 seu
947 3360 1028 3416 bona
1051 3358 1090 3416 ad
1113 3357 1229 3415 dictam
1252 3370 1408 3413 camaram
1426 3370 1495 3427 per-

226 3467 358 3524 tinencia
379 3480 432 3523 seu
465 3467 621 3539 obligatos
652 3464 753 3522 eidem
783 3466 835 3537 sic,
865 3465 947 3538 quod
976 3465 1044 3522 iura
1067 3463 1147 3522 dicte
1171 3478 1293 3520 camare
1325 3461 1495 3535 apostolice

227 3573 350 3630 valeant
373 3573 520 3646 optinere.
544 3569 661 3629 lustum
686 3577 731 3629 est
754 3573 845 3644 enirn,
870 3578 904 3629 ut
927 3587 1005 3645 quos
1028 3571 1077 3629 dei
1101 3571 1195 3628 timor
1217 3585 1236 3626 a
1258 3569 1342 3626 malo
1365 3583 1426 3625 non
1447 3585 1495 3626 re-

226 3684 318 3736 vocat
343 3677 526 3752 temporalis
549 3677 646 3736 eciam
670 3679 831 3735 coherceat
853 3679 1001 3736 severitas
1024 3676 1195 3750 discipline.
1220 3675 1374 3733 Volumus
1390 3679 1495 3732 autem

228 3785 282 3842 has
305 3789 425 3842 nostras
459 3784 579 3841 litteras
606 3785 831 3842 inviolabiliter
853 3784 1014 3842 observari
1037 3798 1097 3840 non
1121 3781 1315 3839 obstantibus
1338 3780 1496 3853 aliquibus

226 3890 337 3948 litteris
361 3889 441 3947 datis
464 3906 518 3947 seu
538 3889 647 3947 dandis
670 3905 727 3962 per
750 3905 805 3948 nos
829 3907 882 3948 seu
907 3890 1134 3947 serenissimam
1155 3893 1293 3945 nostram
1313 3891 1495 3957 consortem,

227 4010 288 4052 non
314 3993 498 4052 iacientibus
521 3995 656 4069 plenam,
680 3996 846 4069 specialem
871 4001 901 4054 et
922 4011 1101 4069 expressam
1124 3993 1162 4050 de
1185 3994 1295 4050 harum
1317 3993 1394 4049 serie
1410 4007 1496 4048 men·

227 4101 355 4158 cionem.
379 4101 533 4158 Volumus
557 4101 662 4172 eciam,
687 4101 771 4174 quod
791 4103 979 4175 quicumque
995 4101 1167 4173 dignitates,
1185 4104 1375 4172 personatus,
1392 4097 1496 4154 officia

227 4223 280 4265 seu
305 4207 414 4279 quevis
438 4207 500 4264 alia
524 4206 673 4265 beneficia
696 4208 902 4266 ecclesiastica
925 4225 983 4282 que
1007 4224 1063 4282 per
1079 4206 1341 4281 presentacionem
1358 4209 1496 4261 nostram
1583 4271 1586 4282 ¹

229 4314 348 4387 regiam
379 4330 433 4372 seu
463 4330 520 4387 per
548 4315 684 4386 graciam
717 4319 820 4372 nostre
851 4315 1019 4372 maiestatis
1042 4314 1181 4370 obtinent
1204 4311 1257 4368 vel
1280 4311 1310 4368 in
1334 4315 1494 4384 posterum

228 4421 419 4491 obtinebunt,
462 4419 592 4494 proinde
627 4421 665 4478 de
696 4421 848 4479 fructibus
870 4421 964 4494 primi
996 4419 1067 4477 anni
1098 4417 1230 4476 debeant
1262 4415 1341 4472 dicte
1371 4429 1493 4472 camare

228 4525 398 4599 apostolice
421 4525 609 4598 respondere
632 4542 667 4583 ac
690 4528 716 4584 si
738 4528 807 4601 ipsa
830 4525 980 4583 beneficia
1001 4529 1101 4581 essent
1125 4539 1181 4596 per
1204 4521 1302 4594 ipsius
1325 4518 1406 4577 sedis
1422 4533 1495 4591 apo-

230 4632 337 4689 stolice
372 4631 508 4704 graciam
545 4633 690 4702 assecuti;
725 4648 812 4690 secus
845 4649 901 4705 pro
925 4639 1028 4688 nostra
1051 4631 1156 4702 gracia
1180 4627 1279 4685 iacere
1302 4641 1362 4682 non
1386 4624 1497 4682 ausuri.

228 4737 345 4794 Datum
376 4735 469 4808 Bude,
501 4736 656 4796 dominica
687 4737 736 4795 die
760 4739 903 4812 proxima
936 4743 1005 4812 post
1037 4736 1150 4794 testum
1177 4733 1346 4792 nativitatis
1370 4729 1499 4802 virginis

228 4843 370 4915 gloriose.
396 4845 485 4901 Anno
508 4843 626 4902 domini
650 4845 819 4902 millesimo
846 4843 1061 4902 trecentesimo
1085 4841 1294 4914 octuagesimo
1318 4853 1410 4896 nono.

318 4977 394 5045 Orig.
409 4979 436 5030 in
449 4980 607 5030 membrana.
622 4979 747 5046 Sigillum
762 4980 833 5046 regis
853 4980 1016 5046 impressum.
1031 4979 1060 5030 in
1075 4979 1145 5029 arch.
1159 4979 1176 5028 i.
1190 4993 1210 5026 r.
1225 4977 1274 5027 civ.
1287 4975 1394 5042 zagrab.
