3600 5804
557 570 629 627 Doc.
650 583 718 647 134.
746 603 782 612 -
808 569 863 626 An.
889 566 977 646 1326.
1339 588 1395 643 115

837 674 988 681 -—.
998 676 1225 682 -—--.-—
1234 677 1270 682 ..-
1279 677 1395 684 ...ᾤ-.-

150 768 272 826 invenire
294 783 346 825 seu
378 769 554 839 contingere
585 765 765 824 desideratis
795 768 932 840 graciam
963 772 1067 825 nostre
1096 769 1272 826 maiestatis.
1297 769 1398 828 Preci-

148 874 239 946 pimus
260 873 392 946 insuper,
415 872 548 930 zelantes
571 872 798 930 immunitatem
821 872 959 930 eiusdem
983 874 1111 932 ecclesie
1134 880 1163 931 et
1186 876 1319 932 salutem
1335 876 1399 932 ani·

148 994 256 1036 mamm
279 983 460 1050 vestrarum,
484 984 518 1037 ut
539 978 676 1036 decimas
700 989 817 1035 vestras
840 993 901 1035 non
924 978 1093 1036 secundum
1118 995 1246 1053 pravam
1270 996 1397 1039 consve-

147 1083 281 1154 tudinem‚
304 1100 363 1157 que
387 1085 495 1159 pocius
526 1083 655 1142 dicenda
686 1089 731 1141 est
761 1085 946 1158 corruptela,
978 1085 1110 1143 scilicet:
1135 1093 1169 1142 ut
1191 1085 1253 1144 duo
1280 1086 1399 1146 denarii

148 1205 198 1264 pro
218 1189 331 1247 decima
354 1191 479 1264 capecia
501 1197 531 1247 et
553 1190 615 1248 duo
638 1205 697 1264 pro
719 1189 841 1248 decimo
864 1191 980 1248 eubulo
1003 1192 1066 1250 vini
1092 1193 1319 1266 persolvantur,
1343 1193 1398 1266 qui

146 1312 200 1354 non
220 1296 368 1354 decimam
392 1297 447 1354 sed
470 1297 523 1354 vix
547 1297 731 1370 vigesimam
762 1295 878 1354 faciunt
904 1302 934 1354 et
964 1298 1126 1370 attingunt,
1151 1298 1203 1356 sed
1228 1298 1397 1356 secundum

146 1402 236 1474 legem
258 1401 306 1459 dei
328 1409 359 1460 et
382 1418 510 1460 romane
533 1403 663 1460 ecclesie
693 1403 757 1460 sine
788 1402 996 1462 diminucione
1023 1405 1054 1462 in
1077 1404 1179 1478 specie
1202 1405 1396 1479 persolvatis.

146 1507 203 1564 Vos
222 1514 320 1566 autem
345 1509 456 1581 Mykch
480 1511 560 1568 bane
591 1515 621 1567 et
651 1525 758 1567 omnes
788 1507 939 1567 officiales
962 1511 1066 1580 vestri,
1091 1511 1242 1583 premissa
1265 1526 1396 1584 exequa-

145 1615 213 1672 mini
232 1619 389 1688 tamquam
411 1617 574 1689 negocium
597 1622 739 1673 nostrum
762 1615 896 1688 speciale
920 1616 950 1672 in
967 1620 1030 1672 tota
1046 1616 1174 1674 ecclesie
1189 1617 1396 1689 zagrabiensis

145 1718 287 1790 dyoecesi;
317 1721 473 1795 predictos
504 1723 689 1780 reluctantes
713 1727 766 1779 aut
789 1736 864 1778 ausu
881 1721 1023 1793 quolibet
1046 1720 1288 1780 contradicentes
1312 1737 1395 1780 com-

143 1825 256 1897 pellatis
277 1832 380 1885 nostra
402 1829 582 1886 auctoritate
606 1827 768 1898 mediante,
792 1834 826 1884 ut
848 1843 919 1884 suas
942 1826 1078 1885 decimas
1100 1827 1281 1902 persolvant
1296 1844 1334 1886 ex
1350 1829 1395 1886 in-

145 1938 228 2004 tegro.
257 1935 292 1991 Et
322 1935 401 1992 sicut
430 1950 486 1992 nos
517 1935 655 2008 graviter
685 1933 842 1993 offendere
873 1933 1056 2006 formidatis,
1087 1951 1174 1993 secus
1206 1933 1305 1993 facere
1333 1951 1394 1994 non

144 2037 284 2097 audentes.
305 2039 422 2098 Datum
445 2041 476 2098 in
499 2040 698 2113 Wyssegrad,
722 2041 817 2098 tercio
841 2040 890 2098 die
921 2046 992 2115 post
1023 2040 1136 2098 festum
1161 2043 1250 2098 beate
1275 2043 1394 2113 Marga-

143 2148 200 2201 rete
222 2145 352 2218 virginis.
376 2149 466 2203 Anno
489 2146 607 2204 domini
629 2145 798 2204 MCCCXX
821 2152 916 2204 sextu.

220 2282 240 2330 E
257 2281 326 2332 libro
345 2281 436 2348 privil.
456 2289 566 2348 eppatus
585 2283 689 2349 zagrab.
710 2281 755 2332 iol.
776 2291 816 2339 51.
837 2281 866 2332 In
885 2281 956 2332 arch.
976 2281 1131 2348 archiepisc.
1151 2285 1256 2349 zagrab.

716 2549 802 2614 1³4.

233 2637 307 2686 Anno
329 2635 404 2694 1326,
423 2645 464 2693 25.
484 2635 558 2702 Julii.

147 2745 254 2803 Carolus
271 2747 446 2820 Hungan'oc
461 2754 507 2804 etc.
524 2765 585 2816 rex,
609 2746 696 2803 edicto
704 2746 829 2819 publico,
845 2747 1035 2819 possessiones
1056 2754 1085 2804 et
1103 2748 1171 2804 iura
1190 2749 1251 2806 eccl.
1273 2750 1390 2823 copon.

159 2851 220 2908 dota
240 2861 268 2910 et
286 2854 436 2926 acquisito,
459 2853 495 2908 ob
517 2852 728 2925 occupatoribus
751 2870 922 2926 quocumque
941 2852 1021 2908 modo
1043 2853 1163 2921 detento,
1179 2853 1263 2910 reddi
1283 2855 1366 2912 a'ubd.

217 2997 347 3055 Karolus
379 2997 429 3054 dei
459 2997 563 3069 gracia
594 2997 760 3069 Hungarie‚
792 2996 961 3067 Dalmacie,
986 2995 1121 3069 Croacie,
1144 2996 1250 3068 Rame,
1274 2987 1387 3068 Serme,

141 3099 264 3174 Gallicie,
287 3103 478 3173 lodomerie‚
501 3101 650 3160 Comanie
673 3101 879 3176 Bulgarieque
902 3119 966 3173 rex,
990 3103 1134 3176 princeps
1165 3100 1388 3162 Sallernitanus

141 3211 165 3264 et
178 3208 302 3266 Honoris
322 3224 358 3266 ac
378 3209 491 3266 montis
507 3209 602 3266 sancti
623 3202 741 3280 Angeli
757 3208 909 3266 dominus.
925 3209 1078 3266 Omnibus
1094 3207 1227 3267 Christri
1242 3208 1389 3267 fidelibus

141 3316 317 3385 presentibus
347 3321 377 3372 et
407 3313 519 3371 futuris
549 3315 695 3372 noticiam
722 3315 915 3388 presencium
940 3315 1092 3372 habituris
1115 3315 1248 3372 salutem
1271 3316 1389 3388 inquo

141 3419 259 3478 resident
281 3421 468 3494 sempiterne
492 3421 599 3478 salutis
622 3422 818 3478 incrementa.
843 3420 1050 3478 Exardescens
1073 3420 1113 3478 ad
1132 3422 1260 3479 heterna
1275 3421 1388 3494 regalis

140 3522 316 3595 dyadematis
340 3528 575 3600 exuberansque
599 3526 729 3584 devocio
759 3542 796 3584 eo
819 3527 911 3584 saluti
934 3543 988 3584 sue
1012 3527 1163 3600 prospicit
1185 3527 1301 3599 utilius,
1325 3543 1388 3600 quo

141 3631 252 3702 pristine
280 3634 478 3692 liberalitatis
500 3634 560 3706 piis
583 3633 659 3690 locis
689 3632 800 3690 devote
823 3633 945 3704 collata,
969 3633 1125 3691 solidioris
1148 3633 1305 3691 firmitatis
1328 3633 1388 3690 ful·

140 3736 255 3797 cimento
276 3741 405 3798 roborat
428 3745 457 3796 et
480 3738 651 3796 confirmat.
680 3738 812 3796 Proinde
835 3743 1017 3796 cunctorum
1040 3740 1150 3798 noticie
1174 3740 1286 3797 harum
1309 3739 1387 3796 serie

141 3844 268 3902 volumus
297 3847 468 3919 pervenire,
500 3845 584 3918 quod
616 3845 689 3918 quia
722 3844 808 3902 cordi
837 3844 929 3902 debet
952 3861 1017 3902 esse
1040 3845 1166 3917 regibus
1189 3849 1282 3918 atque
1305 3860 1387 3918 cure,

140 3953 169 4005 ut
186 3966 224 4022 ea,
246 3969 304 4025 que
328 3951 533 4010 ecclesiastice
555 3950 785 4008 conversacioni
807 3955 878 4008 sunt
901 3950 1058 4024 disposita,
1087 3967 1143 4008 nec
1166 3966 1276 4023 regum
1299 3949 1386 4008 dissi·

140 4056 256 4116 mulacio
287 4059 433 4131 negligat,
467 4074 522 4115 nec
552 4059 687 4115 aliorum
718 4057 889 4131 plectibilis
919 4058 1018 4130 possit
1043 4058 1240 4131 presumpcio
1265 4063 1385 4131 pertur-

141 4159 214 4233 bare;
235 4164 303 4222 ideo
325 4180 383 4222 nos
405 4164 636 4237 zagrabiensem
657 4164 826 4234 ecclesiam,
845 4179 939 4237 quam
955 4164 1035 4220 inter
1051 4169 1167 4221 ceteras
1184 4163 1270 4236 regni
1287 4163 1384 4220 nostri

140 4267 263 4328 ecclesias
294 4270 456 4328 affectione
489 4285 550 4328 non
584 4270 697 4327 minori
719 4284 912 4341 veneramur,
947 4270 979 4326 in
1002 4269 1148 4327 omnibus
1171 4269 1233 4326 suis
1256 4268 1384 4340 iuribus,

140 4376 356 4449 municionibus,
379 4377 511 4448 tributis,
535 4377 790 4450 possessionibus,
814 4375 939 4450 prediis,
960 4377 1058 4447 terris,
1075 4375 1272 4433 libertatibus
1288 4391 1384 4448 quan-

142 4479 320 4557 tumcumque
350 4485 471 4557 magnis
501 4487 532 4541 et
554 4483 702 4556 graciosis
732 4481 913 4554 redditibus,
938 4482 1141 4556 proventibus
1164 4497 1200 4539 ac
1223 4481 1308 4539 omni
1330 4481 1384 4539 do-

141 4582 219 4643 minio
240 4589 410 4663 pacificam,
434 4589 634 4663 indempnem
656 4594 685 4646 et
708 4588 830 4646 illesam
854 4589 1011 4661 cupientes
1034 4593 1185 4662 perpetuo
1201 4603 1383 4645 conservare

141 4692 165 4742 et
182 4705 231 4763 per
250 4701 371 4753 nostros
394 4697 633 4767 conservarint
656 4696 721 4752 eius
744 4695 877 4752 ministri
901 4711 939 4751 ex
962 4694 1074 4780 hocin
1098 4710 1133 4751 ea
1156 4693 1262 4750 divino
1286 4693 1383 4751 cultui

143 4799 238 4864 l0⁵⁵int
259 4802 396 4876 quiecius
419 4808 448 4859 et
471 4802 618 4860 devocius
633 4800 795 4872 famulari;
824 4802 928 4858 omnia
950 4806 980 4858 et
1003 4800 1126 4872 singula
1153 4801 1221 4857 iura
1244 4798 1381 4856 eiusdem

142 4902 245 4964 ecclesie
266 4907 473 4981 zagrabiensis
497 4907 649 4978 videlicet,
680 4913 807 4978 tenutas,
832 4907 995 4977 districtus,
1019 4907 1236 4979 possessiones,
1261 4905 1379 4978 predia,

143 5004 217 5068 villas
235 5021 262 5073 et
283 5015 466 5073 libertatum
487 5015 710 5088 prerogativas,
746 5030 805 5087 que
827 5019 857 5070 et
881 5028 957 5086 quas
981 5012 1063 5070 dicta
1086 5011 1217 5069 ecclesia
1239 5027 1293 5068 seu
1317 5012 1380 5085 epi·
1471 5099 1476 5110 ι

1262 5126 1276 5157 Ι
