3600 5804
400 595 440 650 70
838 576 910 634 Doc.
936 573 985 635 82.
1012 610 1049 618 —
1075 577 1130 634 An.
1156 589 1245 652 1292.

398 777 504 833 biense
534 775 573 832 ad
602 781 739 833 nostram
768 774 943 840 accedendo
974 777 1167 848 presenciam
1197 776 1358 833 humiliter
1381 775 1585 849 supplicando
1606 791 1657 850 po

398 883 559 953 stularunt‚
585 886 617 939 ut
639 882 741 954 ipsam
764 881 926 938 ecclesiam
950 881 1136 939 sanctissimi
1159 883 1241 954 regis
1264 881 1412 956 Stephani
1434 882 1657 954 zagrabiensem

398 988 620 1046 munificenciis
652 988 810 1059 regalibus
841 987 1019 1060 prospicere
1050 1003 1108 1060 pro
1135 988 1235 1044 salute
1258 991 1364 1045 nostra
1387 992 1417 1044 et
1440 1003 1545 1045 amore
1567 988 1658 1046 divini

398 1094 532 1151 numinis
564 1100 594 1151 et
625 1094 721 1167 ipsius
753 1093 836 1150 beati
864 1093 946 1166 regis
976 1091 1124 1166 Stephani
1155 1092 1365 1166 dignaremur,
1389 1094 1420 1150 in
1447 1108 1483 1150 eo
1507 1092 1658 1151 videlicet:

397 1207 431 1256 ut
461 1201 588 1258 terciam
620 1204 742 1273 partem
773 1199 882 1257 tributi
912 1197 972 1256 fori
1002 1200 1099 1256 nostri
1123 1198 1161 1256 de
1184 1204 1289 1257 monte
1312 1199 1463 1257 Grecensi
1487 1201 1611 1257 ecclesie
1632 1207 1660 1258 et

400 1307 536 1380 capitulo
559 1305 699 1380 predicto
722 1305 796 1364 dare
820 1305 1028 1378 dignaremur.
1053 1305 1116 1362 Nos
1140 1307 1244 1378 itaque
1266 1307 1307 1363 ob
1330 1306 1539 1364 reverenciam
1561 1314 1590 1364 et
1613 1307 1660 1364 de·

398 1414 560 1470 vocionem
591 1427 685 1485 quam
715 1412 746 1469 in
776 1412 844 1484 ipso
875 1411 966 1468 beato
997 1426 1068 1484 rege
1099 1410 1255 1486 Stephano
1292 1412 1430 1484 gerimus
1454 1417 1483 1470 et
1506 1413 1660 1479 habemus,

398 1521 484 1577 cuius
515 1519 634 1576 meritis
664 1525 694 1576 et
717 1518 862 1592 precibus
885 1521 1010 1575 tronum
1034 1518 1132 1575 nostri
1154 1518 1313 1590 regiminis
1336 1519 1454 1592 pariter
1476 1525 1506 1576 et
1527 1525 1661 1576 nostram

402 1640 549 1682 coronam,
580 1624 757 1682 conservari
791 1629 868 1681 nutu
899 1623 1006 1680 divino
1033 1623 1242 1682 indubitanter
1265 1624 1421 1682 credimus
1444 1631 1474 1682 et
1496 1641 1661 1698 speramus,

402 1747 438 1787 ac
467 1745 525 1803 pro
556 1731 657 1804 anime
686 1735 789 1787 nostre
820 1729 965 1798 remedi0,
998 1730 1125 1788 terciam
1148 1737 1272 1804 partem
1296 1731 1405 1788 tributi
1426 1730 1486 1788 fori
1508 1731 1603 1788 nostri
1625 1729 1660 1787 de

400 1845 503 1894 monte
519 1837 665 1894 Grecensi
688 1836 866 1910 supradicti,
893 1837 979 1894 cuius
1002 1836 1099 1894 eciam
1123 1837 1200 1895 duas
1224 1841 1327 1910 partes
1344 1853 1381 1895 ex
1397 1838 1563 1895 collacione
1580 1837 1661 1909 regia

401 1943 549 2001 traditam
572 1953 602 2001 et
625 1943 771 2001 collatam
796 1943 895 2000 eciam
917 1943 948 2000 in
971 1949 1060 2000 antea
1083 1943 1187 2017 ipsum
1207 1943 1380 2018 capitulum
1396 1943 1574 2016 possidebat
1590 1943 1658 2000 inte·

405 2049 541 2122 graliter,
566 2050 653 2122 quasi
676 2041 931 2106 consolidacionis
955 2051 1020 2106 iure
1044 2049 1145 2106 eidem
1161 2049 1300 2123 capitulo
1316 2048 1468 2121 dedimus,
1484 2049 1661 2106 donavimus

400 2163 430 2212 et
456 2155 643 2212 contulimus
666 2158 818 2228 perpetuo
842 2154 1033 2226 integraliter
1056 2153 1285 2227 possidendam.
1309 2153 1390 2211 Cum
1406 2155 1504 2211 eciam
1520 2155 1558 2211 sit
1575 2154 1661 2226 legali

399 2262 576 2334 provisione
609 2261 786 2331 sanccitum,
817 2265 850 2316 ut
877 2260 909 2317 in
933 2261 1027 2317 rebus
1051 2261 1178 2317 ecclesie
1202 2259 1356 2317 donativis
1380 2261 1499 2334 optima
1522 2260 1560 2316 sit
1583 2275 1660 2316 men-

399 2381 470 2424 sura
493 2381 597 2423 rerum
621 2365 805 2422 donatarum
829 2380 1007 2422 mensuram
1030 2381 1091 2422 non
1115 2366 1237 2423 habere.
1261 2365 1408 2423 Volentes
1432 2371 1462 2422 et
1485 2370 1658 2423 stamentes:

408 2479 441 2529 ut
464 2471 569 2529 nullus
601 2471 699 2528 banus
730 2485 788 2544 pro
818 2477 958 2543 ternpore
989 2471 1179 2542 constitutus,
1212 2471 1264 2528 vel
1287 2471 1437 2528 officiales
1466 2487 1572 2528 eorum
1600 2487 1662 2544 pre·

400 2577 516 2635 dictum
548 2578 721 2651 capitulum
751 2577 957 2650 zagrabiensis
988 2578 1115 2634 ecclesie
1138 2578 1190 2634 vel
1214 2563 1394 2635 tributarios
1416 2578 1597 2636 eorumdem
1618 2592 1661 2633 ra·

400 2685 486 2741 cione
510 2685 609 2750 ,tercie
645 2684 741 2758 partis
775 2663 826 2740 v‘el
863 2683 966 2740 totalis
1000 2684 1108 2740 tributi
1147 2682 1206 2740 fori
1245 2681 1406 2741 Grecensis
1446 2667 1594 2758 sepedicti
1629 2681 1662 2738 de

400 2797 501 2847 cetero
524 2789 718 2862 aliquatenus
745 2789 914 2861 inquietare
941 2789 1061 2862 possint
1089 2789 1141 2846 vel
1166 2789 1338 2846 molestare.
1373 2790 1407 2847 ln
1430 2789 1518 2846 cuius
1542 2790 1585 2846 rei
1606 2803 1662 2844 me-

399 2895 532 2952 moriam
560 2900 771 2968 perpetueque
799 2893 956 2952 firmitatis
984 2901 1142 2968 presentes
1169 2895 1375 2952 concessimus
1400 2897 1518 2952 litteras
1540 2893 1663 2967 duplicis

400 2999 497 3072 sigilli
508 3001 604 3057 nostri
621 3001 790 3058 munimine
806 3001 975 3058 roboratas
990 3001 1105 3058 Datum
1118 3018 1174 3076 per
1193 3017 1301 3058 manus
1318 3001 1443 3059 discreti
1459 3002 1520 3058 viri
1533 2999 1664 3073 magistri

400 3106 563 3175 Theodori,
580 3108 714 3164 albensis
731 3108 857 3165 ecclesie
874 3109 1032 3181 prepositi,
1049 3109 1120 3165 aule
1135 3114 1239 3166 nostre
1256 3107 1510 3178 vicecancellarii,
1526 3107 1627 3165 dilecti
1638 3110 1663 3162 et

401 3211 503 3269 fidelis
526 3213 630 3269 nostri.
657 3214 745 3270 Anno
768 3212 885 3270 domini
909 3214 1081 3272 millesimo
1105 3213 1155 3271 CC
1185 3215 1383 3286 nonagesimo
1407 3213 1553 3272 secundo
1576 3211 1662 3284 Regni

406 3323 507 3374 autem
533 3319 629 3376 nostri
653 3333 732 3375 anno
756 3318 898 3390 secundo,
922 3320 964 3376 VI
987 3319 1135 3378 ltalendas
1157 3321 1241 3403 Julii,
1267 3319 1434 3378 indiccione
1459 3320 1575 3392 quinta.

497 3435 637 3501 Originale
661 3436 688 3486 in
714 3437 871 3495 membrana,
897 3453 912 3486 a
937 3437 1142 3504 sericcalrubra
1162 3444 1187 3487 et
1206 3437 1287 3486 viridi
1307 3453 1370 3487 zona
1389 3439 1524 3502 appendet
1543 3437 1660 3502 sigillum

407 3525 447 3574 Ex
477 3526 546 3574 arch.
577 3541 625 3576 ven
662 3525 739 3591 capit.
769 3527 873 3590 zagrab.
904 3526 965 3576 fasc.
993 3537 1031 3576 10.
1056 3542 1095 3576 nr.
1118 3528 1161 3588 46.
1186 3528 1260 3593 Joan.
1286 3525 1394 3576 Tkaltit
1419 3527 1489 3576 Mon.
1509 3526 1570 3576 bist.
1590 3524 1660 3590 episc.

402 3613 546 3678 zagrab.1.
567 3630 590 3678 p.
612 3614 669 3664 228.

1008 3757 1069 3824 82.

511 3899 587 3948 Anno
611 3908 685 3961 1292,
709 3908 746 3957 13.
766 3897 840 3964 Julii.
859 3898 1013 3964 Zagrabiae.

413 4024 588 4094 Guilmnus,
617 4025 648 4082 T
645 4027 846 4098 emplariomm
869 4027 1012 4098 magister,
1035 4025 1182 4083 Andream
1199 4027 1261 4083 Ill.
1277 4045 1369 4099 regem
1394 4025 1572 4098 Zagrubiam
1587 4039 1666 4097 usque

402 4149 482 4206 quem
507 4132 680 4200 adduxerat,
712 4133 745 4188 ob
770 4133 911 4204 pecuniae
933 4133 1110 4205 penr'uriam,
1141 4133 1200 4188 ord.
1239 4133 1269 4188 Τ
1265 4133 1468 4206 emplan'omm
1494 4140 1609 4195 terrum,
1624 4128 1666 4202 pi-

928 4239 1019 4311 gnori
1039 4239 1152 4312 ablegat.

493 4382 557 4439 Nos
588 4381 684 4439 irater
715 4381 919 4454 Guyllermus
949 4381 988 4438 de
1020 4381 1141 4453 Peimis,
1174 4381 1320 4454 magister
1358 4379 1523 4439 domorum
1559 4379 1666 4440 milicie

405 4487 531 4563 Templi
554 4504 611 4562 per
634 4488 825 4560 Hungariam
848 4493 878 4545 et
900 4486 1105 4545 Sclauoniam.
1129 4485 1346 4559 Significamus
1366 4517 1401 4525 -
1431 4517 1467 4524 -
1493 4487 1665 4559 quodcum

405 4609 460 4651 nos
484 4593 644 4652 dominum
668 4594 915 4651 illustrissimum
931 4593 1096 4664 Andream‚
1113 4592 1162 4650 dei
1179 4593 1282 4665 gracia
1307 4607 1414 4664 regern
1430 4592 1597 4665 Hungarie,
1613 4603 1665 4664 pro

401 4699 541 4757 diversis
565 4704 594 4756 et
617 4699 712 4756 variis
735 4699 869 4771 negociis
893 4698 1059 4756 domorum
1086 4703 1261 4756 nostrarum
1292 4698 1509 4755 universarum
1532 4699 1563 4756 in
1587 4697 1662 4754 Hun-

408 4807 494 4879 garia
516 4814 545 4863 et
568 4804 732 4863 Sclauonia
754 4805 963 4875 existencium,
987 4819 1085 4877 usque
1108 4803 1291 4877 Zagrabiam
1325 4803 1421 4860 secuti
1444 4803 1615 4872 fuissemus,
1637 4807 1663 4856 et

409 4927 464 4969 nos
488 4926 581 4984 penes
605 4910 736 4968 eundem
761 4911 922 4968 dominum
943 4925 1049 4983 regem
1073 4926 1131 4984 pro
1151 4911 1286 4982 negociis
1310 4909 1475 4968 domorum
1496 4915 1663 4968 nostrarum

405 5016 541 5074 multam
565 5017 727 5089 pecuniam
751 5017 1013 5092 expendissemus,
1037 5023 1066 5074 et
1090 5015 1275 5090 Zagrabiam
1302 5014 1512 5090 perveniendo
1535 5019 1598 5074 tota
1618 5027 1663 5069 ex·
