3600 5804
376 551 434 624 184
791 548 863 606 Duc.
887 563 958 627 204.
987 583 1023 592 -
1050 547 1106 604 An.
1132 543 1221 624 1346.

372 749 536 805 terminum
569 748 734 805 iuridicum
767 755 839 805 tunc
869 749 953 820 regie
985 747 1155 804 maiestatis
1185 747 1215 804 in
1245 747 1436 818 presenciam
1462 745 1641 802 attrahendo

372 855 401 912 in
434 870 567 925 causam,
599 855 728 928 ipsaque
761 871 852 912 causa
881 861 986 910 contra
1013 861 1043 910 et
1066 853 1216 910 adversus
1239 853 1323 924 ipsos
1346 853 1429 908 cives
1453 863 1485 908 et
1508 853 1640 925 hospites

373 970 436 1017 tam
468 976 562 1033 super
594 961 662 1034 ipso
694 961 775 1018 facto
807 960 1048 1034 possessionario
1076 974 1171 1032 quam
1194 959 1291 1016 eciam
1315 958 1476 1030 premissis
1499 959 1568 1015 aliis
1591 975 1640 1015 ne-

373 1069 470 1140 gociis
500 1073 585 1125 mota
615 1075 645 1124 et
674 1069 819 1125 suscitata
852 1069 891 1125 ab
922 1069 991 1141 ipsa
1021 1065 1119 1138 regali
1144 1065 1302 1138 presencia
1338 1064 1495 1135 translata,
1519 1065 1639 1121 tandem

374 1174 569 1232 diversorum
594 1174 730 1233 iudicum
755 1175 983 1231 ordinariorum
1007 1174 1093 1244 regni
1115 1173 1145 1228 in
1162 1171 1330 1244 presenciis
1346 1171 1470 1242 agitata,
1488 1172 1641 1243 variisque

372 1281 649 1354 prorogacionibus
673 1281 753 1338 inter
776 1282 858 1354 ipsas
886 1286 990 1354 partes
1014 1279 1052 1336 de
1077 1279 1209 1336 termino
1232 1277 1264 1333 in
1287 1277 1455 1333 terminum
1481 1278 1639 1350 protelata,

371 1387 541 1444 ultimatim
572 1386 683 1460 prefati
727 1387 846 1444 domini
876 1385 1038 1442 Laurencii
1068 1384 1209 1456 magistri
1239 1383 1490 1440 thavernicorum
1522 1385 1551 1439 in
1574 1399 1640 1455 pre-

374 1493 509 1550 senciam
532 1491 664 1549 deventa
687 1494 844 1550 extitisset.
861 1492 940 1565 lpsis
961 1490 1093 1563 denique
1116 1491 1259 1564 partibus
1283 1489 1415 1560 tandem,
1436 1491 1467 1546 in
1484 1495 1567 1546 certo
1583 1495 1640 1546 ter-

372 1599 458 1655 mino
482 1599 594 1656 litteris
616 1600 681 1656 suis
703 1600 734 1656 in
758 1597 874 1656 eisdem
898 1597 1083 1672 specificato,
1100 1598 1131 1654 in
1155 1595 1255 1668 figura
1278 1595 1384 1653 iudicii
1406 1596 1504 1669 ipsius
1524 1595 1639 1652 domini

372 1703 540 1774 Laurencii,
566 1720 604 1761 ex
627 1708 714 1778 parte
737 1704 867 1777 capituli
890 1705 1008 1776 agentis
1039 1703 1187 1775 magister
1211 1702 1387 1759 Demetrius
1409 1701 1639 1759 archidiaconus

374 1817 405 1866 et
428 1810 575 1881 magister
598 1810 773 1882 Dyonisius,
791 1811 927 1868 canonici
950 1811 1047 1884 ipsius
1063 1809 1192 1866 ecclesie
1208 1809 1424 1880 zagrabiensis
1445 1815 1509 1866 tam
1533 1823 1590 1882 pro
1608 1823 1639 1864 se

375 1930 468 1987 quam
502 1931 559 1988 pro
588 1916 697 1973 eodem
728 1924 793 1974 toto
823 1917 960 1990 capitulo
992 1931 1062 1973 cum
1093 1916 1315 1988 procuratoriis
1349 1916 1460 1972 litteris
1491 1913 1635 1977 eiusdem.

377 2035 434 2094 pro
458 2027 545 2094 parte
567 2027 671 2079 autern
695 2021 849 2079 dictorum
869 2023 985 2080 civium
1001 2030 1032 2078 et
1050 2023 1207 2094 hospitum
1224 2020 1384 2093 Mykoleth
1400 2020 1532 2078 condam
1548 2019 1637 2076 iudex

372 2133 402 2183 et
432 2126 508 2208 Jaxe
537 2127 702 2194 aurifaber,
734 2133 805 2185 tune
837 2129 920 2186 cives
950 2129 1041 2185 iurati
1065 2128 1103 2185 de
1134 2126 1233 2185 Grecz
1258 2127 1404 2200 predicta,
1429 2126 1522 2184 modo
1543 2126 1637 2184 simili

374 2246 480 2288 coram
503 2232 572 2305 ipso
595 2232 721 2290 domino
745 2234 915 2290 laurencio
938 2240 1163 2307 comparentes,
1186 2239 1251 2290 tam
1275 2249 1369 2306 super
1392 2235 1542 2306 premisso
1557 2232 1639 2290 facto

286 2405 291 2416 .
373 2339 623 2411 possessionario,
640 2355 735 2412 quam
752 2346 781 2397 et
794 2339 863 2397 aliis
876 2339 1035 2413 premissis
1047 2340 1182 2412 negociis
1194 2347 1267 2396 tunc
1278 2340 1455 2412 propositis,
1470 2340 1637 2410 litterisque

371 2446 402 2501 in
423 2443 540 2502 eisdem
570 2445 757 2518 specificatis
788 2446 985 2503 causantibus
1008 2453 1038 2502 et
1061 2446 1263 2517 litigantibus,
1295 2444 1389 2502 iidem
1413 2447 1496 2502 cives
1518 2455 1546 2502 et
1569 2447 1637 2502 hos·

371 2551 452 2623 pites
476 2565 533 2623 pro
556 2567 588 2607 se
612 2557 641 2608 et
665 2568 722 2625 pro
742 2557 805 2609 tota
821 2552 1041 2609 communitate
1064 2551 1188 2608 diversa
1211 2557 1241 2609 et
1264 2552 1454 2624 quamplura
1476 2553 1637 2624 privilegia

370 2656 511 2728 ipsorum
535 2657 790 2730 inconspectum
823 2657 921 2730 ipsius
952 2656 1070 2715 domini
1102 2658 1262 2715 laurencii
1286 2663 1392 2715 contra
1415 2657 1534 2716 dictum
1557 2659 1635 2731 capi-

371 2763 472 2818 tulum
502 2777 559 2834 pro
591 2761 792 2820 defendendis
821 2769 851 2820 et
881 2762 1039 2820 salvandis
1070 2765 1189 2822 iuribus
1212 2765 1353 2837 ipsorum
1377 2764 1586 2821 exhibuissent
1609 2773 1635 2820 et

372 2866 597 2940 produxissent.
629 2865 750 2940 Quibus
782 2867 906 2925 tandem
937 2869 1111 2942 privilegiis
1143 2887 1198 2944 per
1228 2872 1331 2943 ipsum
1366 2869 1528 2928 dominum
1564 2871 1634 2927 lau·

370 2972 509 3029 rencium
533 2973 642 3029 revisis
666 2978 695 3028 et
725 2975 896 3044 ruminatis,
922 2973 1005 3031 idem
1029 2991 1066 3031 ex
1091 2975 1273 3032 eorumdem
1295 2977 1533 3048 privilegiorum
1557 2985 1635 3033 teno

371 3079 458 3135 ribus
481 3083 511 3135 et
534 3079 733 3136 continenciis
757 3079 787 3136 in
812 3080 879 3152 ipsa
901 3096 994 3136 causa
1016 3081 1095 3138 inter
1117 3085 1221 3153 partes
1245 3097 1299 3138 sua
1322 3083 1353 3138 in
1370 3084 1529 3154 presencia
1547 3082 1635 3140 modo

372 3185 524 3256 premisso
547 3191 685 3242 vertente
708 3190 738 3242 et
761 3186 875 3254 habita,
898 3187 1011 3243 seriem
1034 3201 1087 3242 sue
1110 3186 1269 3244 iudiciarie
1291 3187 1528 3247 deliberacionis
1548 3189 1635 3246 variis

374 3291 514 3363 parcium
538 3291 784 3363 allegacionibus
807 3299 837 3360 et
860 3293 1116 3350 altercacionibus
1140 3309 1244 3350 coram
1268 3309 1334 3350 sese
1357 3310 1412 3350 sua
1435 3296 1466 3351 in
1484 3295 1633 3368 presencia

373 3393 469 3466 factis,
493 3395 663 3453 admodum
689 3396 884 3467 declarando
909 3398 1077 3454 ultimatim
1101 3397 1303 3455 deliberando
1327 3399 1535 3472 conclusisset,
1559 3400 1634 3474 quod

374 3502 558 3573 preallegati
581 3503 664 3560 cives
687 3509 717 3560 et
739 3503 877 3575 hospites
900 3503 938 3559 de
961 3502 1058 3560 Grecz
1085 3503 1241 3575 predictas
1265 3506 1473 3577 possessiones
1498 3507 1634 3580 Kobvlya

371 3613 401 3662 et
432 3604 602 3678 vayblyan
634 3614 766 3678 vocatas,
798 3609 960 3680 vigoribus
992 3607 1167 3666 efficacium
1190 3610 1466 3668 instrumentorum
1491 3629 1548 3685 per
1571 3629 1634 3687 pro·

375 3719 549 3770 curatorem
580 3713 736 3798 dictorum
766 3715 881 3772 civium
914 3731 1019 3773 coram
1050 3716 1118 3789 ipso
1149 3715 1276 3773 domino
1300 3717 1469 3774 Laurencio
1492 3719 1634 3791 magistro

371 3819 621 3876 thavernicorum
655 3821 880 3894 productorum
911 3823 987 3896 ipsis
1018 3823 1172 3896 pertinere
1199 3829 1229 3879 et
1252 3839 1270 3880 a
1295 3831 1437 3896 tempore
1460 3825 1634 3882 collacionis

372 3923 552 3981 earumdem
569 3927 798 3998 possessionum
819 3928 895 4000 ipsis
910 3927 997 4000 facte,
1014 3935 1048 3984 ut
1063 3927 1159 3986 iidem
1175 3929 1324 4000 magister
1339 3928 1517 3986 Demetrius
1533 3931 1633 4000 archy-

371 4029 517 4086 diaconus
548 4037 578 4087 et
609 4031 766 4089 Dionisius
797 4048 901 4090 coram
933 4034 1001 4107 ipso
1033 4033 1160 4091 domino
1191 4035 1360 4092 Laurencio
1395 4033 1469 4092 fassi
1504 4033 1633 4094 luissent.

370 4150 495 4208 semper
525 4137 555 4192 in
587 4136 703 4194 eisdem
735 4138 864 4210 pacifice
895 4140 1064 4212 perstitisse
1094 4145 1123 4197 et
1155 4141 1219 4198 sine
1254 4142 1360 4214 aliqua
1393 4141 1633 4199 contradiccione

371 4242 499 4316 capituli
523 4244 659 4300 annotati
682 4245 858 4302 luculenter
881 4246 1150 4316 demonstrassent,
1175 4248 1355 4321 dictumque
1378 4249 1558 4320 capitulum,
1575 4257 1632 4305 tam

371 4354 511 4421 tempore
542 4350 720 4408 statucionis
752 4331 889 4408 eiusdem
921 4354 1122 4424 possessionis
1159 4353 1312 4426 Kobylya,
1347 4369 1441 4426 quam
1477 4354 1633 4412 concordie

369 4460 529 4528 prenotate
554 4455 639 4512 velut
670 4457 715 4513 nil
739 4457 814 4514 iuris
846 4459 953 4530 nilque
986 4460 1183 4531 proprietatis
1205 4460 1236 4516 in
1260 4460 1506 4532 possessionibus
1528 4476 1632 4533 preno-

370 4560 441 4617 tatis
464 4561 691 4619 considerantes
715 4579 747 4620 se
768 4564 892 4635 habere,
914 4565 1020 4636 aliquo
1042 4565 1296 4622 contradiccionis
1312 4566 1474 4623 obstaculo
1490 4583 1546 4640 per
1561 4567 1632 4624 iam·

370 4665 470 4723 fatum
501 4667 661 4724 dominum
694 4669 898 4727 Laurencium
933 4671 1115 4743 magistrum
1147 4673 1398 4728 thavernicorum
1429 4673 1556 4730 minime
1588 4688 1632 4729 re·

370 4779 496 4845 pertum
517 4773 676 4844 extitisset,
701 4776 821 4832 civibus
853 4782 883 4833 et
905 4777 1080 4850 hospitibus
1104 4777 1143 4834 de
1166 4776 1263 4834 Grecz
1286 4779 1456 4851 prenotatis
1485 4779 1631 4847 obviasse,

370 4885 400 4936 et
423 4895 461 4935 ex
484 4895 520 4936 eo
544 4881 626 4954 ipsas
650 4881 859 4954 possessiones
882 4883 1021 4940 amisisse
1045 4889 1074 4939 et
1097 4885 1285 4941 consensisse
1307 4889 1435 4957 propter
1451 4886 1498 4942 sui
1515 4885 1633 4941 tacitur-

371 4986 497 5044 nitatem
522 4993 552 5044 et
576 4993 706 5062 propter
730 4995 908 5062 temporum
924 4989 1157 5048 diuturnitatem
1173 4991 1364 5048 benemerito
1381 4992 1529 5064 potuisset
1544 5005 1633 5048 anno·

1786 735 1789 828 l

1787 867 1789 890 t

1787 931 1789 938 ,
