3824 5806
379 571 441 630 370
750 499 753 504 Ι
800 552 873 610 Doc.
891 547 968 631 387.
992 585 1029 596 —
1047 546 1218 630 An.1396.

380 755 545 812 tinenciam
561 755 735 811 litterarum
751 759 926 810 nostrarum
942 753 1230 826 provocatoriamm
1245 768 1340 826 super
1361 751 1450 810 iactis
1466 752 1496 809 in
1513 751 1645 824 quibus·

378 860 452 917 dam
474 860 585 917 litteris
602 859 715 917 nostris
730 857 961 916 adiudicatoriis
976 864 1007 916 et
1021 858 1150 931 capituli
1166 859 1295 916 ecclesie
1309 858 1515 931 zagrabiensis
1531 857 1644 914 exinde

377 965 668 1040 rescripcionalibus
691 965 848 1034 contentis,
872 965 903 1021 in
926 965 1044 1021 octavis
1067 963 1136 1022 festi
1159 965 1242 1022 beati
1264 963 1391 1036 Georgii
1413 964 1550 1021 martiris
1575 976 1645 1020 mo-

379 1087 452 1129 vere
476 1071 633 1129 habebant
655 1085 761 1128 coram
784 1071 882 1140 nobis,
915 1069 953 1126 de
985 1071 1127 1142 parcium
1153 1070 1313 1128 voluntate
1336 1070 1395 1126 sub
1418 1069 1520 1127 forma
1543 1067 1645 1126 fiende

378 1178 463 1251 pacis
486 1177 525 1234 ad
549 1183 674 1234 octavas
697 1175 766 1232 sesti
789 1176 873 1232 beati
904 1175 1072 1246 Mychaelis
1102 1176 1289 1248 archangeli,
1307 1191 1388 1233 nunc
1410 1182 1565 1254 venturas,
1588 1175 1645 1232 du-

378 1284 481 1340 ximus
505 1281 742 1356 prorogandam.
766 1280 924 1339 Presentes
947 1285 1051 1338 autern
1073 1281 1186 1353 sigillis
1209 1281 1321 1338 nostris
1342 1281 1522 1338 absentibus
1538 1281 1645 1353 sigillo

378 1389 518 1461 magistri
543 1388 665 1444 Martini
688 1387 768 1444 Ders
792 1387 933 1444 vicebani
956 1393 987 1444 et
1009 1388 1131 1444 comitis
1162 1388 1256 1444 nostri
1285 1387 1492 1460 zagrabiensis
1515 1385 1645 1444 fecimus

378 1495 559 1567 consignari.
583 1494 698 1550 Datum
723 1492 881 1565 Zagrabie,
898 1500 1008 1549 octavo
1030 1493 1080 1550 die
1096 1494 1219 1550 termini
1236 1493 1396 1567 prenotati.
1413 1495 1502 1550 Anno
1525 1491 1644 1549 domini

379 1601 490 1658 MCCC
513 1600 713 1672 nonagesimo
736 1603 830 1656 sexto.

469 1753 609 1818 Originale
633 1751 660 1801 in
679 1753 777 1808 charta,
797 1768 812 1800 a
831 1757 908 1816 tergo
927 1751 1069 1816 vestigium
1088 1750 1209 1816 impressi
1229 1750 1321 1816 sigilli.
1343 1750 1374 1800 In
1392 1749 1501 1803 archivo
1521 1751 1568 1801 lib.
1589 1767 1644 1816 reg.

382 1841 453 1892 civit.
473 1841 579 1906 zagrab.

969 2162 1056 2230 38⁷.

487 2340 564 2389 Anno
586 2338 660 2402 1396,
682 2348 720 2402 19.
739 2338 821 2405 Junii.
840 2339 993 2405 Zagrabiae.

381 2485 579 2542 Fideiussores
602 2486 804 2542 nonnullumm
825 2485 970 2542 hoaninum
992 2485 1026 2541 de
1059 2483 1212 2557 Churgmrr,
1236 2502 1306 2558 quos
1327 2484 1430 2540 civitas
1455 2483 1572 2555 zagrub.
1595 2483 1648 2540 sub

372 2590 438 2664 fide
460 2592 584 2648 iussoria
599 2611 614 2648 e
629 2591 789 2648 carceribus
804 2593 945 2660 emiserat,
966 2610 1061 2648 coram
1084 2591 1218 2648 ve'cebano
1239 2590 1373 2646 Martino
1389 2589 1476 2663 Dm,
1500 2589 1647 2662 spondent,

381 2696 487 2754 eosdem
519 2697 640 2754 vinculis
670 2679 771 2754 derum
794 2699 963 2770 mammeri,
986 2697 1067 2754 side
1089 2697 1144 2754 hac
1167 2715 1198 2752 rc
1220 2697 1296 2752 litem
1317 2713 1379 2752 cum
1406 2696 1521 2752 civitate
1547 2696 1647 2769 aliquo

906 2802 986 2859 modo
1004 2802 1129 2858 inierint.

470 2961 534 3019 Nos
557 2963 706 3034 magister
736 2964 886 3021 Martinus
917 2964 1004 3034 Ders‚
1037 2963 1202 3021 vicebanus
1233 2968 1264 3019 el
1293 2977 1397 3020 comes
1431 2961 1646 3034 zagrabiensis.

382 3070 531 3126 Memorie
554 3067 809 3126 commendamus
833 3086 891 3143 per
912 3075 1077 3142 presentes,
1098 3067 1181 3141 quod
1198 3068 1382 3138 Demetrius,
1398 3066 1482 3124 filius
1498 3068 1647 3124 Anthonii

382 3179 412 3230 et
435 3174 558 3244 Paulus,
581 3173 666 3230 filius
689 3174 859 3245 Mychaelis
890 3192 925 3231 ac
953 3177 1116 3258 Johannes,
1140 3173 1224 3231 filius
1249 3173 1330 3231 Petri
1354 3172 1392 3230 de
1416 3172 1583 3242 Churgow‚
1606 3173 1646 3229 ad

382 3283 520 3336 nostram
544 3281 749 3354 personaliter
773 3280 924 3338 veniendo
948 3280 1148 3353 presenciam,
1172 3278 1345 3337 consessum
1370 3279 1470 3336 extitit
1497 3295 1554 3351 per
1580 3293 1647 3335 eos-

384 3384 456 3442 dem
480 3391 590 3459 sponte
611 3391 641 3442 et
663 3386 813 3442 relatum:
838 3385 919 3458 quod
945 3387 1017 3458 quia
1032 3385 1277 3454 Bartholomeus‚
1294 3385 1378 3442 filius
1401 3384 1483 3441 Petri
1506 3390 1536 3442 et
1558 3383 1648 3441 Nico·

382 3491 459 3560 laus,
482 3489 566 3547 filius
589 3491 690 3564 Egidii
713 3507 749 3547 ac
772 3491 954 3564 Stephanus,
977 3491 1062 3548 filius
1083 3492 1211 3562 Thome,
1234 3506 1351 3549 necnon
1374 3491 1536 3574 Johannes‚
1563 3489 1649 3548 filius

383 3595 472 3653 Pauli
495 3595 534 3652 de
557 3597 665 3654 eadem
686 3597 842 3669 Churgow
859 3603 988 3671 propter
1004 3597 1224 3671 potenciariam
1245 3596 1511 3670 perpetracionem
1527 3610 1648 3652 eorum-

383 3701 509 3759 demin
533 3701 636 3759 medio
660 3703 792 3760 civitatis
816 3703 929 3760 montis
952 3701 1114 3760 Grecensis
1137 3702 1175 3758 de
1198 3701 1349 3774 Zagrabia
1374 3700 1460 3772 lacte,
1484 3701 1514 3758 in
1538 3716 1649 3758 manus

383 3807 500 3878 iudicis
524 3809 697 3866 iuratorum
725 3809 841 3866 civium
869 3808 1007 3866 eiusdem
1030 3809 1163 3866 civitatis
1187 3807 1363 3876 inciderant,
1387 3808 1481 3881 culpa
1508 3808 1649 3880 ipsorum

383 3915 566 3986 requirente,
590 3920 620 3971 et
643 3914 769 3972 eosdem
792 3916 852 3988 ipsi
875 3915 914 3972 de
938 3916 1069 3973 vinculis
1086 3916 1225 3988 ipsorum
1241 3915 1357 3971 civium
1374 3913 1552 3971 fideiusoria
1568 3915 1649 3970 evic-

385 4021 471 4077 cione
494 4019 659 4078 adinventa
679 4021 782 4079 taliter
798 4023 989 4096 excepissent
1004 4037 1057 4078 seu
1073 4021 1268 4092 recepissent,
1285 4018 1368 4091 quod
1389 4019 1649 4092 quandocumque

384 4116 549 4182 memorati
572 4127 712 4183 homines
735 4126 773 4183 de
796 4127 953 4199 Churgow
982 4142 1076 4201 super
1104 4125 1263 4200 premissis
1287 4140 1358 4182 cum
1381 4124 1472 4182 dictis
1495 4123 1595 4182 iudice
1617 4097 1649 4181 et

384 4232 492 4288 iuratis
515 4247 550 4289 ac
573 4233 725 4290 universis
756 4234 876 4291 civibus
907 4235 994 4291 litem
1026 4235 1145 4304 inirent,
1176 4240 1288 4290 extunc
1319 4231 1431 4305 prefati
1454 4232 1650 4311 fideiussores

385 4333 559 4393 iterumad
585 4337 723 4410 predicta
747 4339 871 4395 vincula
894 4354 946 4395 eos
977 4344 1110 4396 statuere
1141 4339 1191 4394 vel
1223 4339 1254 4394 in
1281 4337 1392 4394 eodem
1413 4338 1595 4409 gravamine
1619 4339 1649 4394 in

385 4441 468 4514 quod
492 4442 552 4516 ipsi
576 4449 685 4500 eotunc
708 4444 885 4515 inciderant,
902 4452 1008 4502 contra
1031 4447 1115 4518 ipsos
1130 4445 1213 4501 cives
1229 4444 1460 4500 convicerentur
1475 4445 1544 4515 ipso
1560 4441 1650 4512 fact0,

385 4547 561 4605 testimonio
584 4551 777 4622 presencium
808 4549 970 4608 mediante.
1001 4551 1118 4608 Datum
1144 4550 1302 4622 Zagrabie,
1333 4549 1464 4606 infesto
1489 4550 1651 4620 beatmum

386 4651 527 4711 Geruasii
550 4661 580 4711 et
603 4655 755 4713 Prothasii
779 4657 950 4714 martirum.
975 4659 1064 4714 Anno
1087 4655 1205 4714 domini
1229 4655 1397 4712 millesimo
1420 4653 1498 4711 CCC
1518 4669 1651 4725 nonage-

386 4759 466 4816 simo
489 4767 585 4818 sexto
622 4760 627 4772 '

475 4913 615 4978 Originale
635 4913 662 4962 in
681 4915 779 4974 charta,
798 4931 813 4965 a
832 4922 908 4981 tergo
928 4916 1069 4982 vestigium
1089 4913 1173 4980 sigilli
1193 4912 1323 4978 impressi.
1343 4912 1373 4962 ln
1398 4912 1506 4962 archivo
1526 4912 1572 4962 lib.
1595 4927 1650 4978 reg.

400 5000 473 5052 civit.
492 5003 596 5068 zagrab.
