3854 5806
712 573 859 632 Addenda.
884 608 919 616 -
939 575 994 638 Aa
1018 571 1108 652 1346.
1478 593 1538 653 445

279 679 665 690 ..ψ-.-

277 775 435 845 universis,
459 773 544 847 quod
566 789 621 831 nos
645 791 716 832 cum
738 774 846 848 probis
877 779 907 830 et
935 774 1069 831 honestis
1093 773 1168 832 viris
1192 774 1353 833 Francisco
1377 775 1478 832 iudice
1502 791 1538 832 ac

276 882 427 944 universis
450 882 572 939 civibus
596 881 634 938 de
657 886 762 938 monte
785 879 886 938 Grech
918 879 1097 938 huiusmodi
1129 881 1390 954 composicionem
1413 897 1467 939 seu
1491 897 1540 940 or-

277 987 468 1044 dinacionem
494 987 629 1046 vicissim
653 986 799 1043 duximus
823 985 1035 1056 ordinandam,
1060 985 1143 1059 quod
1167 987 1272 1044 nullus
1295 987 1483 1046 creditorum
1502 1005 1540 1046 ex

276 1094 388 1150 nostris
411 1094 508 1166 possit
532 1093 710 1166 quempiam
734 1099 858 1149 autres
882 1092 978 1165 ipsius
1002 1107 1059 1164 pro
1083 1090 1188 1148 debito
1213 1093 1313 1150 alieno
1338 1093 1376 1150 de
1400 1092 1439 1150 ad
1456 1095 1540 1167 ipsos

277 1199 502 1271 pertinentibus
534 1198 694 1272 impedire,
725 1199 781 1255 nisi
814 1198 900 1271 prius
934 1197 1040 1254 habita
1072 1199 1272 1270 inquisicione
1307 1205 1377 1256 ante
1408 1199 1541 1258 iudicem

277 1305 435 1378 ipsorum;
458 1319 513 1362 nec
536 1305 633 1379 possit
657 1305 733 1362 civis
756 1305 916 1378 captivari,
940 1304 965 1360 si
986 1303 1024 1360 ad
1049 1304 1235 1361 solvendum
1258 1321 1318 1362 non
1343 1306 1541 1378 subpeterent

277 1409 455 1481 facultates,
477 1410 531 1468 sed
557 1411 763 1484 possessiones
785 1411 882 1484 ipsius
905 1425 963 1483 pro
987 1409 1092 1466 debito
1115 1426 1222 1467 secure
1245 1411 1418 1469 vendantur
1426 1431 1433 1482 ;
1466 1415 1539 1470 etsi

277 1518 395 1574 iusticia
422 1516 577 1574 mediante
600 1517 718 1575 solacio
742 1517 811 1574 fieri
837 1533 897 1575 non
929 1523 1040 1590 posset,
1066 1523 1178 1573 extunc
1200 1517 1317 1574 nullius
1341 1518 1468 1576 alterius
1491 1537 1540 1576 res

277 1624 395 1696 possint
418 1623 572 1697 impediri
596 1629 700 1696 preter
730 1624 827 1681 solius
858 1623 1014 1682 debitoris.
1047 1623 1161 1680 Datum
1193 1623 1343 1696 Zagrabie
1373 1626 1402 1682 in
1433 1627 1541 1698 vigilia

277 1729 359 1787 beati
382 1731 496 1787 Mathei
519 1730 652 1803 apostoli
673 1735 702 1787 et
722 1731 929 1802 ewangeliste.
955 1731 1042 1786 Anno
1067 1728 1183 1786 domini
1210 1730 1407 1787 MCCCXXX
1424 1732 1540 1804 quinto.

286 1871 290 1882 ’
364 1867 440 1932 Orig.
461 1866 486 1915 in
508 1867 665 1926 membrana,
686 1882 700 1915 a
721 1875 796 1932 tergo
817 1866 958 1931 vestigium
977 1865 1069 1929 sigilli.
1090 1866 1118 1914 ln
1139 1865 1209 1914 arch.
1230 1867 1309 1916 Aeaci.
1329 1869 1417 1918 scient.
1437 1869 1539 1920 Siavor.

275 1955 440 2006 meridional.

889 2154 926 2218 4.

376 2296 456 2375 ¹Anno
478 2295 552 2356 1340,
575 2305 612 2344 ll.
634 2295 735 2360 aprilis.
757 2295 787 2344 In
807 2293 946 2360 Vibegrad.

287 2427 291 2444 ¹
320 2423 466 2482 &triennit
489 2423 645 2482 Laurentii
668 2425 803 2498 tnagisfrl
823 2423 1037 2480 tavarnicorum
1060 2421 1094 2479 de
1109 2422 1229 2499 Kobr'lja
1252 2431 1280 2481 et
1301 2422 1437 2500 Svibljan
1460 2425 1490 2481 in

673 2527 828 2604 capitulum
850 2529 1160 2604 zagrabt'enscscrtur.

364 2675 427 2733 Nos
450 2675 636 2750 Laurencius
652 2676 799 2748 magister
814 2675 1043 2732 tavarnicorum
1060 2674 1177 2732 domini
1198 2675 1353 2734 Lodouici.
1372 2675 1421 2732 dei
1437 2676 1539 2747 gracia

276 2781 405 2838 illustris
428 2781 509 2853 regis
544 2781 701 2853 Hungarie
732 2787 762 2838 et
792 2761 896 2837 comes
927 2781 1088 2836 nitriensis.
1114 2781 1261 2838 Memorie
1288 2780 1538 2838 commendantes

274 2885 484 2956 significamus
507 2891 610 2942 tenore
642 2886 834 2959 presencium
866 2886 980 2958 quibus
1009 2885 1135 2958 expedit
1169 2887 1328 2958 universis,
1356 2887 1438 2960 quod
1465 2904 1537 2944 cum

275 2989 457 3048 honorabile
480 2991 652 3064 capitulum
669 2991 797 3068 ecclesie
816 2991 1038 3062 zagrabiensis:
1056 2990 1186 3048 Stanech
1210 2990 1352 3048 villicum
1368 2991 1406 3048 de
1426 2992 1536 3060 Grech‚

274 3096 351 3178 Jaxe
384 3096 588 3167 aurifabrum,
625 3097 778 3179 Jacobum
814 3097 1035 3167 monetarium,
1071 3097 1239 3168 'fhomam,
1279 3097 1380 3155 filium
1419 3097 1539 3168 Welch,

276 3201 429 3274 chhata‚
447 3203 534 3272 Alen,
551 3201 687 3274 Strusalr,
711 3203 894 3260 Michaelem
922 3202 1039 3260 dictum
1060 3202 1193 3276 Luphud
1217 3211 1247 3260 et
1270 3203 1404 3274 Petrum,
1422 3203 1539 3261 dictum

276 3309 402 3381 Pulyan‚
426 3310 550 3381 iuratos,
574 3327 629 3368 nec
653 3326 714 3368 non
737 3311 820 3367 cives
846 3315 875 3366 et
898 3309 1037 3382 hospites
1061 3309 1099 3366 de
1123 3309 1230 3366 eadem
1247 3309 1349 3367 Grech
1368 3310 1537 3380 universos,

274 3421 400 3488 accepto
435 3416 559 3472 homine
589 3417 675 3489 regio
717 3417 776 3472 sub
811 3415 985 3472 testimonio
1020 3415 1212 3472 honorabilis
1247 3415 1374 3488 capituli
1411 3415 1539 3472 ecclesie

275 3523 604 3595 quinqueecclesiensis
639 3523 677 3580 ad
713 3527 837 3580 octavas
873 3521 941 3579 festi
974 3523 1219 3598 Epiphaniarum
1251 3521 1367 3579 domini
1398 3523 1429 3580 in
1459 3537 1539 3580 anno

275 3629 413 3687 eiusdem
437 3629 603 3686 MCCCXL
632 3629 727 3686 tercio
758 3627 795 3684 ad
828 3628 911 3700 regie
941 3629 1109 3684 maiestatis
1142 3629 1331 3701 presenciam
1360 3629 1389 3685 in
1413 3643 1537 3686 causam

274 3736 457 3804 attraxisset,
471 3734 640 3807 eademque
652 3749 744 3791 causa
756 3735 840 3791 iuxta
852 3735 1075 3791 continenciam
1091 3734 1266 3791 litterarum
1279 3732 1396 3790 domini
1419 3733 1538 3790 Thome

275 3841 431 3914 quondam
467 3840 612 3912 voyvode
644 3840 832 3908 transilvani,
869 3847 941 3896 tunc
975 3841 1090 3896 honore
1126 3839 1295 3911 magisterii
1331 3839 1537 3896 tavarnicatus

275 3947 469 4020 prefulgente
494 3953 523 4003 et
546 3947 668 4003 comitis
691 3945 729 4002 de
760 3944 877 4018 Scepus
908 3953 937 4001 el
968 3944 1006 4002 de
1031 3945 1157 4017 Wyuar,
1179 3945 1301 4001 accione
1328 3943 1466 4002 eiusdem
1490 3959 1537 4000 ca-

276 4053 366 4126 pituli
389 4053 517 4110 ecclesie
545 4053 752 4124 zagrabiensis
783 4053 812 4108 in
846 4051 926 4108 facto
959 4051 1198 4124 possessionario
1229 4055 1396 4106 contestata
1425 4049 1462 4106 ad
1487 4066 1537 4106 oc-

274 4165 361 4217 tavas
386 4159 454 4216 festi
480 4159 690 4216 Penthecostes
723 4165 794 4214 tunc
817 4158 976 4226 affuturas,
1002 4165 1175 4230 prorogata,
1204 4157 1233 4213 in
1265 4157 1379 4228 quibus
1407 4171 1467 4213 una
1489 4171 1537 4213 ae-

274 4266 361 4323 cione
385 4267 480 4339 ipsius
503 4265 631 4338 capituli
654 4265 860 4337 zagrabiensis
883 4279 976 4336 super
1001 4262 1080 4320 facto
1103 4261 1263 4319 cuiusdam
1295 4260 1400 4318 fossati
1436 4262 1538 4319 taliter

275 4374 442 4446 proposita,
467 4372 550 4444 qnod
575 4373 634 4445 ipsi
657 4372 794 4444 hospites
814 4372 872 4427 sub
893 4377 997 4426 monte
1021 4376 1050 4426 et
1074 4369 1103 4426 in
1128 4368 1218 4425 metis
1242 4367 1321 4424 dicte
1345 4368 1478 4424 civitatis
1499 4367 1537 4424 de

275 4478 375 4534 Grech
400 4477 556 4550 quoddam
582 4477 730 4533 fossatum
755 4476 882 4550 propria
909 4490 1015 4531 eorum
1032 4475 1212 4531 auctoritate
1229 4479 1259 4530 et
1275 4473 1416 4546 potencia
1432 4472 1537 4530 fodere

275 4584 449 4657 incipiendo
472 4589 501 4640 et
524 4582 618 4640 finem
642 4581 767 4639 eiusad
793 4588 905 4638 terram
930 4581 1002 4637 dicti
1026 4581 1155 4653 capituli
1186 4578 1375 4648 deducendo,
1404 4577 1536 4651 quedam

273 4706 354 4764 aqua
374 4707 430 4764 per
454 4691 556 4763 ipsum
580 4689 729 4746 fossatum
761 4687 891 4764 deducta
915 4695 1029 4745 terram
1054 4687 1150 4760 ipsius
1174 4687 1303 4759 capituli
1326 4684 1535 4742 destruxisset.

276 4798 306 4854 ln
337 4813 471 4870 quorum
503 4797 700 4864 contrarium,
729 4795 953 4868 preallegatum
983 4794 1133 4851 fossatum
1164 4799 1193 4849 et
1224 4798 1337 4849 terram
1369 4790 1407 4847 ad
1440 4806 1533 4863 quam

274 4903 343 4960 finis
367 4905 431 4960 eius
456 4903 560 4960 fossati
593 4903 776 4975 perveniret,
796 4903 874 4958 intra
905 4905 1001 4957 metas
1032 4899 1111 4956 dicte
1142 4897 1276 4958 civitatis
1319 4904 1535 4970 procuratores

273 5009 455 5067 eorumdem
478 5010 636 5082 hospitum
666 5007 805 5064 adiacere
827 5007 1007 5078 allegarent.
1024 5006 1069 5061 De
1093 5003 1335 5078 quibusquidem
1351 5005 1468 5060 octavis
1488 5004 1531 5058 in·
