3728 5806
389 573 451 631 300
766 556 840 614 Duc.
858 553 933 633 318.
952 569 1027 634 319.
1056 593 1091 600 -
1117 560 1173 617 An.
1198 553 1289 636 1384.

387 757 533 830 proxima
555 763 625 814 ante
642 755 755 816 testum
774 757 870 815 sancti
886 756 1012 830 Georgii
1028 759 1171 816 martiris.
1189 759 1278 816 Anno
1294 758 1413 816 domini
1428 757 1651 816 MCCCLXXX

390 867 509 936 quarto.

476 983 497 1032 E
516 987 680 1047 transumpto
699 983 824 1048 Stephani
844 989 870 1034 et
887 985 1014 1051 Johannis
1034 987 1067 1035 de
1086 984 1198 1042 Lindva,
1217 984 1356 1040 banorum.
1376 989 1405 1032 ut
1424 981 1500 1032 inira.

476 1089 560 1138 Causa
579 1089 614 1138 ob
633 1104 712 1152 quam
731 1089 836 1139 Dikava
855 1089 881 1139 in
901 1090 1011 1140 exilium
1031 1089 1108 1140 missa
1127 1096 1183 1140 erat
1202 1091 1343 1140 adnotatur
1369 1087 1396 1138 in
1421 1089 1566 1152 quadernis
1588 1088 1649 1138 civi·

389 1177 450 1228 tatis
469 1176 647 1242 zagrabiensis
671 1177 712 1227 his
731 1178 833 1228 verbis:
858 1179 953 1247 „Feria
978 1178 1060 1228 tercia
1079 1177 1203 1244 proxima
1222 1181 1283 1243 post
1301 1177 1396 1228 testum
1414 1177 1499 1227 saneti
1517 1177 1651 1228 Anthouii.

388 1265 418 1330 (i.
438 1282 459 1316 e.
479 1281 546 1316 anno
575 1267 648 1326 1384,
678 1275 715 1329 19.
740 1266 885 1332 Januarii.)
910 1267 984 1326 Item,
1010 1269 1082 1332 quod
1108 1267 1171 1332 quia
1190 1267 1295 1317 Dikaua
1314 1265 1418 1324 mulier,
1438 1265 1532 1316 relicta
1551 1265 1651 1315 Crisani

387 1354 414 1404 in
439 1353 575 1420 presencia
600 1353 719 1420 magistri
749 1355 946 1406 tavarnicorum
971 1361 997 1406 et
1022 1354 1105 1406 eciam
1123 1371 1211 1405 coram
1230 1355 1307 1406 nobis
1325 1361 1417 1404 contra
1436 1352 1519 1403 filiam
1538 1359 1652 1404 suamet

386 1443 407 1492 F
409 1441 554 1492 ranciscum
567 1443 677 1492 condam
692 1441 814 1502 iudicem,
829 1460 964 1510 generum,
977 1446 1104 1509 quasdam
1117 1443 1196 1494 falsas
1208 1444 1312 1494 litteras
1324 1443 1476 1492 exhibuisse
1490 1448 1527 1492 est
1538 1447 1652 1507 reperta;

388 1531 447 1580 ideo
468 1545 579 1580 unacum
599 1530 726 1596 magistro
753 1532 950 1583 tavernicorum
974 1533 1056 1582 eciam
1076 1532 1189 1598 reginali
1209 1533 1332 1582 mandato
1352 1529 1551 1588 interveniente,
1571 1530 1653 1594 ipsam

387 1618 519 1668 Dikauom
545 1626 620 1667 extra
645 1618 779 1669 civitatem
804 1619 973 1670 licenciamus
998 1627 1023 1671 et
1048 1623 1139 1670 eadem
1161 1637 1294 1684 nunquam
1314 1622 1346 1669 de
1365 1625 1454 1668 cetero
1474 1618 1500 1668 iu
1521 1618 1652 1668 civitatem

388 1705 487 1756 intrare
507 1706 604 1771 possit,
623 1706 646 1756 si
666 1721 729 1756 vero
750 1707 776 1756 in
795 1707 903 1758 civitate
922 1715 1028 1774 reperta
1046 1708 1136 1768 luerit,
1156 1715 1217 1758 tunc
1236 1709 1268 1757 de
1289 1707 1346 1773 ipsa
1359 1705 1477 1757 vindicta
1491 1713 1652 1772 sumpmatur

388 1795 463 1845 iuxta
480 1794 632 1845 libertatem
652 1795 792 1846 civitatis“.

977 1975 1058 2040 318.

492 2097 568 2145 Anno
594 2097 664 2156 1384,
687 2097 724 2147 18.
745 2096 814 2146 maii.
835 2098 988 2164 Zagrabiae.

392 2225 556 2298 Capitulum
571 2225 688 2296 zagrab.
708 2226 827 2295 litteras,
843 2227 944 2300 qrcr'bus
960 2227 1109 2283 Elisabeth
1132 2226 1234 2298 regina
1250 2225 1435 2297 Hungariae,
1451 2223 1560 2280 civibus
1582 2222 1654 2280 Gre-

386 2329 532 2388 eliensibus
554 2338 693 2404 expensas
714 2331 770 2388 sibi
782 2333 885 2406 sactes
907 2352 926 2388 α
949 2332 1144 2405 r'obngionibus
1167 2331 1290 2388 bassatus
1304 2330 1443 2387 resarcr'ri
1456 2329 1550 2404 jubet,
1573 2335 1651 2384 tram

964 2439 1069 2496 scribit.

476 2580 539 2637 Nos
562 2581 734 2654 capitulum
750 2582 878 2638 ecclesie
894 2583 1108 2654 zagrabiensis.
1126 2582 1273 2639 Memorie
1290 2579 1554 2648 commendamus
1572 2577 1651 2650 quod

388 2685 535 2743 accedens
558 2685 598 2742 ad
621 2692 757 2743 nostram
783 2688 972 2759 presenciam
990 2685 1187 2758 laurencius
1203 2687 1295 2744 iudex
1312 2685 1445 2742 civitatis
1462 2683 1653 2753 Grechensis‚

388 2797 496 2849 suaet
520 2793 550 2849 in
574 2793 712 2866 personis
743 2793 840 2850 tocius
873 2795 1102 2851 communitatis
1134 2793 1275 2850 exhibuit
1306 2799 1335 2849 et
1364 2791 1543 2864 apportavit
1567 2790 1654 2846 nobis

392 2897 542 2970 quasdam
575 2897 693 2954 litteras
724 2899 917 2956 serenissime
948 2901 1096 2973 principis
1127 2899 1252 2956 domine
1283 2897 1449 2968 Elisabeth,
1480 2895 1530 2953 dei
1554 2896 1654 2968 gracia

390 3005 493 3076 regine
517 3004 683 3076 ilungarie,
709 3005 843 3075 polonie,
860 3005 1019 3063 Dalmaeie
1036 3011 1099 3076 etc,
1116 3005 1241 3062 domine
1257 3011 1360 3062 nostre
1376 3003 1534 3073 naturalis,
1551 3002 1654 3074 sigillo

388 3109 454 3166 eius
478 3110 590 3167 minori
612 3111 653 3166 ab
677 3110 756 3168 intra
780 3111 980 3183 consignatas,
1004 3118 1111 3186 petens
1134 3128 1198 3183 nos,
1222 3117 1256 3169 ut
1279 3110 1402 3168 easdem
1431 3109 1469 3166 de
1492 3109 1590 3165 verbo
1614 3105 1651 3164 ad

388 3217 522 3272 verbum
557 3216 719 3273 transcribi
743 3221 773 3273 et
795 3216 892 3288 sigilli
922 3219 1018 3274 nostri
1050 3219 1249 3292 appositione
1276 3215 1450 3288 consignari
1482 3213 1653 3271 faceremus

389 3314 521 3400 (eorum)
544 3322 583 3378 ad
608 3322 769 3379 cautelam.
793 3322 934 3395 Quarum
958 3329 1045 3382 tenor
1068 3325 1138 3381 talis
1161 3328 1207 3380 est
1232 3315 1306 3401 (vid.
1327 3339 1370 3378 nr.
1389 3321 1460 3393 316,
1482 3337 1507 3377 1.
1524 3313 1652 3394 aprilis).

389 3428 452 3484 Nos
476 3429 570 3500 igitur
600 3428 687 3485 iustis
719 3433 749 3484 et
780 3427 941 3500 condignis
971 3431 1176 3504 peticionibus
1208 3429 1304 3502 ipsius
1336 3426 1445 3484 iudicis
1480 3431 1654 3495 annuentes,

391 3534 488 3592 dietas
513 3535 631 3591 litteras
655 3534 779 3592 domine
803 3543 906 3592 nostre
922 3538 1026 3609 regine
1042 3536 1180 3610 predicte
1197 3535 1234 3592 de
1251 3535 1349 3591 verbo
1369 3532 1407 3590 ad
1425 3532 1558 3589 verbum
1576 3535 1655 3588 tran·

391 3640 486 3697 scribi
509 3640 639 3696 fecimus
662 3646 691 3698 et
721 3641 825 3712 sigillo
856 3647 961 3699 nostro
993 3643 1185 3700 communiri.
1216 3642 1333 3698 Datum
1357 3641 1387 3697 in
1419 3639 1529 3710 vigilia
1555 3653 1655 3694 ascen·

394 3748 488 3804 sionis
512 3746 637 3804 domini.
661 3749 751 3804 Anno
772 3749 909 3805 eiusdem
934 3749 1044 3806 MCCC
1066 3748 1276 3821 octuagesimo
1300 3751 1418 3820 quarto.

479 3864 618 3928 (lriginale
646 3864 671 3914 in
699 3864 796 3923 charta,
822 3881 838 3914 a
863 3873 939 3930 tergo
961 3866 1115 3930 impressum
1138 3870 1177 3914 est
1195 3864 1314 3930 sigillum
1333 3861 1451 3929 capituti.
1472 3861 1502 3911 ln
1521 3861 1591 3910 arch.
1609 3860 1654 3909 lib.

390 3967 444 4016 reg.
465 3951 514 4002 civ.
534 3954 638 4018 zagrab.
659 3953 752 4003 Exstat
771 3970 876 4018 quoque
897 3954 924 4003 in
943 3955 1058 4020 simplici
1080 3953 1157 4019 copia
1175 3953 1202 4003 in
1219 3953 1290 4002 arch.
1305 3953 1384 4002 Acad.
1399 3949 1495 4001 Scient.
1509 3951 1580 4001 Slar.
1593 3963 1653 3997 mer.

978 4203 1062 4269 319.

480 4311 554 4357 Anno
577 4310 650 4369 1384,
669 4322 692 4369 4.
713 4307 913 4373 Junii..Budac.

393 4434 557 4508 Stephanus
579 4443 607 4492 ct
622 4436 777 4511 solzcrnncs
799 4436 832 4492 cle
854 4435 982 4492 Lindum
1005 4436 1075 4492 bairi
1099 4435 1258 4493 Slcrvom'ac
1277 4437 1398 4504 litteras,
1417 4434 1519 4508 qui'bus
1535 4433 1655 4489 Dikava

596 4541 625 4596 in
649 4541 767 4597 exilium
790 4543 878 4598 missa
901 4541 1012 4597 dentum
1035 4550 1196 4612 recovaaer,
1222 4547 1456 4599 transsummunt.

483 4685 545 4742 Nos
569 4684 742 4758 Stephanus
765 4691 795 4743 et
817 4687 972 4768 Johannes
996 4687 1034 4744 de
1058 4687 1195 4757 Lindwa,
1209 4688 1297 4759 regni
1313 4684 1476 4743 Sclauonie
1499 4682 1580 4739 bani
1597 4682 1655 4736 Me·

395 4792 492 4848 morie
516 4791 778 4864 commendamus,
803 4791 885 4864 quod
910 4792 1104 4864 laurencius,
1135 4791 1218 4850 filius
1249 4791 1378 4859 Thome,
1410 4788 1503 4846 iudex
1526 4785 1656 4844 civitatis

395 4897 508 4954 montis
532 4896 723 4968 Grechensis‚
747 4897 783 4954 ad
810 4902 947 4955 nostram
965 4899 1168 4972 personaliter
1184 4897 1335 4955 veniendo
1351 4894 1553 4971 presenciam,
1569 4907 1657 4965 quas·

397 5003 469 5060 dam
493 5003 611 5060 litteras
633 5004 752 5062 Nicolai
769 5004 894 5075 Zambo,
912 5007 1051 5078 magistri
1068 5005 1319 5062 thavarnicorum
1334 5002 1496 5075 regalium,
1512 5003 1657 5073 patentes,
