3728 5806
366 569 426 626 3²2
785 551 859 608 Doc.
872 563 951 628 349.
977 584 1014 593 -
1041 550 1097 608 An.
1122 563 1211 627 1391.

362 749 488 806 Detrico
518 748 633 819 Bubek,
657 749 744 821 regni
774 750 871 806 nostri
901 747 1064 807 Sclauonie
1090 749 1181 822 bano,
1204 750 1337 808 salutem
1362 757 1391 808 et
1414 751 1560 824 graciam.
1585 751 1630 808 Ex

364 859 530 930 querulosa
553 857 779 931 significacione
798 856 940 914 fidelium
957 858 1072 915 civium
1089 863 1119 914 et
1135 858 1294 932 hospitum
1313 863 1492 915 nostrorum
1516 857 1555 914 de
1577 856 1631 914 Za·

363 965 471 1036 grabia
494 965 584 1021 nobis
608 963 689 1021 facta
704 964 924 1034 intelleximus
941 963 1098 1036 quomodo
1114 964 1296 1022 honorabile
1313 965 1488 1038 capitulum
1504 963 1630 1021 ecclesie

363 1071 569 1142 zagrabiensis
593 1071 677 1144 ipsos
701 1075 830 1144 propter
853 1068 1102 1128 interteccionem
1126 1069 1285 1127 cuiusdam
1302 1069 1466 1128 familiaris
1481 1071 1630 1144 ipsorum,

363 1178 476 1234 notorii
499 1175 718 1246 malefactoris,
750 1192 809 1250 pro
839 1177 902 1234 suis
930 1177 1105 1234 excessibus
1129 1177 1160 1234 in
1183 1176 1289 1233 medio
1312 1177 1408 1250 ipsius
1431 1177 1565 1234 civitatis
1587 1177 1632 1232 le·

362 1283 483 1354 gittime
507 1281 629 1354 saetam,
654 1283 750 1340 vestri
775 1283 805 1340 in
828 1283 1020 1356 presenciam
1032 1283 1063 1340 in
1079 1298 1205 1340 causam
1220 1283 1411 1352 atraxissent,
1428 1289 1458 1340 et
1474 1297 1530 1339 vos
1547 1283 1630 1354 ipsos

362 1389 402 1446 ad
426 1404 532 1446 eorum
564 1389 778 1462 requisicionis
805 1389 986 1446 instanciam
1013 1395 1117 1446 vestro
1148 1389 1262 1446 iudicio
1292 1393 1392 1446 astare
1415 1387 1572 1455 fecissetis,
1595 1405 1631 1445 ac

362 1495 559 1569 superfacto
584 1497 724 1569 potencie
747 1502 853 1553 contra
876 1495 994 1553 dictum
1015 1495 1187 1569 capitulum
1211 1495 1368 1552 convictos
1399 1493 1466 1552 fore
1495 1509 1630 1568 pronun·

363 1603 498 1660 ciassetis
522 1602 553 1659 in
570 1601 777 1676 preiudicium
793 1603 868 1660 iuris
885 1603 1024 1676 ipsorum
1044 1609 1137 1675 atque
1153 1601 1339 1674 derogamen
1357 1601 1450 1659 valde
1465 1617 1630 1674 magnum;

362 1725 434 1766 cum
454 1715 557 1766 tamen
581 1708 675 1766 iidem
700 1709 783 1766 cives
806 1723 842 1766 ac
865 1709 1003 1782 hospites
1018 1709 1116 1766 nostri
1131 1709 1253 1765 racione
1269 1708 1422 1765 iilacionis
1437 1709 1628 1776 iniuriarum,

362 1816 572 1888 dampnorum
602 1821 632 1872 et
662 1819 928 1886 nocumentorum,
960 1831 1020 1888 que
1052 1830 1109 1888 per
1139 1815 1320 1888 quempiam
1349 1814 1393 1871 eis
1420 1813 1628 1886 inpinguntur,

362 1938 423 1979 non
454 1927 566 1992 vestm,
602 1920 656 1978 sed
687 1921 828 1993 magistri
859 1921 1090 1978 tavarnicorum
1117 1920 1270 1992 regalium
1294 1919 1407 1976 iudicio
1430 1919 1628 1976 subiciantur.

362 2027 466 2100 Quare
499 2033 600 2085 vestre
630 2027 774 2084 fidelitati
807 2027 938 2100 firmiter
968 2026 1126 2098 edicimus,
1157 2032 1307 2100 quatenus
1331 2027 1406 2083 visis
1429 2026 1629 2098 presentibus

361 2139 461 2191 totum
483 2149 664 2207 processum
685 2133 757 2191 facti
772 2135 917 2207 premissi
932 2135 1099 2190 simulcum
1116 2133 1227 2190 litteris
1244 2131 1441 2189 iudicialibus
1457 2130 1630 2204 quomodo·

361 2256 495 2314 cumque
518 2256 610 2297 causa
632 2241 663 2298 in
686 2241 839 2314 premissa
862 2239 1007 2297 confectis
1031 2245 1060 2297 et
1083 2240 1241 2308 emanatis,
1258 2254 1334 2311 quas
1351 2253 1406 2294 nos
1423 2239 1536 2295 harum
1551 2237 1629 2293 serie

361 2347 507 2404 duximus
530 2345 720 2404 revocandas
743 2351 773 2404 et
793 2363 849 2420 per
865 2347 970 2404 omnia
985 2347 1106 2403 viribus
1122 2347 1280 2417 carituras,
1296 2361 1450 2416 revocare,
1465 2346 1629 2418 ipsamque

360 2467 485 2509 causam
509 2457 589 2509 statu
612 2453 644 2510 in
667 2452 777 2509 eodem
800 2453 918 2526 absque
941 2453 1025 2510 omni
1045 2453 1226 2524 gravamine
1250 2451 1290 2509 ad
1312 2452 1504 2524 presenciam
1530 2452 1630 2524 ipsius

361 2560 502 2630 magistri
525 2560 777 2616 thavarnicorum
800 2565 978 2616 nostrorum
1002 2560 1209 2616 transmittere
1232 2557 1371 2615 debeatis
1392 2574 1450 2632 per
1469 2557 1574 2630 ipsum
1591 2556 1629 2612 de

360 2681 442 2721 novo
466 2665 694 2722 discuciendam
724 2671 754 2722 et
777 2665 838 2722 fine
862 2665 968 2722 debito
989 2665 1263 2735 determinandam,
1281 2665 1403 2738 penitus
1419 2679 1475 2720 vos
1492 2665 1523 2720 in
1539 2663 1629 2720 nullo

361 2787 485 2828 causam
509 2771 548 2828 ad
573 2772 756 2843 premissam
789 2771 1038 2841 intromittend0;
1070 2777 1099 2828 et
1129 2771 1214 2828 aliud
1242 2786 1303 2828 non
1327 2770 1445 2827 facturi.
1470 2769 1629 2826 Presentes

360 2883 463 2934 autem
487 2884 556 2950 post
580 2878 732 2934 lecturam
755 2877 844 2934 reddi
869 2878 1012 2935 iubemus
1035 2878 1231 2950 presentanti.
1255 2877 1370 2934 Datum
1394 2877 1425 2933 in
1441 2876 1628 2948 Posegauar,

360 2982 437 3040 feria
468 2991 577 3056 quarta
606 2985 749 3056 proxima
780 2989 850 3040 ante
885 2983 997 3040 festum
1033 2985 1200 3040 nativitatis
1236 2983 1324 3039 beate
1358 2982 1455 3039 Marie
1490 2981 1628 3053 virginis.

360 3091 450 3146 Anno
474 3089 592 3146 domini
617 3090 786 3146 millesimo
810 3089 1023 3146 tercentesimo
1046 3090 1246 3162 nonagesimo
1269 3089 1379 3162 primu.

449 3206 589 3272 Originale
609 3206 635 3255 in
654 3208 813 3265 membrana,
833 3206 952 3272 sigillum
973 3205 1138 3270 impressum.
1158 3205 1188 3256 In
1207 3205 1305 3256 archiv.
1326 3208 1342 3256 1.
1363 3221 1383 3254 r.
1404 3204 1453 3254 civ.
1474 3207 1580 3272 zagrah.

945 3403 1036 3468 349.

464 3493 541 3540 Anno
564 3501 637 3553 1391.

359 3601 482 3658 Detrius
503 3602 602 3658 Bubek
623 3603 722 3670 banus,
747 3601 914 3658 mandatum
939 3599 1120 3672 Segismundi
1140 3602 1216 3674 regis
1238 3600 1271 3656 de
1292 3600 1418 3657 sistenda
1438 3618 1528 3657 causa
1550 3602 1631 3658 inter

358 3708 514 3780 episcopum
536 3709 652 3780 zagrab.
676 3715 705 3764 et
724 3709 797 3764 cives
828 3707 1000 3764 Greclzenses
1014 3714 1074 3780 pro
1088 3707 1223 3764 sedecima
1238 3714 1328 3780 parte
1343 3707 1515 3764 decimamm
1543 3715 1627 3764 tran-

937 3812 1044 3871 scribit.

446 3939 510 3996 Nos
533 3940 675 3996 Detricus
700 3939 814 4010 Bubek,
843 3941 930 4012 regni
960 3938 1123 3996 Sclauonie
1155 3940 1261 3996 banus.
1297 3939 1445 3996 Memorie
1469 3954 1627 3996 commen-

359 4045 469 4102 damus
500 4045 584 4117 quod
619 4061 697 4102 anno
729 4046 846 4102 domini
880 4046 1049 4103 millesimo
1085 4045 1162 4102 CCC
1201 4046 1400 4118 nonagesimo
1431 4047 1543 4118 primo,
1577 4047 1627 4101 vir

359 4151 510 4223 providus
534 4151 697 4222 Myklinus,
723 4151 806 4208 filius
829 4151 977 4232 Johannis
1000 4151 1132 4209 condam
1156 4151 1248 4208 iudex
1264 4151 1396 4208 civitatis
1417 4151 1530 4208 montis
1547 4150 1626 4207 Gre-

359 4258 456 4314 censis
488 4256 525 4313 ad
551 4263 688 4314 nostram
714 4259 915 4330 personaliter
946 4258 1097 4316 veniendo
1129 4259 1328 4331 presenciam,
1359 4273 1414 4314 sua
1446 4264 1477 4314 et
1499 4257 1529 4314 in
1556 4273 1626 4330 per-

358 4378 432 4419 sona
455 4363 603 4444 Johannis
627 4362 685 4420 filii
708 4364 827 4446 Jacobi,
851 4364 924 4421 dicti
948 4363 1030 4435 Bole,
1048 4363 1165 4434 iudicis
1181 4379 1298 4421 necnon
1316 4364 1487 4421 iuratorum
1513 4371 1542 4420 et
1557 4364 1626 4421 11111-

357 4485 519 4526 versorum
543 4469 659 4524 civium
683 4469 721 4526 de
745 4469 861 4539 eadem,
886 4471 1026 4526 exhibuit
1049 4475 1079 4528 et
1101 4470 1289 4543 presentavit
1312 4470 1402 4526 nobis
1426 4470 1544 4527 litteras
1569 4487 1624 4543 pa·

358 4580 455 4631 tentes
487 4573 605 4630 domini
628 4573 818 4646 Sigismundi
835 4574 885 4632 dei
900 4576 1003 4648 gracia
1026 4577 1107 4648 regis
1127 4577 1293 4649 Hungarie,
1310 4575 1479 4648 Dalmacie,
1496 4575 1625 4632 Croacie

358 4685 421 4750 etc,
447 4680 694 4752 marchionisque
718 4679 1034 4753 Brandemburgensis
1059 4687 1121 4752 etc,
1146 4682 1264 4740 domini
1281 4683 1378 4739 nostri
1394 4681 1551 4750 naturalis
1568 4697 1624 4753 pe-

358 4793 424 4844 tens
447 4803 502 4844 nos
526 4804 596 4846 cum
620 4789 768 4845 instancia
798 4792 832 4844 ut
863 4793 1001 4845 tenorem
1034 4789 1214 4845 earumdem
1238 4788 1277 4845 de
1304 4790 1401 4845 verbo
1426 4787 1624 4845 adverbum

358 4894 521 4950 transcribi
545 4893 716 4951 faceremus
740 4898 768 4950 et
792 4893 896 4965 sigillo
919 4899 1025 4950 nostro
1056 4895 1315 4966 consignaremus.
1347 4893 1442 4950 Cuius
1465 4909 1521 4950 nos
1544 4894 1624 4966 peti-

357 4999 497 5056 cionibus
520 5007 685 5056 annuentes
709 4999 914 5072 preallegatas
943 4999 1060 5056 litteras
1091 5001 1180 5057 nobis
1211 5005 1400 5074 presentatas
1430 4998 1554 5056 easdem
1579 4999 1620 5056 de
