3728 5806
429 583 490 643 254
843 563 916 620 Doc.
940 557 1011 639 263.
1039 595 1075 604 -
1101 561 1157 620 Aa.
1183 559 1271 639 1376.

426 761 593 820 reflectitur
624 779 732 820 versus
764 763 890 837 plagam
927 760 1163 819 meridionalem
1192 767 1222 818 et
1248 778 1305 836 per
1328 762 1476 819 verticem
1499 761 1613 818 montis
1635 775 1686 833 per

428 883 575 940 magnum
606 870 746 943 spacium
774 869 828 926 ubi
859 873 889 925 et
920 869 1001 925 circa
1035 883 1128 940 quam
1160 868 1244 924 viam
1275 868 1436 941 publicam
1466 871 1538 924 sunt
1565 871 1686 939 aparte

427 973 536 1031 dextra
559 980 693 1048 quatuor
723 979 804 1032 mete
828 979 927 1032 terree
958 979 1029 1047 post
1055 988 1120 1030 sese
1143 979 1365 1046 consequenter
1398 973 1560 1047 spaciatim
1594 978 1686 1028 erecte

428 1080 544 1153 pariter
564 1087 594 1138 et
616 1081 787 1152 sublevate,
819 1095 876 1154 per
898 1095 993 1153 quam
1017 1079 1101 1136 viam
1124 1078 1226 1136 adhuc
1246 1078 1474 1153 progrediendo
1498 1093 1606 1135 versus
1628 1092 1686 1134 me·

424 1185 536 1243 ridiem
560 1186 615 1243 ubi
639 1193 685 1243 est
716 1193 799 1243 meta
831 1191 939 1256 terrea,
963 1200 981 1242 a
1004 1200 1066 1257 qua
1092 1183 1258 1242 reflectitur
1281 1183 1321 1242 ad
1344 1183 1536 1241 occidentem
1559 1189 1590 1240 et
1611 1189 1686 1240 tran·

424 1291 541 1348 seundo
564 1291 718 1365 quandam
745 1292 828 1349 viam
850 1292 1011 1364 publicam
1027 1290 1108 1350 cadit
1123 1291 1237 1348 iterum
1252 1291 1283 1348 in
1299 1289 1417 1348 dictum
1432 1289 1564 1347 fluvium
1579 1289 1685 1349 Blizna.

423 1413 479 1470 per
513 1413 607 1470 quem
642 1396 771 1454 fluvium
807 1395 911 1454 Blizna
946 1395 1027 1454 intra
1062 1396 1177 1454 directe
1213 1395 1409 1470 procedendo
1440 1411 1497 1469 per
1527 1395 1684 1452 decursum

422 1503 560 1561 eiusdem
584 1503 670 1561 lluvii
702 1503 843 1576 pervenit
866 1501 903 1558 ad
929 1503 1065 1576 priorem
1091 1507 1214 1572 metam,
1246 1503 1352 1575 ibique
1375 1501 1455 1559 dicte
1478 1506 1562 1559 mete
1585 1502 1614 1558 in
1637 1516 1685 1558 no·

423 1611 505 1666 mine
527 1609 654 1680 domini,
679 1609 773 1666 modo
798 1623 860 1682 quo
885 1624 988 1683 supra,
1012 1610 1223 1666 terminantur.
1247 1609 1420 1666 Voluerunt
1446 1610 1545 1666 eciam
1562 1607 1684 1665 heedem

422 1721 533 1788 partes
557 1721 592 1772 ut
614 1715 694 1772 alter
717 1715 807 1772 alteri
841 1716 981 1789 ipsorum
1013 1715 1135 1788 copiam
1167 1716 1383 1772 universorum
1415 1716 1684 1772 instrumentorum

421 1827 451 1877 et
475 1821 688 1894 quarumlibet
720 1821 894 1878 litterarum
926 1827 1069 1893 pretextu
1106 1821 1258 1879 dictarum
1290 1823 1428 1879 omnium
1461 1823 1686 1895 possessionum

422 1927 659 2000 quomodolibet
683 1933 906 1998 emanatarum‚
931 1943 1062 2000 quarum
1092 1928 1198 1998 vigore
1222 1927 1377 1985 mediante
1400 1927 1525 1985 easdem
1549 1926 1686 1984 habendo

422 2049 520 2105 usque
543 2033 581 2090 ad
605 2033 662 2090 hec
686 2039 829 2106 tempora
853 2033 1068 2106 possedissent,
1094 2035 1152 2090 sub
1175 2041 1280 2091 nostro
1301 2034 1444 2091 videlicet
1459 2039 1513 2090 aut
1529 2033 1685 2089 dumtaxat

421 2139 550 2211 capituli
573 2139 680 2210 sigillo
704 2139 779 2195 dare
802 2145 832 2195 et
855 2139 1010 2210 assignare
1034 2145 1181 2211 teneatur,
1205 2141 1398 2213 quibuslibet
1420 2140 1491 2196 aliis
1507 2140 1618 2196 litteris
1634 2154 1685 2210 per

420 2244 544 2301 easdem
581 2249 684 2317 partes
714 2251 820 2302 contra
851 2261 917 2301 sese
952 2247 981 2302 in
1007 2244 1146 2302 fraudem
1178 2247 1311 2316 retentis,
1344 2245 1501 2318 denegatis
1532 2253 1562 2302 et
1593 2261 1684 2301 reser-

421 2351 508 2422 vatis,
533 2351 637 2422 cassis,
654 2351 777 2408 frivolis
801 2357 830 2408 et
847 2352 992 2410 inanibus
1014 2353 1254 2422 remanentibus,
1270 2353 1394 2424 suisque
1410 2351 1637 2408 exhibitoribus
1656 2351 1683 2406 in

420 2455 608 2528 derogamen
640 2458 737 2530 partis
768 2458 896 2515 alterius
927 2457 1065 2514 fiendum
1096 2473 1220 2531 semper
1250 2463 1281 2514 et
1302 2458 1418 2530 ubique
1441 2457 1630 2514 nocentibus.
1654 2456 1682 2511 ln

420 2563 507 2618 cuius
523 2562 567 2619 rei
584 2564 768 2620 memoriam
790 2569 1034 2637 perpetuamque
1052 2562 1232 2620 firmitatem
1250 2564 1444 2636 presentibus
1462 2562 1568 2634 sigilla
1583 2567 1682 2619 nostra

421 2667 567 2725 duximus
590 2669 801 2743 appendenda.
831 2670 946 2726 Datum
970 2668 1106 2726 secundo
1129 2669 1179 2726 die
1208 2668 1276 2726 festi
1310 2669 1535 2741 assumpcionis
1559 2669 1683 2740 virginis

420 2775 563 2845 gloriose.
591 2777 678 2832 Anno
702 2775 819 2832 domini
843 2775 1038 2832 MCCCLXX
1062 2781 1156 2834 sextu.

509 2910 714 2975 Etransumpto
734 2911 843 2975 capituli
872 2911 997 2960 ecclesiae
1021 2910 1156 2962 Budensis.
1180 2911 1209 2960 In
1235 2912 1391 2961 membrana.
1418 2911 1452 2960 In
1472 2911 1583 2960 archivo
1611 2910 1682 2974 regni

420 2997 494 3046 CSD.
517 3000 574 3046 Act.
594 2998 744 3047 Conventus
766 2999 927 3048 Remetensis
948 2998 1007 3048 sase.
1029 2998 1047 3047 1.
1067 3015 1105 3048 nr.
1130 3009 1166 3060 14.

1010 3212 1099 3278 263.

526 3353 600 3402 Auno
624 3353 696 3410 1376.
717 3353 740 3402 8.
759 3352 918 3402 novembris.
938 3353 1091 3418 Zagrabiae.

437 3480 602 3552 Capitulum
625 3480 741 3552 aagrali.
765 3481 886 3548 litteras,
907 3481 1009 3554 quidus
1024 3481 1071 3554 sr.
1095 3481 1314 3538 praedicatores
1336 3482 1452 3554 oagrali.
1472 3485 1672 3556 possessionem

561 3587 669 3643 Blizao
693 3587 805 3643 cuidam
828 3587 957 3643 Ranoldo
980 3589 1010 3644 ia
1026 3589 1137 3662 pignus
1159 3589 1342 3653 collocarunt,
1365 3589 1537 3645 transcribit.

507 3731 687 3804 Capitulum
713 3731 843 3787 ecclesie
874 3731 1088 3802 zagrabiensis
1120 3733 1273 3788 Omnibus
1303 3733 1417 3790 Christi
1445 3733 1594 3790 fidelibus
1616 3749 1681 3806 pre-

418 3837 555 3893 sentibus
580 3837 695 3910 pariter
718 3843 747 3892 et
771 3835 892 3906 futuris,
920 3838 1115 3909 presencium
1139 3838 1284 3894 noticiam
1312 3839 1473 3901 habituris,
1497 3839 1630 3895 salutem
1653 3839 1680 3895 in

416 3941 543 3999 domino
566 3943 794 4015 sempiternam.
819 3942 865 3999 Ad
890 3943 1108 4000 universorum
1132 3944 1278 4000 noticiam
1301 3945 1411 4000 harum
1434 3945 1511 4001 serie
1538 3947 1681 4003 volumus

417 4048 588 4120 pervenire,
624 4047 707 4120 quod
740 4049 881 4120 egregius
915 4049 964 4105 vir
995 4048 1160 4118 Renoldu5‚
1192 4049 1276 4106 filius
1311 4051 1450 4121 magistri
1482 4050 1616 4107 Renoldi
1645 4050 1681 4106 de

415 4153 553 4225 Wywar,
579 4169 636 4226 pro
659 4159 731 4210 tunc
753 4155 930 4227 capitaneus
957 4155 1048 4210 castri
1071 4155 1285 4226 zagrabiensis,
1309 4155 1347 4212 ad
1376 4163 1513 4213 nostram
1538 4172 1681 4230 persona·

416 4259 488 4315 liter
515 4257 687 4315 accedendo
718 4259 918 4331 presenciam,
950 4259 1091 4316 exhibuit
1120 4265 1149 4316 et
1181 4261 1370 4333 presentavit
1408 4261 1498 4318 nobis
1532 4263 1679 4334 quasdam

416 4365 534 4421 litteras
557 4369 677 4421 nostras
701 4365 921 4437 privilegiales,
945 4365 1045 4438 priori
1078 4371 1182 4422 nostro
1214 4367 1319 4438 sigilio
1350 4367 1552 4438 consignatas,
1578 4376 1680 4442 petens

415 4485 470 4528 nos
494 4470 598 4528 debita
621 4486 693 4526 cum
717 4471 872 4542 instancia,
895 4479 930 4528 ut
954 4478 1091 4528 tenorem
1116 4471 1297 4529 earumdem
1314 4474 1509 4545 presentibus
1530 4473 1570 4530 de
1586 4475 1680 4531 verbo

414 4576 453 4634 ad
477 4577 611 4634 verbum
636 4577 800 4634 transcribi
823 4585 853 4634 et
876 4579 1064 4651 appensione
1086 4579 1182 4636 nostri
1206 4579 1303 4651 sigilli
1320 4579 1394 4636 novi
1413 4578 1586 4637 faceremus
1613 4596 1680 4637 oon·

414 4683 537 4754 signari.
561 4681 701 4755 Quarum
721 4689 807 4739 tenor
823 4684 912 4740 unius
928 4683 999 4740 talis
1016 4689 1077 4741 est:
1095 4677 1167 4762 (vid.
1187 4701 1231 4742 nr.
1261 4699 1328 4757 103,
1345 4700 1390 4742 an.
1412 4699 1503 4756 1315,
1523 4701 1571 4742 ar.
1589 4679 1679 4759 maii).

414 4789 477 4846 Nos
501 4789 604 4860 itaque
627 4789 714 4845 iustis
738 4794 768 4846 et
791 4788 953 4861 condignis
977 4790 1183 4862 peticionibus
1215 4791 1311 4864 ipsius
1335 4791 1449 4862 egregii
1473 4791 1607 4849 Renoldi
1630 4806 1679 4849 an·

414 4901 549 4964 nuentes,
573 4895 644 4951 licet
668 4909 760 4951 unam
785 4895 922 4952 litteram
947 4901 1084 4952 nostram
1110 4896 1339 4969 privilegialem
1364 4897 1394 4953 in
1417 4897 1524 4968 sigillo
1553 4903 1679 4971 propter

414 5001 531 5059 malam
554 5015 616 5056 sew
640 5001 795 5058 incautam
822 5002 1090 5058 conservacionem
1114 5003 1291 5075 aliqualiter
1313 5017 1459 5076 rumpere
1484 5003 1676 5074 videbamus,
