3600 5804
556 562 630 620 Boc.
655 559 703 620 81.
731 596 768 606 -
793 562 849 620 An.
873 575 963 639 1292.
1364 565 1403 642 69

156 767 289 835 spectare,
311 776 368 835 per
391 761 527 834 prefatos
550 778 624 822 vero
648 764 795 822 abbatem
818 769 848 822 et
872 765 937 822 eius
961 762 1071 822 iratres
1095 764 1125 821 in
1153 771 1235 822 terra
1258 763 1340 822 dicte
1356 780 1403 822 ec-

154 867 235 924 clesie
255 867 341 924 beate
363 867 494 940 virginis
518 871 658 940 existere,
688 875 718 927 et
748 887 786 927 ex
818 885 855 928 eo
888 869 926 927 ad
959 870 1060 944 ipsam
1083 870 1247 927 ecclesiam
1273 870 1403 942 virginis

150 973 272 1044 gloriose
302 973 341 1030 de
370 974 437 1030 iure
467 974 580 1032 debere
614 977 767 1050 pertinere
799 977 986 1034 contrariose
1017 975 1153 1048 allegati,
1186 975 1248 1033 litis
1273 977 1402 1034 materia

151 1085 233 1148 mota,
256 1078 434 1152 diuciusque
465 1083 612 1140 ventilata
635 1083 809 1150 exstitisset,
834 1083 962 1156 ipseque
993 1081 1137 1140 dominus
1159 1083 1314 1165 Johannes
1338 1083 1403 1157 epi-

151 1199 253 1258 scopus
282 1186 423 1258 partibus
452 1203 545 1261 super
579 1188 737 1261 premissis
767 1204 872 1246 coram
906 1187 974 1261 ipso
998 1187 1207 1246 diversimode
1231 1188 1404 1262 disceptan-

151 1289 232 1357 tibus,
253 1297 321 1363 post
343 1291 504 1364 longinqui
531 1294 679 1367 temporis
702 1295 844 1368 spacium
868 1294 969 1367 ipsam
993 1310 1118 1352 causam
1137 1293 1271 1352 dominis
1295 1294 1333 1352 de
1357 1311 1405 1353 ca-

150 1395 240 1468 pitulo
261 1411 315 1454 suo
336 1398 528 1469 zagrabiensi
552 1399 582 1456 in
613 1415 669 1456 sua
701 1417 832 1474 persona
862 1399 900 1456 de
929 1400 1005 1457 iuris
1033 1400 1169 1472 equitate
1199 1399 1403 1458 difiniendam

150 1501 345 1559 commisisset.
367 1501 466 1560 lidem
490 1504 615 1562 tandem
640 1505 758 1564 domini
776 1505 814 1562 de
831 1505 968 1581 capitulo
984 1505 1176 1579 zagrabiensi
1199 1521 1258 1578 pro
1281 1505 1405 1566 scienda

151 1609 358 1680 premissorum
382 1609 519 1681 veritate,
543 1611 644 1668 missis
660 1611 699 1668 de
715 1612 840 1685 collegii
857 1627 966 1670 eorum
982 1611 1085 1670 medio
1102 1613 1239 1684 quinque
1262 1614 1404 1686 personis

136 1713 264 1774 idoneis.
286 1715 386 1800 ipsum
404 1713 537 1774 fundum
554 1717 656 1774 balnei
673 1734 730 1791 per
747 1719 1004 1776 conscienciosam
1021 1718 1256 1790 inquisicionem
1281 1734 1403 1776 eorum-

150 1818 214 1876 dem
236 1820 445 1878 consociorum
468 1837 596 1880 suorum
626 1823 665 1880 ad
696 1824 756 1882 hoc
787 1825 916 1882 elective
947 1825 1199 1882 transmissorum
1222 1824 1262 1881 ad
1286 1824 1402 1882 dictam

150 1927 298 1984 ecclesiam
320 1927 409 1984 beate
432 1927 562 2000 virginis
585 1929 623 1986 de
646 1929 799 2003 Zagrabia
820 1936 850 1988 et
866 1946 927 1988 non
942 1930 982 1988 ad
999 1929 1117 1988 curiam
1141 1929 1239 2003 ipsius
1262 1931 1403 2002 magistri

150 2031 225 2089 Petri
247 2033 451 2092 canonicalem
476 2036 627 2108 pertinere
644 2035 758 2094 debere
774 2036 969 2110 reperissent,
986 2035 1091 2108 sicque
1107 2035 1202 2093 iidem
1221 2035 1339 2092 domini
1362 2035 1400 2093 de

151 2138 276 2211 capitulo
296 2140 613 2214 zagmbiensiipsum
637 2140 769 2200 fundum
794 2142 906 2212 balnei,
929 2145 1090 2215 comperta
1113 2141 1291 2200 huiusmodi
1311 2157 1401 2200 cause

150 2245 276 2316 veritate,
299 2246 328 2303 in
352 2247 449 2319 ipsius
472 2246 590 2305 domini
615 2248 753 2322 episcopi
783 2263 915 2322 persona
945 2253 975 2304 et
1005 2247 1071 2306 eius
1101 2247 1230 2320 capituli
1258 2249 1403 2318 annotati,

151 2351 205 2422 ipsi
228 2353 368 2424 magistro
391 2352 490 2422 Petro,
522 2353 644 2410 racione
674 2354 830 2412 ulterioris
861 2352 1075 2426 acquisicionis
1103 2352 1250 2424 eiusdem,
1274 2353 1401 2412 silencio

152 2463 291 2529 perpetuo
314 2458 469 2532 imposito,
493 2457 612 2532 prefate
635 2460 763 2518 ecclesie
786 2459 875 2517 beate
901 2459 1030 2530 virginis
1060 2473 1131 2516 cum
1162 2459 1248 2516 omni
1270 2459 1404 2532 plenitu-

152 2561 215 2620 dine
230 2563 273 2620 sui
288 2565 362 2622 iuris
379 2563 590 2622 adiudicantes
606 2571 756 2639 perpetua
772 2565 942 2624 stabilitate
957 2565 1155 2638 reliquissent
1170 2563 1403 2638 possidendum.

232 2681 268 2730 Ex
287 2682 350 2732 actis
367 2681 518 2746 judiciariis
537 2681 689 2733 Leustachii
717 2682 811 2733 vicarii
836 2683 969 2748 generalis
991 2657 1067 2748 fegni
1092 2682 1216 2732 Croatiae
1238 2697 1305 2732 anno
1329 2686 1402 2739 1370.

150 2769 175 2818 ln
191 2770 294 2820 archivo
317 2770 376 2821 hon.
401 2771 509 2836 collegii
533 2771 798 2830 Praebendariorum,
815 2771 968 2836 Zagrabiae.

740 3001 796 3066 81.

244 3095 317 3142 Anno
339 3101 414 3154 1292,
434 3090 474 3140 26.
493 3091 574 3157 Junii.

153 3200 270 3258 Andreas
300 3203 360 3259 Ill.
389 3201 564 3274 Hungarriu
594 3208 641 3256 etc.
665 3218 728 3268 rex,
754 3217 784 3256 se
805 3197 941 3255 tributum
957 3197 1027 3272 fori
1045 3215 1094 3255 seu
1117 3199 1217 3255 telonii·
1235 3199 1265 3254 in
1289 3198 1405 3256 civitate

446 3307 628 3380 zugrabiensi
648 3306 772 3378 capitulo
794 3305 951 3372 contulisse,
973 3304 1095 3361 nuntrbt.

226 3433 362 3492 Andreas
392 3433 441 3490 dei
472 3433 577 3506 gracia
608 3431 773 3504 Hungarie,
806 3430 975 3502 Dalmacie‚
1007 3430 1142 3504 Croacie,
1163 3431 1268 3500 Rame,
1292 3429 1398 3488 Seruie

154 3536 264 3608 Galicie‚
287 3539 478 3608 Lodomerie,
510 3537 668 3604 Cumanie,
696 3537 901 3610 Bnlgarieque
928 3553 990 3595 rex.
1015 3535 1168 3594 Omnibus
1188 3543 1253 3594 tam
1276 3552 1401 3611 presen-

154 3643 223 3701 tibus
244 3661 335 3718 quam
360 3645 471 3702 suturis
494 3659 621 3718 presens
644 3645 795 3717 scriptum
819 3643 1002 3716 inspecturis
1025 3643 1158 3700 salutem
1181 3643 1211 3700 in
1235 3657 1272 3700 eo
1288 3643 1342 3716 qui
1358 3649 1403 3700 est

154 3765 216 3808 vera
236 3753 324 3810 salus.
349 3751 567 3809 Consideracio
590 3751 722 3824 pietatis,
747 3747 961 3806 munificencia
978 3754 1008 3806 et
1024 3747 1152 3806 donacio
1169 3763 1242 3820 erga
1258 3748 1402 3806 ecclesias

154 3855 186 3912 ad
206 3857 338 3916 officium
369 3859 502 3931 pertinet
534 3856 719 3930 generaliter
749 3855 832 3926 regie
863 3855 1038 3912 maiestatis.
1062 3853 1194 3912 Proinde
1218 3854 1257 3911 ad
1281 3855 1404 3911 univer-

154 3975 242 4020 sorum
264 3965 411 4022 noticiam
433 3965 546 4020 harum
573 3963 650 4020 serie
678 3962 825 4019 volumus
849 3962 1019 4036 pervenire,
1044 3961 1221 4034 quodcum
1245 3967 1316 4035 post
1340 3961 1402 4018 exi·

155 4067 247 4126 dalem
277 4069 399 4128 obitum
423 4067 542 4125 domini
564 4068 646 4140 regis
673 4065 810 4125 Ladislai
833 4067 964 4125 illustris
987 4066 1100 4138 fratris,
1123 4067 1220 4124 nostri
1243 4066 1403 4140 patruelis,

156 4171 311 4233 decedentis
335 4176 400 4233 sine
424 4173 539 4232 solacio
564 4175 744 4244 liberorum,
769 4173 984 4248 preordinacio
1000 4173 1105 4231 divine
1121 4172 1296 4243 clemencie,
1318 4172 1404 4230 cuius

156 4279 242 4348 gracia
270 4281 357 4338 tarda
387 4281 484 4338 nescit
512 4280 627 4337 habere
657 4279 829 4350 molimina,
863 4295 919 4336 nos
943 4280 1031 4352 quasi
1054 4280 1095 4336 ab
1118 4279 1210 4336 avitis
1233 4278 1351 4335 laribus
1375 4282 1404 4335 et

156 4387 239 4456 regali
260 4387 337 4445 solio
361 4385 498 4460 quodam
522 4385 616 4442 modo
645 4385 825 4460 peregrinos
848 4390 878 4442 et
901 4384 1021 4442 diucius
1044 4383 1194 4442 fastidicis
1217 4383 1256 4440 ad
1280 4390 1404 4442 tronum

158 4495 181 4544 et
200 4507 336 4550 coronam
358 4492 474 4565 regalis
497 4490 613 4564 fastigii
627 4491 827 4549 sublimasset
842 4491 908 4549 iure
923 4497 953 4548 et
969 4491 1077 4548 ordine
1093 4492 1240 4563 geniture,
1257 4489 1403 4548 omnibus

157 4595 385 4672 archiepiscopis,
409 4598 571 4672 episcopis,
595 4597 797 4672 principibus,
821 4597 1003 4672 proceribus
1027 4601 1056 4654 et
1079 4597 1249 4654 baronibus
1274 4611 1309 4653 ac
1335 4596 1402 4654 uni-

158 4702 239 4759 versis
258 4705 417 4774 nobilibus
449 4720 506 4778 per
527 4704 624 4762 tocius
647 4704 735 4777 regni
764 4703 923 4776 Hungarie
946 4703 1073 4761 climata
1096 4717 1152 4760 nos
1175 4701 1403 4759 assumentibus

159 4813 183 4860 et
202 4811 443 4869 annosscentibus
467 4816 500 4867 ut
523 4809 686 4867 dominum
708 4810 882 4867 naturalem
905 4813 935 4867 et
957 4808 1142 4867 sanctissimi
1156 4809 1239 4880 regis
1255 4806 1403 4881 Stephani

159 4910 321 4983 dyademate
352 4935 391 4975 ex
418 4917 558 4975 inmensa
588 4916 756 4973 clemencia
786 4921 816 4972 et
846 4903 1058 4972 misericordia
1082 4913 1179 4987 ipsius
1209 4913 1292 4970 beati
1321 4913 1404 4985 regis

161 5013 286 5094 Stephani
309 5023 474 5083 fuissemus
496 5022 641 5080 coronati
665 5021 779 5080 Devoti
802 5026 832 5079 et
855 5020 964 5079 fideles
986 5021 1083 5078 nostri
1107 5019 1279 5092 capitulum
1299 5033 1404 5092 aegras
