3600 5804
381 571 442 630 234
802 555 877 613 Doc.
901 568 973 631 249.
1000 589 1036 597 -
1063 557 1119 614 Aa
1144 551 1235 633 1369.

377 759 407 810 et
436 751 560 810 domine
592 755 696 827 regine
723 756 864 827 genitrici
891 762 995 814 nostre
1022 755 1182 816 karissime
1213 756 1328 814 dicitur
1354 757 1531 830 querulose,
1561 757 1643 830 quod

377 873 433 916 vos
458 874 527 915 curn
552 858 669 917 eisdem
693 877 787 935 super
809 861 967 920 solucione
990 868 1020 920 et
1045 861 1260 920 moderacione
1283 862 1451 920 soluciouis
1476 863 1645 920 tricesima-

376 981 445 1024 rum
470 966 690 1024 convenissetis
713 972 743 1024 et
765 967 1007 1026 concordassetis
1031 975 1061 1026 et
1076 985 1171 1042 super
1186 968 1302 1026 eisdem
1326 968 1429 1026 littere
1454 974 1559 1026 nostre
1574 983 1644 1026 con·

377 1071 454 1129 lecte
478 1071 672 1143 haberentur,
697 1090 773 1147 quas
797 1090 902 1132 coram
933 1076 1023 1132 nobis
1054 1080 1201 1133 curarunt
1231 1073 1393 1144 exhibere;
1425 1090 1507 1132 nunc
1541 1079 1643 1132 autem

376 1179 458 1236 ultra
481 1179 597 1237 dictam
621 1181 880 1255 composicionem
905 1188 935 1239 et
958 1183 1135 1240 litterarum
1157 1186 1334 1239 nostrarum
1350 1181 1576 1238 continenciam
1604 1179 1643 1238 de

326 1293 329 1302 ’
375 1285 464 1348 vinis.
488 1285 591 1344 bladis
615 1291 644 1343 et
667 1287 786 1344 salibus
810 1302 918 1346 eorum
936 1288 1107 1346 tricesimas
1122 1289 1286 1361 exigeretis
1309 1293 1340 1344 et
1360 1287 1541 1360 extorqueri
1566 1286 1643 1344 lace-

373 1392 454 1462 retis,
483 1392 567 1465 quod
590 1409 748 1465 nunquam
780 1393 887 1452 fuisset
917 1395 994 1453 alias
1025 1400 1213 1453 consvetum.
1246 1393 1350 1466 Quare
1373 1392 1519 1451 fidelitati
1543 1399 1644 1451 vestre

375 1499 507 1556 tirmiter
530 1499 729 1573 precipiendo
755 1499 946 1571 mandamus,
970 1508 1120 1574 quatenus
1145 1501 1226 1558 ultra
1242 1500 1358 1558 dictam
1378 1500 1642 1572 composicionem

373 1611 403 1662 et
426 1606 648 1663 continenciam
672 1605 825 1663 dictarum
843 1607 1017 1664 litterarum
1034 1615 1212 1666 nostrarum
1228 1607 1267 1664 de
1283 1606 1372 1677 vinis,
1389 1605 1495 1664 bladis
1511 1621 1565 1662 seu
1582 1605 1643 1662 iru-

373 1711 485 1768 mentis
501 1716 530 1767 et
546 1711 664 1768 salibus
681 1711 821 1784 ipsorum
838 1713 954 1770 civium
971 1719 1148 1771 nostrorum
1164 1717 1195 1770 et
1210 1713 1345 1770 aliorum
1361 1711 1588 1784 pertinencium
1604 1711 1641 1768 ad

372 1815 507 1885 eosdem,
529 1817 718 1874 tricesimam
740 1823 843 1890 petere
867 1819 917 1876 vel
939 1819 1063 1890 exigere
1086 1819 1175 1876 nullo
1199 1817 1294 1876 modo
1314 1818 1570 1892 presumpmalis,
1590 1817 1641 1874 sed

373 1921 498 1980 eosdem
515 1923 545 1979 in
561 1923 706 1996 pretactls
726 1924 987 1982 convencionibus
999 1925 1085 1981 iuxta
1097 1924 1319 1998 premissarum
1336 1923 1514 1980 litterarum
1526 1927 1642 1980 nostra·

375 2043 446 2087 rum
458 2028 569 2086 seriem
582 2034 612 2086 et
626 2029 848 2086 continenciam
861 2030 892 2086 in
906 2031 1068 2087 exaccione
1084 2029 1311 2086 tricesimarum
1323 2027 1514 2087 conservetis
1526 2027 1642 2100 absque

373 2137 593 2192 retractacione
621 2135 760 2208 aliquali.
792 2135 876 2192 aliud
909 2135 1009 2192 facere
1041 2135 1217 2192 nullatenus
1250 2140 1537 2208 presumpmentes;
1573 2149 1641 2207 pre·

372 2247 472 2298 sentes
495 2247 600 2299 autem
625 2240 709 2315 apud
733 2242 817 2316 ipsos
839 2243 923 2300 cives
956 2247 1077 2299 nostros
1111 2241 1245 2299 velimus
1269 2255 1437 2297 remanere.
1470 2239 1587 2296 Datum
1610 2241 1639 2297 in

373 2346 532 2420 Visegrad,
565 2348 595 2404 iu
628 2346 706 2405 sesto
737 2347 956 2406 decollacionis
987 2348 1070 2406 beati
1100 2347 1248 2429 Johannis
1284 2345 1424 2418 baptiste.
1464 2346 1554 2403 Anno
1588 2345 1640 2402 do·

374 2454 449 2512 mini
474 2453 639 2510 MCCCLX
662 2459 756 2511 sexto

461 2609 600 2676 Originale
624 2609 651 2659 in
674 2609 772 2668 charta,
797 2625 811 2660 a
835 2615 911 2676 tergo
942 2625 1023 2675 supra
1055 2609 1144 2659 verbis
1176 2609 1292 2676 „relacio
1326 2607 1432 2656 dominc
1457 2603 1575 2672 regine“.
1594 2605 1638 2655 im·

373 2715 491 2765 pressum
511 2705 549 2748 est
569 2713 681 2764 parvum
700 2698 820 2764 sigillum
838 2699 917 2764 regis.
937 2699 967 2749 ln
986 2698 1095 2749 archivo
1115 2698 1161 2747 lib.
1181 2713 1237 2765 reg.
1258 2696 1329 2746 civit.
1351 2696 1456 2762 zagrab.

960 3054 1050 3120 249.

475 3219 551 3265 Anno
573 3217 646 3279 1369,
669 3215 788 3281 1.Junii.
809 3215 840 3264 Iu
857 3214 1001 3263 Vereuche.

370 3361 520 3418 Elisabeth
537 3361 716 3432 Hunguriae
738 3362 839 3433 regina
863 3361 970 3417 civibus
992 3359 1208 3428 Grcclzensibus,
1223 3377 1258 3414 ne
1278 3357 1309 3414 Τ
1303 3357 1446 3414 iudaeum
1469 3355 1591 3415 Gallum
1605 3357 1638 3414 dc

575 3484 638 3524 nece
660 3468 813 3523 Francisci
836 3467 1049 3523 tricesimoton‘s
1071 3465 1262 3538 damnificaret,
1277 3461 1432 3537 praecipit.

458 3631 617 3688 Elizabeth
640 3629 690 3687 dei
713 3631 817 3702 gracia
840 3629 947 3700 regina
970 3628 1134 3700 ilungarie.
1152 3626 1312 3684 Fidelibus
1328 3627 1391 3682 suis
1410 3625 1512 3697 iudici,
1530 3627 1635 3684 iuratis

369 3745 398 3795 et
424 3737 574 3794 universis
611 3737 732 3794 civibus
756 3743 785 3792 et
809 3735 982 3806 hospitibus
1014 3734 1126 3790 nostris
1157 3733 1291 3790 civitatis
1321 3730 1483 3790 Grecensis
1516 3731 1554 3789 de
1585 3731 1636 3788 Za-

369 3844 485 3915 grabia,
510 3844 641 3901 salutem
674 3847 703 3900 et
735 3842 879 3914 graciam.
914 3839 1070 3898 Fidelitati
1103 3845 1204 3896 vestre
1233 3837 1412 3896 firmissime
1435 3837 1587 3896 edicimus
1610 3843 1636 3895 et

369 3947 507 4006 districte
541 3949 729 4021 iniungimus
768 3951 919 4020 quatenus
950 3944 1090 4002 Tadeum
1128 3944 1294 4016 Gallicum,
1331 3950 1470 4002 nostrum
1510 3943 1635 4002 fidelem

370 4054 565 4124 familiarem,
596 4055 713 4112 dictum
746 4053 784 4111 de
816 4051 1023 4122 Karbonibus,
1056 4051 1087 4108 in
1108 4050 1204 4108 nullis
1235 4051 1334 4107 causis
1365 4055 1395 4107 et
1426 4065 1534 4106 earum
1564 4051 1635 4108 arti·

369 4163 456 4232 culis,
490 4162 646 4234 signanter
680 4162 711 4218 in
747 4159 828 4218 facto
862 4159 946 4216 necis
975 4157 1130 4215 Francisci
1165 4155 1298 4214 condam
1329 4155 1571 4226 tricesimatoris,
1607 4157 1635 4213 in

371 4283 433 4340 qua
457 4267 539 4324 idem
564 4267 676 4325 inscius
701 4265 766 4325 lore
799 4273 828 4323 et
852 4263 993 4322 innoxius
1017 4262 1158 4333 refertur,
1182 4262 1358 4334 illegittime
1385 4261 1503 4333 absque
1533 4266 1636 4318 nostra

368 4374 570 4446 requisicione
592 4372 743 4446 impedire
766 4379 795 4428 et
819 4369 1043 4443 dampnificata
1066 4367 1204 4426 audeatis
1224 4368 1256 4424 in
1271 4367 1411 4440 personis
1427 4373 1480 4424 aut
1495 4367 1527 4424 in
1543 4366 1635 4424 rebus

369 4480 464 4538 modo
486 4479 625 4552 aliquali,
649 4485 678 4536 et
701 4477 786 4535 aliud
812 4475 912 4533 facere
936 4491 995 4532 non
1019 4473 1124 4531 ausuri
1147 4473 1177 4530 in
1201 4472 1370 4547 premissis.
1394 4471 1512 4530 Datum
1529 4472 1560 4529 in
1577 4472 1632 4529 Vc«

367 4587 488 4656 reuche,
512 4585 646 4643 secundo
677 4584 727 4642 die
758 4583 827 4641 festi
861 4581 999 4654 corporis
1029 4579 1154 4638 domini.
1184 4581 1273 4638 Anno
1304 4577 1443 4636 eiusdem
1466 4577 1634 4636 millesimo

368 4693 502 4750 CCCLX
524 4707 612 4750 nono

457 4844 598 4910 Originale
617 4844 644 4894 in
663 4845 761 4894 charta.
781 4846 804 4893 Α
825 4849 901 4908 tergo
914 4843 993 4890 anulo
1007 4841 1164 4905 impressum
1177 4843 1215 4888 est
1228 4837 1349 4903 sigillum
1361 4835 1474 4901 reginae.
1489 4835 1520 4885 In
1533 4835 1629 4885 archiv.

369 4933 448 4982 Acad.
469 4933 565 4983 Scient.
585 4933 654 4983 Slav.
677 4933 769 4984 merid.
