3600 5804
518 551 590 608 Doc.
617 547 682 608 161.
710 585 746 592 -
772 551 828 608 An.
852 564 940 627 1333.
1320 570 1374 628 141

123 750 213 807 moria
243 749 445 822 significantes
468 753 574 807 tenore
597 749 793 823 presencium
817 749 932 822 quibus
958 747 1084 821 expedit
1106 749 1267 820 universis,
1291 747 1374 822 quod

127 855 291 912 accedentes
321 856 349 912 in
382 857 477 914 nostri
507 857 698 929 presenciam
734 855 831 912 Lucas
862 861 892 912 et
930 853 1052 926 Paulus,
1084 855 1141 912 filii
1169 855 1307 912 Heidrici
1339 855 1377 912 de

124 961 229 1018 Thuria
253 960 379 1019 confessi
403 967 473 1020 sunt
498 978 603 1019 coram
626 962 724 1031 nobis
749 960 869 1018 dedisse
902 967 931 1018 et
963 961 1130 1019 contulisse
1153 960 1309 1034 quandam
1333 963 1377 1019 vi·

122 1083 203 1124 neam
224 1069 359 1142 ipsorum
384 1068 601 1127 hereditariam
626 1069 774 1126 iacentem
798 1069 828 1126 in
853 1072 957 1125 monte
979 1067 1090 1138 Grech‚
1115 1085 1175 1141 que
1199 1066 1256 1125 fuit
1281 1083 1377 1140 quon·

123 1171 187 1230 dam
210 1173 295 1230 vinea
318 1172 441 1244 Prihod,
465 1174 561 1232 Paulo
585 1174 690 1231 comiti
722 1173 867 1244 terrestri,
900 1172 966 1230 filio
997 1173 1111 1242 Daach,
1136 1181 1267 1246 cognato
1290 1175 1371 1246 ipso-

123 1294 193 1348 rum,
217 1285 340 1354 propter
371 1281 673 1353 consaguineitatem,
705 1285 768 1338 tam
800 1279 860 1337 sibi
891 1295 984 1352 quarn
1016 1280 1079 1336 suis
1102 1279 1268 1337 heredibus
1290 1280 1377 1337 here-

123 1384 248 1458 dumque
270 1401 396 1444 suorum
420 1387 650 1444 successoribus
681 1387 747 1444 iure
779 1392 932 1460 perpetuo
965 1385 1183 1459 possidendam
1207 1391 1236 1442 et
1260 1386 1377 1444 haben·

123 1490 194 1548 dam.
217 1492 248 1548 ln
269 1493 354 1550 cuius
371 1494 417 1550 rei
433 1493 644 1550 testimonium
661 1497 754 1566 atque
770 1491 983 1550 certitudinem
1005 1491 1181 1565 sigillorum
1200 1499 1376 1550 nostrorum

123 1597 256 1656 duximus
285 1609 443 1673 presentes
474 1599 643 1656 roboratas.
673 1592 792 1656 Datum
827 1599 857 1656 in
892 1599 999 1671 vigilia
1035 1599 1220 1656 ascensionis
1251 1597 1376 1656 domini.

125 1707 203 1762 Anno
225 1705 339 1763 domini
370 1707 539 1762 millesimo
562 1705 640 1762 CCC
663 1705 819 1762 tricesimo
842 1705 944 1762 tercio.

203 1859 338 1926 Originale
356 1859 383 1909 in
402 1860 561 1917 membrana,
580 1875 596 1909 a
614 1859 712 1910 sericea
731 1859 814 1908 rubra
833 1865 857 1907 et
877 1859 938 1908 alba
957 1872 1021 1908 zona
1050 1859 1181 1922 appendet
1199 1858 1325 1922 sigillum.
1346 1857 1376 1910 In

125 1947 213 1996 archiv.
232 1950 309 1998 head.
331 1949 425 1998 Scient.
445 1949 515 1998 Slav.
535 1947 627 1997 merid.

704 2159 782 2225 161.

220 2305 291 2352 Anno
314 2312 387 2361 1333,
411 2311 448 2351 ll.
468 2301 549 2368 Junii.
570 2299 722 2366 Zagrabiae.

129 2411 237 2470 Carolus
265 2414 442 2487 Hungariae
473 2421 519 2470 etc.
544 2431 597 2469 rex
620 2413 730 2469 litteras
752 2411 993 2469 reambulatorias
1014 2406 1137 2485 castrensi
1156 2411 1286 2477 albensis,
1310 2419 1378 2484 pos-

329 2521 463 2578 sessiones
485 2521 548 2588 eccl,
571 2519 687 2592 zagrab.
711 2537 786 2592 quae
806 2519 968 2592 respiciunt,
991 2519 1149 2593 confirmat.

201 2661 260 2722 Nos
293 2663 427 2721 Karolus
458 2663 508 2721 dei
538 2664 641 2736 gracia
671 2679 727 2720 rex
758 2663 923 2735 Hungarie.
955 2663 1103 2720 Memorie
1126 2661 1377 2719 commendantes

124 2772 216 2878 imore
245 2770 438 2843 presencium
472 2768 691 2842 significamus
720 2769 834 2842 quibus
857 2767 982 2843 expedit
1006 2769 1166 2826 universis.
1190 2767 1281 2840 Quod
1305 2783 1375 2824 eum

125 2887 172 2930 nos
199 2876 233 2932 ad
263 2877 448 2950 peticionem
481 2876 668 2933 venerabilis
691 2875 722 2932 in
745 2875 869 2933 Christo
893 2876 990 2948 patris
1015 2875 1149 2932 Ladizlai
1173 2874 1222 2932 dei
1246 2879 1276 2930 et
1298 2889 1372 2947 apo·

125 2981 218 3036 stolice
240 2981 320 3039 sedis
343 2983 446 3054 gracia
471 2982 610 3055 episcopi
632 2981 839 3054 zagrabiensis
862 2987 892 3038 et
915 2981 1145 3038 honorabilium
1170 2983 1309 3038 virorum
1329 2997 1377 3037 ca·

126 3086 206 3156 pituli
227 3088 363 3145 eiusdem
388 3089 517 3145 ecclesie
541 3087 684 3146 fidelium
706 3095 892 3158 nostrorum,
910 3089 995 3146 iuxta
1019 3089 1105 3160 regni
1129 3090 1224 3146 nostri
1248 3103 1374 3145 consve-

126 3191 248 3250 tudinem
273 3196 386 3252 bonam
410 3201 441 3253 et
463 3195 624 3267 antiquam
647 3200 677 3252 et
700 3195 740 3252 ab
764 3196 891 3267 antiquo
907 3196 1123 3268 approbatam,
1140 3195 1225 3252 iuxta
1243 3193 1375 3252 formam

127 3296 283 3357 litterarum
306 3307 486 3358 nostrarum
510 3302 703 3372 generalium
725 3315 784 3374 pro
799 3299 1032 3358 reambulandis
1049 3300 1294 3374 possessionibus
1311 3301 1377 3358 uni·

127 3405 211 3462 versis
226 3411 357 3479 pretacte
373 3407 500 3464 ecclesie
515 3407 722 3479 zagrabiensis
740 3412 769 3463 et
784 3411 937 3464 metarum
955 3406 1133 3464 earumdem
1148 3407 1375 3480 possessionum

127 3512 491 3582 ereccionibus,fide1ibus
509 3513 621 3570 nostris
637 3513 774 3586 capitulo
791 3513 917 3570 ecclesie
934 3513 1077 3582 albensis
1093 3521 1127 3570 ut
1143 3513 1202 3586 ipsi
1219 3514 1375 3572 hominem

128 3629 220 3673 eorum
243 3617 303 3675 fide
326 3618 455 3690 dignum
480 3633 538 3692 pro
554 3620 730 3676 testimonio
745 3619 784 3676 ad
801 3619 1038 3692 requisicionem
1050 3627 1293 3678 memoratorum
1311 3623 1374 3694 epi·

128 3723 201 3794 scopi
223 3729 251 3780 et
273 3725 401 3798 capituli
425 3725 566 3783 fidelium
583 3731 759 3782 nostrorum
776 3741 908 3784 unacum
923 3726 1040 3809 Jacobo
1056 3726 1128 3782 aule
1144 3733 1250 3783 nostro
1266 3725 1377 3802 juvene

129 3826 299 3900 thavarnico,
313 3831 365 3888 vel
381 3832 544 3896 lwachino,
572 3831 638 3888 filio
662 3831 789 3900 Thome,
813 3832 859 3890 fili
884 3831 1022 3904 Beriuoy,
1047 3832 1145 3888 altero
1162 3833 1297 3902 absente,
1323 3834 1377 3891 ho-

129 3933 198 3991 mine
212 3943 321 4008 nostro,
334 3937 374 3995 ad
390 3937 631 3995 reambulandas
647 3939 854 4011 possessiones
866 3937 1005 3994 eiusdem
1020 3938 1155 4008 ecclesie,
1173 3938 1376 3996 contradicto·

129 4037 210 4110 tibus,
225 4043 249 4099 si
264 4044 316 4116 qui
331 4043 442 4100 fierent
457 4043 494 4100 ad
512 4039 658 4100 nostram
670 4044 858 4116 presenciam
876 4043 1015 4114 legitime
1031 4044 1174 4114 evocatis,
1191 4045 1378 4102 transmitte-

129 4151 192 4216 rent
207 4152 236 4204 et
252 4148 374 4206 tandem
398 4147 471 4206 facti
490 4149 601 4206 seriem
625 4149 715 4206 nobis
738 4149 907 4207 rescribere
924 4148 1117 4218 debentibus,
1134 4149 1303 4207 scribentes
1324 4149 1375 4208 de·

130 4247 265 4310 dissemus
290 4255 320 4312 in
344 4254 514 4324 mandatis;
530 4261 600 4328 post
624 4255 680 4312 hec
703 4255 821 4312 dictum
837 4255 1018 4327 capitulum,
1035 4254 1143 4312 fideles
1159 4257 1265 4326 nostri,
1282 4272 1376 4330 super

130 4353 178 4413 hoc
193 4360 276 4417 nobis
292 4361 516 4434 rescripserunt
529 4361 558 4418 in
573 4362 627 4419 hec
643 4361 754 4418 verba:
768 4355 841 4440 (vid.
858 4378 902 4418 nr.
922 4359 990 4435 146.
1007 4376 1053 4418 an.
1073 4361 1164 4434 1328,
1183 4379 1207 4420 1.
1222 4357 1374 4440 Augusti).

131 4457 182 4520 Nos
205 4465 302 4539 itaque
325 4484 363 4524 ex
388 4473 493 4524 tenore
516 4467 678 4524 literarum
701 4468 987 4540 rescripcionalium
1004 4468 1230 4540 prelibatorum
1248 4471 1376 4543 capituli

131 4569 242 4629 ecclesie
263 4574 397 4630 albensis
420 4573 562 4630 fidelium
585 4581 761 4632 nostrorum
785 4589 879 4646 super
902 4574 1152 4632 reambulacione
1176 4581 1205 4632 et
1223 4583 1376 4634 metarum

132 4678 268 4735 ereccione
291 4685 524 4752 pronotatarum
549 4679 777 4752 possessionum
803 4685 832 4736 et
849 4679 998 4736 villarum
1015 4679 1089 4738 dicti
1105 4681 1234 4754 capituli
1249 4683 1377 4739 ecclesie

132 4783 316 4851 zagrahiensis
347 4791 489 4858 tempore
521 4787 633 4860 prioris
662 4791 692 4842 et
723 4785 901 4842 immediate
933 4786 1123 4859 precedentis
1153 4788 1249 4859 sigilli
1280 4789 1376 4846 nostri

133 4881 198 4944 lacta
227 4890 317 4947 modo
348 4891 501 4964 premisso
531 4891 698 4962 informati,
733 4898 884 4964 quatenus
913 4893 1003 4950 nobis
1037 4909 1094 4965 per
1128 4901 1376 4966 promemoratos

134 4987 223 5052 fideles
244 5004 363 5056 nostros
386 4997 559 5070 capitulum
582 4997 710 5055 ecclesie
739 4997 875 5055 albensis
898 4997 1086 5056 antedictum
1110 5015 1204 5074 super
1230 5001 1373 5058 reambu-
