3782 5812
625 544 698 601 Doc.
716 553 768 620 37.
796 576 833 586 -
856 543 912 602 An.
936 555 1024 618 1259.
1445 562 1483 620 29

210 740 298 796 turis
320 739 453 796 salutem
486 741 517 797 in
548 741 690 798 omnium
720 739 883 798 salvatore.
914 739 1017 798 Officii
1048 740 1145 798 nostri
1178 739 1319 798 debitum
1342 739 1486 798 remediis

213 846 365 916 invigilat
397 846 618 918 subiectorum,
649 862 722 904 nam
758 845 834 903 dum
866 860 973 904 eorum
1006 847 1133 904 utilitati
1164 846 1380 920 prospicimus,
1412 845 1487 904 dum

212 951 420 1008 concedimus
455 951 627 1026 profutura,
654 951 796 1026 plebium
825 967 972 1010 numerus
1010 941 1119 1010 crescit
1149 952 1260 1024 iugiter
1287 957 1316 1008 et
1348 957 1485 1024 augetur,

206 1057 244 1113 in
283 1071 346 1128 quo
377 1057 458 1128 regis
494 1058 595 1130 gloria
628 1058 804 1131 specialiter
838 1056 1008 1116 denotatur.
1045 1056 1176 1115 Proinde
1203 1056 1242 1114 ad
1269 1058 1485 1116 universorum

206 1163 365 1220 noticiam
388 1163 499 1220 harum
530 1164 609 1222 serie
636 1164 783 1221 volumus
814 1164 986 1238 pervenire,
1010 1163 1093 1235 quod
1127 1178 1198 1220 cum
1228 1164 1366 1237 hospites
1389 1165 1486 1221 nostri

207 1269 255 1326 de
278 1275 384 1326 monte
407 1267 518 1338 Grech,
543 1269 692 1341 Zagrabie
715 1270 880 1339 constituti,
904 1284 1018 1342 magno
1041 1285 1074 1326 se
1098 1275 1301 1342 quererentur
1329 1269 1486 1326 solucione

212 1390 370 1432 censuum
394 1376 567 1447 aggravari,
590 1391 646 1432 nec
671 1376 820 1433 haberent
843 1376 957 1433 silvam
981 1391 1038 1449 pro
1069 1391 1126 1432 usu
1156 1373 1348 1442 eorumdem,
1372 1374 1486 1432 dilecto

209 1489 246 1537 et
269 1480 356 1538 fideli
379 1487 485 1538 nostro
508 1479 665 1553 Stephano
689 1483 770 1539 hano
800 1482 897 1540 tocius
928 1480 1091 1540 Sclauonie
1114 1486 1144 1538 et
1165 1481 1326 1554 capitaneo
1349 1478 1485 1552 Styrnm,

209 1587 363 1644 dedimus
395 1587 427 1644 in
457 1587 619 1656 mandatis,
651 1593 685 1644 ut
715 1592 745 1644 et
775 1586 915 1646 debitum
947 1587 1087 1661 ipsorum
1111 1587 1295 1645 diminueret
1319 1594 1349 1644 et
1372 1586 1485 1643 silvam

211 1693 289 1750 usui
315 1707 423 1750 eorum
446 1698 659 1766 conpetentem
682 1694 859 1766 assignaret.
891 1694 952 1766 Qui
974 1693 1098 1752 tandem
1122 1694 1200 1751 sicut
1223 1693 1313 1750 nobis
1336 1708 1393 1767 per
1415 1705 1486 1750 suas

213 1802 340 1858 litteras
362 1801 518 1859 intimavit
534 1809 563 1858 et
580 1801 652 1858 viva
667 1815 744 1858 voce
767 1802 883 1872 retulit,
908 1799 1095 1858 considendo
1111 1815 1181 1857 cum
1199 1799 1325 1870 eisdem,
1349 1799 1487 1857 maxima

208 1905 410 1964 considerata
434 1907 574 1979 ipsorum
597 1906 852 1964 incommoditate
874 1905 1051 1980 multiplici,
1083 1921 1177 1978 quam
1208 1905 1302 1963 iidem
1327 1906 1357 1962 in
1380 1911 1485 1962 monte

208 2011 320 2070 Grech
344 2011 567 2068 commorando
590 2011 713 2069 assidue
736 2011 933 2080 tollerabant,
957 2011 1061 2069 taliter
1083 2011 1249 2080 ordinavit,
1272 2017 1306 2068 ut
1330 2009 1368 2066 de
1384 2017 1485 2066 cetero

207 2117 364 2176 ducentas
388 2117 604 2174 tantummodo
627 2133 746 2191 pensas,
770 2122 893 2175 monete
913 2117 1038 2188 usualis,
1056 2131 1113 2190 pro
1129 2131 1231 2174 annuo
1252 2131 1344 2173 censu
1361 2114 1390 2171 in
1408 2113 1485 2171 festo

209 2226 316 2282 sancti
340 2225 463 2282 Martini
486 2225 551 2281 sine
574 2224 782 2281 diminucione
805 2225 955 2296 qualibet,
972 2224 1053 2280 hano
1070 2237 1128 2296 pro
1144 2229 1286 2296 tempore
1311 2221 1485 2288 constitum,

209 2332 343 2388 nomine
366 2339 472 2388 nostro
496 2331 618 2387 solvere
641 2335 809 2388 teneantur.
834 2331 965 2388 lnseruit
988 2329 1194 2416 eciamquod
1217 2334 1332 2386 terram
1348 2333 1485 2384 nostram

209 2437 341 2510 Cyblan
367 2438 558 2494 nominatam
582 2452 653 2493 cum
676 2437 765 2494 silvis
787 2444 817 2494 et
840 2437 910 2494 aliis
934 2436 1121 2493 utilitatibus
1145 2451 1180 2492 ac
1203 2434 1399 2508 pertinenciis
1423 2433 1485 2490 suis

211 2545 415 2619 presentibus
438 2548 468 2599 et
491 2543 647 2614 requisitis
669 2544 888 2615 iobagionibus
912 2543 1003 2599 castri
1026 2541 1242 2614 zagrabiensis‚
1272 2539 1388 2597 eisdem
1411 2539 1485 2596 assi-

210 2658 349 2724 gnasset.
373 2649 436 2706 Nos
460 2650 554 2722 igitur
576 2655 606 2706 et
629 2649 841 2722 predictorum
857 2649 973 2706 civium
989 2656 1171 2705 nostrorum
1187 2647 1275 2704 iustis
1298 2651 1327 2703 et
1350 2645 1485 2703 honestis

210 2757 363 2830 precibus
385 2755 532 2820 inclinati,
557 2753 597 2813 id.
621 2753 703 2827 quod
729 2771 785 2828 per
808 2755 870 2812 iam
894 2753 1013 2811 dictum
1036 2753 1164 2810 fidelem
1181 2759 1321 2809 nostrum
1344 2745 1485 2830 S(tepha·

209 2854 305 2936 num)
328 2861 445 2918 benum
469 2859 601 2934 provide
623 2860 740 2918 factum
763 2867 816 2929 est,
842 2861 1036 2934 presentibus
1061 2859 1207 2916 duximus
1227 2857 1484 2915 confirmandum.

211 2968 248 3024 ln
272 2968 362 3024 cuius
384 2968 429 3024 rei
453 2967 638 3024 memoriam
653 2973 683 3024 et
702 2974 885 3041 perpetuam
902 2965 1084 3024 firmitatem
1100 2970 1257 3038 presentes
1280 2965 1485 3021 concessimus

211 3074 337 3131 litteras
361 3072 518 3147 dupplicis
542 3074 638 3145 sigilli
661 3075 759 3131 nostri
782 3074 954 3130 munimine
978 3073 1147 3130 roboratas.
1172 3071 1286 3128 Datum
1304 3086 1360 3144 per
1376 3085 1485 3127 manus

211 3180 359 3252 magistri
382 3178 555 3251 Smaragdi,
579 3180 715 3237 albensis
738 3180 897 3253 prepositi,
929 3180 1000 3235 aule
1031 3185 1134 3236 nostre
1158 3177 1409 3246 vicecancellarii,
1434 3191 1485 3232 ve·

211 3285 366 3342 nerabilis
389 3286 480 3343 electi
503 3285 632 3343 ecclesie
662 3287 863 3356 colochensis,
890 3285 995 3342 dilecti
1019 3291 1048 3342 et
1071 3284 1174 3342 fidelis
1196 3285 1301 3342 nostri.
1325 3285 1415 3340 Anno
1431 3282 1485 3340 do·

214 3391 293 3448 mini
316 3391 487 3448 millesimo
511 3391 720 3450 ducentesimo
744 3393 1002 3464 quinquagesimo
1023 3399 1143 3460 octavu,
1167 3391 1262 3448 tercio
1285 3405 1380 3447 nonas
1402 3389 1484 3472 Julii.

214 3497 315 3569 Regni
339 3504 444 3554 autem
466 3499 563 3554 nostri
586 3513 666 3555 anno
689 3499 838 3556 vicesimo
862 3499 964 3556 tercio

308 3651 449 3716 Originale
469 3651 495 3700 in
514 3652 673 3702 membrana.
694 3652 799 3702 Sericea
818 3668 881 3702 zona
903 3651 979 3701 rubri
999 3659 1025 3702 et
1044 3651 1106 3701 ssavi
1126 3651 1224 3701 coloris
1237 3651 1366 3715 dependet
1385 3650 1485 3712 absque

213 3741 314 3807 sigillo.
336 3739 365 3789 In
385 3740 494 3790 archivo
514 3739 560 3790 lib.
580 3755 634 3807 reg.
656 3740 727 3791 civit.
747 3740 931 3806 zagrabiensis.

324 4043 371 4090 An·
390 4049 464 4104 1259,
478 4051 501 4100 3.
515 4042 616 4106 aprilis.
819 4007 880 4075 37·

215 4185 291 4246 Bela
316 4187 372 4245 IV.
397 4187 575 4260 Hungariae
596 4197 642 4246 ete.
667 4207 729 4256 rex,
746 4189 776 4244 in
793 4189 850 4255 lite,
866 4207 953 4261 quam
968 4187 1071 4244 ci'ori‘as
1086 4185 1282 4258 zagrabe'ensr's
1304 4203 1366 4242 cum
1389 4183 1484 4242 archi-

214 4294 337 4350 diacono
360 4293 450 4350 Petro
472 4293 506 4350 de
528 4295 636 4351 duobus
658 4294 824 4352 molendinis
855 4293 960 4366 agebat
989 4302 1075 4367 atque
1105 4291 1142 4348 ab
1168 4292 1259 4349 eodem
1282 4291 1486 4350 archidiacono

214 4398 364 4456 monachis
387 4399 447 4456 ord,
476 4399 674 4475 cysterciensis
700 4401 822 4468 donatis,
855 4400 950 4457 eadem
974 4399 1103 4473 predicto
1134 4399 1304 4456 monasterio
1330 4397 1484 4455 adtiede'cat.

307 4560 381 4618 Bela
404 4559 454 4618 dei
477 4563 576 4633 gratia
593 4562 736 4635 Vngarie,
753 4561 917 4632 Dalmatie‚
934 4561 1065 4631 Croatie,
1082 4561 1188 4630 Rame,
1209 4559 1323 4620 Seruie.
1348 4559 1485 4628 Gallitie,

215 4666 414 4734 lodomerie,
438 4665 649 4739 Cumanieque
671 4683 734 4725 rex.
758 4667 911 4725 Omnibus
934 4673 1091 4740 presentes
1108 4668 1225 4724 litteras
1241 4668 1424 4741 inspecturis
1440 4682 1486 4724 sa·

213 4775 316 4830 lutem
339 4773 371 4829 in
403 4773 544 4829 omniurn
575 4775 737 4831 salvatore.
769 4773 819 4830 Ad
850 4773 1065 4831 universorum
1097 4773 1238 4830 notitiam
1266 4774 1377 4830 harum
1408 4773 1486 4830 serie

214 4879 365 4936 volumus
382 4878 556 4950 pervenire,
572 4880 654 4951 quod
671 4895 742 4938 cum
760 4879 822 4938 duo
839 4879 1016 4936 molendina
1033 4895 1127 4953 super
1142 4877 1281 4948 fluvium,
1299 4880 1353 4951 qui
1369 4885 1486 4937 terram

214 4983 426 5056 zagrabiensis
450 4984 579 5057 capituli
609 5001 627 5044 a
657 4993 739 5045 terra
771 4987 862 5044 castri
892 4987 990 5042 nostri
1021 4984 1059 5042 de
1088 4985 1190 5043 Grech
1218 4984 1339 5056 dividit,
1362 4985 1393 5042 in
1418 4986 1485 5050 solo
