3728 5806
705 565 778 622 Dae.
797 578 873 642 342.
893 579 968 641 343.
997 599 1032 606 -
1058 565 1115 622 An.
1141 578 1356 640 1390-1391.

1487 671 1663 678 -——-——.—

990 757 1079 824 342.

503 883 579 930 Anno
602 889 674 943 1390.
695 890 736 928 22.
756 879 914 929 novembris.
936 879 1032 929 Budae.

397 1007 503 1064 Maria
530 1008 632 1080 regina
663 1007 847 1079 ffiengoriae,
871 1007 945 1062 bano
967 1008 1087 1064 Detre'co
1110 1008 1209 1065 Bubek
1231 1010 1355 1078 nuntiae,
1378 1027 1406 1066 se
1429 1010 1501 1066 velle
1524 1018 1562 1066 ul
1581 1028 1666 1066 causa

397 1116 474 1170 inter
494 1114 568 1170 cibes
597 1111 770 1171 Grecleenses
793 1121 821 1169 et
841 1115 997 1186 capitulum
1019 1115 1137 1187 zagrab.
1161 1114 1196 1170 de
1217 1114 1341 1188 quodam
1357 1117 1422 1171 zv'ro
1436 1115 1563 1190 neforto,
1585 1135 1665 1190 quem

631 1221 705 1276 cives
727 1217 889 1276 occtilerant
908 1219 951 1275 ad
969 1238 1089 1277 examen
1113 1222 1261 1278 lavamiei
1280 1220 1438 1296 deferatur.

943 1353 1035 1398 Relacio
1051 1354 1135 1398 domini
1148 1354 1260 1400 lobannis
1273 1355 1435 1411 archiepiscopi
1449 1355 1611 1410 strigoniensis.

488 1471 585 1527 Maria
615 1470 665 1527 dei
695 1471 799 1543 gracia
826 1471 932 1543 regina
954 1471 1121 1544 Hungarie,
1145 1472 1314 1542 Dalmacie,
1338 1470 1465 1530 Croacie
1488 1477 1544 1530 etc.
1568 1472 1664 1530 Fideli

399 1592 454 1634 suo
478 1575 644 1648 magnifico
667 1577 735 1634 viro
759 1576 886 1634 domino
910 1576 1034 1634 Detrico
1051 1577 1165 1648 Bubeir,
1182 1578 1268 1649 regni
1284 1579 1381 1636 nostri
1397 1577 1561 1637 Sclauonie
1577 1579 1663 1649 banc,

398 1683 529 1740 salutem
560 1689 590 1738 et
620 1682 765 1754 graciam.
796 1681 841 1738 Ex
873 1683 1039 1754 querulosa
1070 1683 1296 1755 significacione
1325 1683 1468 1741 fidelium
1497 1685 1613 1742 civium
1636 1692 1664 1742 et

398 1789 555 1863 hospitum
587 1795 763 1846 nostrorum
794 1787 833 1844 de
860 1787 1011 1860 Zagrabia
1033 1789 1123 1846 nobis
1151 1787 1240 1857 iacta,
1265 1789 1481 1860 intelleximus,
1506 1790 1590 1862 quod
1614 1792 1665 1847 bo-

397 1895 538 1952 norabile
566 1894 740 1967 capitulum
771 1894 897 1950 ecclesie
927 1895 1132 1966 zagrabiensis
1161 1895 1245 1968 ipsos
1267 1901 1395 1968 propter
1419 1894 1664 1953 interfercionem

398 2000 559 2058 cuiusdam
583 1999 746 2057 familiaris
778 2000 926 2072 ipsorum,
953 2001 1110 2056 notorium
1134 1999 1374 2070 malefactorem,
1398 2017 1456 2074 pro
1480 2002 1544 2057 suis
1567 2017 1665 2058 exces-

398 2107 484 2163 sibus
507 2107 538 2162 in
561 2105 663 2162 medio
695 2105 792 2177 ipsius
823 2105 956 2161 civitatis
983 2106 1133 2177 legittime
1157 2105 1278 2176 iactam,
1303 2106 1397 2162 vestn¹
1420 2105 1450 2162 in
1475 2109 1664 2178 presenciam

397 2213 427 2268 in
452 2227 576 2269 causam
600 2212 811 2278 attraxissent,
836 2217 866 2268 et
889 2225 945 2266 vos
968 2211 1053 2283 ipsos
1069 2210 1106 2266 ad
1124 2226 1232 2267 eorum
1248 2211 1459 2284 requisicionis
1476 2212 1662 2282 instanciam,

398 2325 501 2375 vestro
524 2317 637 2374 iudicio
660 2323 759 2373 astare
783 2315 939 2387 fecissetis,
971 2333 1007 2373 ac
1029 2332 1123 2390 super
1150 2316 1230 2373 iacto
1253 2319 1393 2390 potencie
1416 2324 1522 2375 contra
1546 2319 1660 2376 dictum

399 2424 572 2497 capitulum
595 2424 751 2480 convictos
775 2421 840 2478 iore
863 2423 1131 2495 pronunciassetis,
1161 2424 1191 2479 in
1216 2422 1421 2495 preludicium
1444 2425 1560 2480 civium
1585 2426 1664 2497 ipso·

397 2544 467 2586 rum
493 2535 585 2602 atque
609 2527 795 2599 derogamen
819 2527 911 2584 valde
935 2543 1098 2600 magnum;
1121 2543 1191 2584 cum
1216 2535 1317 2584 tamen
1342 2528 1435 2585 iidem
1460 2529 1544 2586 cives
1567 2539 1597 2587 et
1612 2531 1663 2586 ho-

398 2637 493 2708 spites
516 2635 612 2692 nostri
645 2635 766 2690 racione
790 2634 943 2690 illacionis
965 2635 1156 2704 iniuriarum,
1180 2633 1388 2707 dampnorum
1413 2643 1443 2692 et
1467 2642 1662 2694 nocumento-

397 2757 476 2803 rum.
515 2756 574 2813 que
605 2756 662 2812 per
693 2739 872 2813 quempiam
904 2740 947 2795 eis
981 2741 1181 2813 inpinguntur
1212 2755 1272 2796 non
1303 2747 1406 2797 vestro
1437 2741 1490 2797 sed
1519 2742 1664 2813 magistro

398 2847 628 2912 tavarnicorum
652 2845 802 2916 regalium
827 2845 940 2901 iudicio
964 2846 1160 2902 subiciantur.
1196 2844 1299 2918 Quare
1323 2853 1426 2903 vestre
1449 2847 1593 2904 fidelitati
1615 2847 1665 2904 fir·

398 2955 490 3010 miter
513 2953 672 3022 edicimus,
697 2958 847 3023 quatenus
870 2951 945 3008 visis
970 2952 1164 3024 presentibus
1188 2957 1286 3008 totum
1310 2968 1490 3025 processum
1509 2953 1580 3011 facti
1596 2970 1662 3026 pre·

398 3059 485 3116 missi
509 3058 675 3116 simulcum
697 3057 808 3113 litteris
832 3057 1029 3114 iudicialibus
1053 3057 1344 3130 quomodocumque
1360 3073 1452 3114 causa
1468 3059 1498 3115 in
1515 3060 1663 3132 premissa

397 3164 543 3222 coniectis
567 3171 597 3220 et
620 3163 776 3232 emanatis,
801 3177 878 3234 quas
902 3178 956 3219 nos
980 3164 1091 3220 harum
1115 3165 1193 3220 serie
1217 3163 1363 3220 duximus
1383 3164 1551 3222 revocandi
1566 3173 1597 3221 et
1612 3181 1665 3238 per

397 3272 502 3328 omnia
534 3271 654 3328 viribus
685 3270 843 3340 carituras,
876 3271 1023 3338 revocari,
1052 3271 1214 3342 ipsamque
1244 3285 1369 3326 causam
1393 3277 1473 3328 statu
1498 3271 1531 3328 in
1553 3271 1659 3328 eodem

397 3378 514 3450 absque
545 3377 629 3433 omni
660 3376 841 3448 gravamine
873 3375 910 3430 ad
936 3377 1127 3447 presenciam
1151 3377 1247 3449 ipsius
1272 3377 1412 3448 magistri
1436 3378 1662 3433 tavarnicorum

397 3485 549 3556 regalium
582 3482 788 3539 transmittere
821 3481 967 3550 debeatis,
1001 3497 1057 3555 per
1085 3483 1187 3554 ipsum
1217 3481 1255 3537 de
1278 3497 1360 3538 novo
1384 3481 1612 3540 discuciendam
1636 3488 1663 3538 et

397 3589 458 3647 fine
482 3589 588 3646 debito
611 3586 885 3657 determinandam,
909 3587 1031 3659 penitus
1054 3603 1110 3644 vos
1133 3587 1163 3644 in
1180 3588 1268 3644 nullo
1284 3603 1408 3644 causam
1424 3588 1464 3645 ad
1481 3589 1661 3662 premissam

397 3694 645 3762 intromittendo;
676 3699 705 3750 et
735 3693 821 3750 aliud
851 3707 912 3750 non
943 3692 1061 3750 facturi.
1097 3693 1254 3750 Presentes
1280 3699 1383 3750 autem
1420 3699 1490 3766 post
1515 3696 1657 3752 lectivam
1723 3761 1727 3771 Ι

396 3800 485 3857 reddi
509 3801 651 3857 iubemus
675 3799 869 3873 presentanti.
893 3798 1009 3855 Datum
1033 3797 1125 3870 Bada,
1151 3800 1181 3856 in
1198 3797 1275 3855 festo
1293 3799 1381 3854 beate
1397 3798 1513 3856 Cecilie
1531 3800 1663 3871 virginis.

397 3909 487 3963 Anno
511 3905 629 3962 domini
654 3905 822 3961 millesimo
846 3904 923 3960 CCC
947 3905 1153 3976 nonagesimo.

487 4021 627 4087 Originale
647 4021 673 4071 in
692 4021 843 4070 membrana
857 4021 977 4086 sigillum
997 4021 1160 4086 impressum.
1192 4019 1221 4070 ln
1240 4021 1324 4071 achiv.
1345 4021 1390 4070 lib.
1411 4037 1468 4086 reg.
1489 4022 1539 4072 civ.
1563 4021 1663 4088 zagrab.

987 4233 1076 4299 343.

503 4363 579 4411 Anno
604 4368 676 4422 1391,
696 4367 736 4408 21.
755 4356 852 4408 martii.
874 4355 904 4406 ln
924 4357 1029 4421 Segesd.

397 4491 502 4548 Maria
524 4489 626 4563 regina
641 4487 818 4560 Hungatiae
842 4485 977 4541 ΝἰααΙααα
999 4484 1033 4540 de
1053 4483 1171 4540 Καναῖα
1192 4486 1373 4542 tavarnicum
1396 4487 1541 4542 certiorem
1564 4483 1660 4572 reddit,

398 4615 513 4655 causam
537 4598 613 4653 inter
633 4595 777 4668 capitelam
792 4592 909 4666 zagrab.
933 4601 960 4648 et
981 4592 1055 4647 cives
1079 4588 1244 4650 Greclzense
1269 4592 1303 4649 ele
1325 4600 1414 4649 morte
1435 4591 1584 4649 deciesdeni
1606 4591 1660 4647 αι’ννΙ

602 4701 714 4776 nefarii
733 4701 763 4756 in
786 4699 918 4756 examine
940 4699 1047 4770 regalis
1069 4698 1166 4754 αανίαι
1187 4715 1244 4754 esse
1267 4697 1457 4754 ανααααπαίανη.

1096 4813 1187 4857 Relacio
1202 4814 1303 4869 magistri
1317 4813 1435 4868 Johannis,
1451 4813 1491 4856 filii
1506 4813 1608 4856 Dimitrii.

485 4920 583 4977 Maria
605 4917 655 4975 dei
677 4916 781 4988 gracia
803 4915 909 4986 regina
932 4913 1098 4985 Hungarie,
1123 4913 1291 4985 Dalmacie‚
1320 4913 1449 4970 Croacie
1472 4919 1527 4969 etc.
1560 4910 1655 4968 Fideli

396 5042 452 5085 suo
475 5024 640 5098 magnifico
662 5024 731 5080 viro
755 5021 880 5080 domino
904 5019 1032 5077 Nicolao
1055 5019 1093 5076 de
1116 5019 1239 5090 Kanisa,
1262 5019 1412 5091 magistro
1428 5017 1653 5076 tavarnicorum
