3728 5806
370 536 441 628 '306
690 557 763 616 Doc.
782 568 855 634 327.
873 555 949 634 328.
973 593 1009 601 -
1028 561 1083 617 An.
1108 556 1325 640 1384—1387.

378 755 450 812 teris
472 757 585 813 nostris
607 753 783 829 patentibus
806 758 899 815 inseri
922 757 1051 816 fecimus
1075 759 1212 818 uberiori
1235 777 1293 835 pro
1316 763 1444 820 cautela
1469 763 1585 822 Datum
1607 766 1639 824 in

377 857 455 917 festo
479 862 642 920 beatorum
663 861 776 920 Cosme
799 871 828 920 et
852 863 995 922 Damiani
1018 866 1190 924 martirum.
1212 870 1300 925 Anno
1316 867 1435 926 domini
1450 871 1638 943 supradicto.

465 978 606 1044 Originale
625 979 652 1029 iu
672 980 771 1039 charta,
789 997 804 1030 a
824 988 900 1047 tergo
920 982 1076 1047 impressum
1096 983 1216 1050 sigillum
1235 985 1388 1050 capitulare.
1414 985 1445 1036 In
1470 986 1578 1038 archivo
1590 987 1637 1038 lib.

375 1083 430 1134 reg.
450 1068 522 1118 civit.
541 1069 646 1135 zagrab.

968 1247 1053 1316 327.

466 1391 556 1440 'Anno
579 1389 652 1450 1384,
672 1398 712 1451 29.
732 1387 897 1453 septembris.
915 1388 1063 1440 Cassoviae.

374 1517 524 1575 Elisabeth
554 1517 656 1590 regzna
692 1516 869 1589 Hnngariae
899 1516 1007 1573 civibus
1044 1516 1251 1576 Greclensibns
1272 1527 1306 1577 ut
1325 1522 1436 1578 caream
1458 1525 1637 1597 epoeaptalern

374 1632 403 1680 et
421 1624 577 1697 capitulam
600 1622 818 1695 aggrediantur,
842 1622 915 1678 bana
939 1623 969 1677 in
977 1623 1122 1694 praedam
1141 1633 1310 1682 convertant
1322 1627 1503 1702 lamenesqae
1517 1630 1638 1687 vinculis

764 1730 940 1803 mancipatas
962 1735 1084 1800 teneant,
1099 1731 1251 1804 praecipit.

461 1876 599 1933 Elisabet
621 1874 670 1931 dei
694 1874 798 1945 gracia
824 1873 930 1945 regina
960 1872 1126 1945 Huugarie,
1156 1875 1293 1946 Polonie‚
1324 1875 1486 1934 Dalmacie
1508 1883 1562 1936 etc.
1586 1879 1635 1936 Fi-

373 1983 496 2041 delibus
518 1982 582 2038 suis
604 1980 699 2038 iudici
722 1987 752 2036 et
775 1980 883 2037 iuratis
905 1979 1026 2035 civibus
1050 1978 1089 2036 de
1112 1979 1264 2052 Zagrabia
1279 1982 1411 2039 salutem
1435 1990 1465 2040 et
1488 1986 1631 2056 graciam.

372 2089 452 2161 Quia
476 2087 671 2161 percepimus
701 2085 838 2143 veridico
869 2101 906 2142 ex
937 2085 1046 2154 relatu,
1077 2085 1162 2156 quod
1191 2087 1382 2144 honorabilis
1413 2089 1462 2146 vir
1493 2090 1634 2148 dominus

370 2196 525 2278 Johannes
548 2193 587 2250 de
609 2193 773 2263 Pensauro,
797 2191 991 2248 decretorum
1015 2191 1130 2261 doctor,
1155 2193 1304 2250 collector
1334 2196 1487 2265 generalis
1514 2202 1635 2270 aposto·

371 2301 430 2358 lice
454 2299 542 2370 sedis,
560 2299 651 2357 nobis
667 2305 697 2356 et
720 2291 846 2375 incliltis
862 2289 1040 2372 regnicolis)
1056 2299 1169 2355 nostris
1185 2298 1316 2356 assiduis
1340 2302 1535 2372 temporibus
1551 2317 1635 2359 mera

370 2407 467 2464 astitit
488 2405 639 2463 fidelitate
661 2419 699 2461 ac
722 2405 840 2460 sincero
865 2401 1026 2473 famulatu,
1059 2419 1152 2476 quem
1178 2421 1258 2461 nunc
1281 2421 1338 2478 per
1360 2405 1493 2463 Paulum
1516 2409 1634 2481 episco-

370 2527 448 2586 pum
470 2511 699 2583 zagrabiensem
723 2515 754 2566 et
776 2510 841 2566 eius
863 2509 1015 2565 vicarium
1039 2515 1104 2566 tam
1126 2509 1157 2566 in
1180 2510 1251 2580 suis,
1276 2525 1370 2582 quam
1387 2511 1477 2569 bonis
1494 2521 1524 2569 et
1540 2513 1632 2570 rebus

369 2618 548 2692 apostolicis
570 2617 719 2673 sentimus
742 2613 878 2687 dampna
901 2615 1075 2687 percepisse
1091 2623 1120 2672 et
1143 2615 1352 2672 indelebiliter
1367 2615 1632 2690 dampnificatum,

369 2725 504 2781 velimus
527 2722 596 2780 ideo
620 2737 638 2778 a
661 2720 811 2778 fidelitate
834 2727 945 2790 vestra,
969 2719 1061 2776 firmo
1086 2722 1217 2793 reginali
1238 2721 1344 2778 dantes
1361 2723 1420 2779 sub
1436 2723 1545 2793 edicto,
1561 2739 1635 2796 qua-

368 2839 456 2888 tenus
479 2830 582 2886 statim
608 2843 682 2885 mox
705 2828 779 2884 visis
803 2827 997 2899 presentibus
1018 2825 1056 2881 ad
1089 2827 1206 2883 curiam
1239 2827 1335 2898 ipsius
1359 2827 1497 2901 episcopi
1522 2836 1552 2886 et
1574 2830 1634 2885 cel-

369 2937 483 2994 larium
514 2951 606 2992 suum
635 2933 784 3006 Zagrabie
815 2933 958 2989 habitum
990 2931 1074 2987 iuxta
1105 2931 1360 2990 informacionem
1391 2935 1489 3006 ipsius
1517 2934 1633 2991 domini

368 3043 516 3126 Johannis
538 3057 600 3098 una
622 3056 693 3096 cum
715 3031 849 3096 dominis
872 3037 911 3095 de
934 3038 1017 3094 dicto
1040 3038 1177 3110 capitulo
1209 3039 1399 3110 zagrabiensi
1428 3039 1580 3097 accedatis
1604 3047 1634 3096 et

367 3150 511 3206 universa
544 3148 625 3205 bona
656 3147 731 3203 inibi
766 3143 947 3218 reperienda
978 3145 1008 3200 in
1041 3141 1170 3216 predam
1206 3146 1400 3214 convertatis,
1432 3145 1540 3203 eadem
1574 3161 1633 3219 pro

367 3256 458 3312 nobis
481 3254 606 3310 tandem
630 3250 825 3320 reservanda,
850 3257 879 3306 et
903 3251 928 3307 si
952 3250 1102 3320 homines
1126 3249 1269 3306 videlicet
1294 3251 1409 3306 vicario
1436 3249 1632 3308 adherentes·

367 3377 427 3433 que
451 3367 480 3416 et
504 3358 673 3415 familiares
696 3355 930 3430 apprehendere
953 3356 1102 3428 poteritis,
1126 3355 1211 3428 ipsos
1241 3371 1299 3427 pro
1330 3356 1420 3412 nobis
1444 3359 1631 3413 conservatis

369 3466 499 3523 vinculis
515 3465 721 3537 mancipatos;
745 3461 831 3519 aliud
855 3462 950 3534 igitur
969 3461 1046 3517 sicut
1069 3461 1286 3532 gravissimam
1314 3461 1562 3533 indignacionem
1585 3464 1630 3520 in·

366 3588 489 3630 currere
513 3570 728 3645 pertimescitis
751 3585 811 3626 non
835 3567 945 3626 facturi
968 3568 998 3624 in
1023 3568 1189 3641 premissis.
1220 3568 1335 3624 Datum
1358 3569 1388 3625 in
1413 3569 1537 3626 civitate
1559 3569 1631 3626 Cas-

366 3679 507 3748 souiensi‚
532 3679 562 3734 in
583 3675 661 3734 sesto
677 3675 760 3732 beati
776 3675 946 3746 Mychaelis
961 3673 1147 3744 archangeli.
1166 3675 1254 3730 Anno
1271 3673 1389 3731 domini
1406 3673 1629 3730 MCCCLXXX

366 3791 484 3857 quarto,

453 3901 593 3967 Originale
613 3899 639 3950 in
652 3899 750 3959 charta,
769 3915 784 3948 a
803 3904 879 3963 tergo
895 3897 1051 3962 impressum
1069 3901 1107 3945 est
1121 3895 1240 3962 sigillum
1254 3896 1369 3962 reginae,
1383 3898 1501 3946 lacerum
1514 3904 1539 3948 et
1552 3899 1628 3948 valde

365 4007 478 4040 exesum.
499 3990 530 4040 In
548 3989 619 4040 arch.
639 3989 685 4038 lib.
705 4003 760 4054 reg.
781 3987 830 4038 civ.
850 3987 953 4051 zagrab.

951 4181 1039 4250 328.

470 4332 546 4381 Anno
568 4329 641 4388 1387.
662 4339 703 4392 29.
720 4326 842 4393 januarii.
862 4325 1015 4390 Zagrabiae.

327 4431 331 4438 ’
369 4439 502 4499 Civitatis
533 4439 636 4496 monne
662 4437 834 4496 Greclzensis
864 4437 1049 4493 comatunitas
1078 4433 1191 4491 cuidam
1228 4433 1333 4492 Clarae
1364 4436 1454 4492 uxori
1480 4434 1627 4492 Zaleartae

436 4548 554 4618 Gallici,
569 4546 759 4620 passessiones
783 4543 948 4616 Zagrabeae
971 4542 1106 4611 obtentas,
1130 4559 1203 4599 nano
1225 4541 1387 4599 docunnnto
1409 4543 1565 4617 confimat.

451 4693 514 4751 Nos
537 4693 699 4776 Johannes,
722 4689 806 4746 filius
828 4689 925 4758 Pauli,
949 4686 1051 4758 iudex,
1082 4685 1264 4760 Stephanus.
1295 4686 1435 4756 Mathias,
1460 4686 1623 4769 Johannes,

362 4801 525 4883 Johannes,
550 4797 731 4866 Anthonium
755 4793 922 4867 Gyaninus,
945 4793 1099 4876 Johannes
1132 4797 1162 4848 et
1196 4791 1405 4850 Wallentinus
1432 4793 1532 4863 iurati,
1556 4809 1625 4850 con·

362 4905 470 4963 siliarii
502 4911 533 4961 et
561 4901 699 4960 universi
729 4901 811 4958 cives
843 4900 955 4956 montis
986 4897 1154 4957 Grecensis.
1187 4898 1336 4955 Memorie
1363 4898 1624 4965 commendamus,

361 5009 446 5084 quod
469 5011 542 5084 quia
564 5023 628 5081 nos,
652 5006 797 5064 videlicet
820 5005 1033 5075 communitas,
1057 5019 1115 5076 pro
1139 5003 1328 5076 quibusdam
1357 5003 1469 5060 nostris
1491 5003 1624 5075 negociis
