3600 5804
395 569 454 626 190
812 551 883 608 Dec.
908 563 974 607 211.
999 582 1040 592 -
1065 548 1120 607 An.
1147 559 1232 626 1547.

391 747 592 818 sideracione‚
627 747 819 806 honorabilis
856 749 904 805 vir
940 747 1084 806 dominus
1120 747 1288 830 Johannes‚
1326 739 1574 824 (archidiaconus)
1606 746 1637 803 de

391 852 542 924 Guerclre,
565 862 669 911 noster
691 855 923 924 concanonicus
943 853 981 912 ad
998 852 1212 926 ampliandam
1227 854 1360 926 gloriam
1377 852 1513 909 eiusdem
1536 851 1637 909 domini

392 961 583 1033 precursoris
606 961 637 1018 in
661 961 752 1018 terris
775 965 805 1016 et
829 960 1003 1034 profectum
1021 959 1130 1016 salutis
1145 959 1260 1016 Christi
1276 958 1427 1028 fidelium,
1443 974 1535 1032 supra
1549 959 1635 1014 uicum

394 1072 549 1136 nostrum,
568 1083 676 1124 versus
700 1073 827 1136 montes
860 1068 889 1125 in
923 1067 1077 1124 territorio
1108 1082 1187 1122 nove
1218 1066 1294 1122 ville
1325 1071 1437 1134 nostre,
1468 1064 1576 1121 ibidem
1596 1063 1636 1120 de-

395 1174 492 1229 crevit
515 1179 544 1230 et
568 1174 668 1230 voluit
692 1175 721 1231 in
745 1174 861 1231 honore
892 1172 1030 1231 eiusdem
1062 1172 1233 1229 beatissimi
1263 1172 1412 1255 Johannis
1439 1169 1595 1228 hedificare
1615 1179 1638 1226 et

394 1293 633 1352 consumpmare
654 1281 815 1338 ecclesiam
841 1279 977 1354 propriis
1000 1280 1178 1352 sumptibus
1201 1283 1232 1336 et
1255 1279 1408 1352 expensis,
1424 1277 1518 1334 Cuius
1532 1292 1582 1334 nos
1596 1276 1638 1332 de·

395 1385 556 1442 vocionem
580 1386 609 1442 in
633 1387 691 1442 lrac
714 1393 802 1460 parte
817 1386 932 1443 racioni
949 1399 1113 1442 consonam
1134 1384 1328 1442 advertentes
1351 1391 1381 1441 et
1403 1389 1506 1441 nostre
1528 1383 1639 1439 ecclesie

394 1508 429 1548 ac
452 1491 542 1548 nobis
566 1491 680 1548 nedum
705 1492 908 1566 spiritualiter
930 1491 982 1548 sed
1015 1495 1044 1547 et
1076 1491 1289 1563 temporaliter
1319 1490 1428 1548 utilem
1453 1496 1482 1547 et
1504 1487 1639 1560 multipli-

394 1598 469 1656 citer
492 1596 690 1668 fructuosam,
715 1613 773 1671 pro
796 1599 865 1656 loco
888 1599 986 1671 ipsius
1009 1597 1145 1655 ecclesie.
1169 1597 1228 1654 sub
1252 1597 1347 1669 siguis
1369 1595 1576 1669 infrascriptis,
1590 1601 1640 1650 ter-

393 1719 459 1761 ram
485 1705 515 1761 in
539 1704 643 1761 dotem
667 1709 696 1760 et
721 1718 779 1776 pro
802 1720 858 1760 usu
882 1704 1007 1777 plebani
1032 1703 1168 1761 eiusdem
1193 1703 1321 1760 ecclesie
1343 1718 1400 1776 pro
1432 1708 1566 1774 tempore
1581 1715 1641 1757 con·

393 1811 499 1880 stituti‚
523 1826 594 1868 cum
618 1809 747 1868 decimis
777 1811 923 1867 omnibus
954 1811 984 1867 in
1018 1810 1111 1867 blado
1143 1825 1339 1882 quocumque
1362 1810 1413 1866 vel
1440 1824 1535 1880 grano
1557 1809 1642 1865 tocius

395 1917 541 1974 territorii
564 1931 644 1974 nove
668 1917 744 1973 ville
767 1915 904 1990 predicte
935 1916 1154 1990 deputavimus
1181 1917 1421 1989 inperpetuum
1446 1921 1476 1972 et
1499 1915 1642 1972 donamus.

394 2021 591 2096 Quequidem
616 2029 698 2080 terra
722 2023 829 2096 incipit
852 2038 870 2078 a
894 2028 983 2096 parte
1014 2022 1179 2080 occidentis
1203 2039 1219 2080 a
1244 2021 1338 2079 fluvio
1361 2021 1576 2079 Cirkueniscbe
1598 2035 1643 2076 vo·

393 2137 461 2186 cato
492 2134 521 2185 et
553 2128 748 2202 protenditur
778 2129 860 2185 ultra
892 2144 1037 2200 magnam
1069 2130 1152 2187 viam
1185 2144 1292 2185 versus
1320 2129 1470 2186 orientem
1495 2125 1645 2200 usquead

393 2241 490 2291 terras
514 2234 632 2292 domini
655 2236 751 2293 nostri
785 2235 923 2308 episcopi
946 2235 984 2292 ad
1009 2237 1114 2292 vicum
1145 2235 1325 2292 Latinorum
1352 2235 1548 2307 pertinentes,
1570 2235 1645 2290 cuius

393 2340 523 2397 latitudo
546 2349 676 2415 occupat
700 2347 730 2398 et
753 2340 845 2397 debet
872 2342 1027 2398 continere
1058 2341 1174 2414 ubique
1205 2340 1336 2397 ducenta
1359 2341 1487 2397 brachia
1510 2338 1547 2396 ad
1570 2353 1645 2396 men·

391 2461 496 2504 suram
517 2462 697 2519 pannorum.
715 2447 748 2504 lu
765 2463 899 2519 quorum
916 2448 1125 2506 testimonium
1143 2455 1172 2504 et
1189 2453 1372 2520 perpetuam
1389 2447 1567 2503 firmitatem
1582 2460 1643 2518 pre-

391 2559 491 2610 sentes
514 2554 720 2610 concessimus
755 2553 914 2626 pendentis
937 2553 1032 2624 sigilli
1055 2554 1151 2610 nostri
1168 2553 1339 2611 munimine
1355 2554 1524 2610 roboratas.
1541 2551 1645 2608 Datum

390 2660 422 2716 in
446 2659 553 2731 vigilia
576 2659 659 2716 beati
683 2659 851 2716 Laurencii.
877 2661 966 2716 Anno
989 2658 1107 2716 domini
1132 2658 1299 2716 MCCCXL
1322 2660 1466 2732 septimo

481 2813 503 2862 E
522 2813 593 2863 libro
612 2814 706 2864 Statut.
727 2829 781 2878 cap.
796 2814 900 2880 zagrab.
920 2814 993 2880 Joan.
1008 2813 1123 2863 Tkaleie.
1139 2813 1207 2864 Mon.
1222 2813 1281 2863 hist.
1296 2813 1374 2878 episc.
1388 2814 1494 2878 zagtab.
1513 2812 1546 2862 11.
1559 2829 1582 2878 p.
1599 2821 1647 2870 143*

985 3118 1061 3184 211.

499 3257 576 3309 Circa
596 3275 691 3311 annum
713 3269 785 3323 1347·
805 3261 958 3328 Zagrabiae.

429 3406 551 3465 Erectae
565 3409 726 3481 parochiae
747 3428 768 3466 s.
786 3409 937 3486 Johannis
960 3408 990 3466 in
1014 3426 1090 3465 nerra
1113 3409 1185 3466 oilla
1210 3407 1385 3482 Zagrabr'ae‚
1408 3409 1570 3466 elocutiones
1591 3419 1613 3464 ct

560 3517 747 3574 concessiones
769 3535 789 3572 a
811 3517 935 3590 capitulo
957 3516 1074 3588 zagrab.
1090 3517 1202 3590 sactae,
1226 3524 1486 3572 cottrtnemorantur.

481 3675 633 3750 Quamvis
655 3679 783 3736 ecclesia
806 3673 901 3757 (beati
931 3670 1091 3761 Johannis)
1124 3678 1258 3752 baptiste
1289 3684 1318 3734 et
1349 3679 1470 3750 capella
1498 3678 1576 3734 beati
1597 3675 1645 3732 Za·

393 3782 478 3840 karle
501 3799 596 3857 supra
619 3791 759 3842 nostrum
783 3779 985 3861 (territorium
1009 3775 1091 3860 sunt)
1111 3783 1250 3841 edificate
1267 3789 1297 3841 et
1313 3790 1486 3840 constructe
1509 3799 1578 3840 cum
1600 3797 1645 3838 ex·

394 3889 496 3962 pensis
520 3889 637 3947 domini
659 3891 807 3972 Johannis
831 3884 1050 3968 (archidiaconi
1067 3889 1105 3946 de
1121 3883 1283 3966 Guerche),
1301 3896 1402 3947 tamen
1425 3905 1485 3946 non
1503 3891 1532 3946 in
1549 3888 1645 3962 paucis

394 4001 464 4052 sunt
487 3996 584 4052 eciam
607 4012 664 4069 per
686 4011 741 4054 nos
765 3997 912 4054 honorate
936 4004 965 4053 et
988 3995 1098 4053 dotale.
1124 3993 1227 4054 Primo
1258 3997 1350 4067 enim,
1380 3995 1419 4052 de
1448 3996 1551 4068 spacio
1573 4003 1646 4052 terre

394 4102 425 4158 in
451 4117 513 4174 quo
536 4101 686 4170 existunt;
710 4101 853 4172 secundo,
877 4101 1103 4160 condonacione
1133 4101 1233 4175 predii
1255 4101 1383 4160 inferior
1413 4102 1517 4159 Blizna
1547 4101 1648 4166 vocati,

394 4206 498 4264 donati
520 4223 576 4279 per
599 4207 730 4264 eundem
754 4207 1004 4265 archidiaconum
1021 4215 1051 4265 et
1066 4201 1297 4286 (decima)ci0ne
1314 4207 1394 4265 lacta
1409 4225 1467 4282 per
1482 4223 1537 4265 nos
1553 4207 1646 4265 eidem

394 4312 520 4370 ecclesie
546 4314 641 4370 sancti
664 4314 812 4395 Johannis
836 4312 874 4370 de
897 4315 966 4388 ipso
985 4314 1114 4386 .predio;
1137 4314 1239 4385 tercio,
1260 4313 1298 4370 de
1321 4314 1501 4371 remissione
1524 4313 1648 4370 decima·

393 4435 465 4476 rum
488 4419 647 4477 cuiusdam
672 4421 760 4477 vinee
784 4419 822 4477 de
846 4435 927 4477 novo
951 4421 1088 4494 plantate
1117 4436 1189 4477 cum
1220 4421 1362 4494 expensis
1395 4419 1533 4477 eiusdem
1557 4419 1647 4477 archi·

394 4524 514 4582 diaconi
537 4541 631 4598 super
654 4531 792 4582 montem
816 4541 963 4597 magnum
987 4541 1086 4599 prope
1109 4527 1291 4584 Heremitas.

483 4678 504 4727 E
523 4678 594 4729 libro
614 4679 738 4729 Statutor.
753 4695 808 4728 ven.
824 4679 901 4744 capit.
916 4681 1020 4745 zagrab.
1036 4707 1066 4718 -
1080 4681 1153 4746 Joan.
1168 4679 1285 4730 Tratrie.
1299 4681 1368 4731 Mon.
1382 4681 1442 4732 hist.
1458 4682 1536 4746 episc.
1551 4680 1648 4744 zagrab

395 4769 446 4818 vol.
466 4766 499 4817 11.
520 4782 579 4833 pag.
603 4777 657 4829 142.
