3728 5806
374 535 433 593 282
787 533 860 591 Doc.
884 530 958 608 298.
986 569 1022 578 —
1048 537 1103 593 An.
1128 532 1220 614 1380.

370 733 477 790 salute.
509 731 631 790 Dicitur
661 733 750 790 nobis
780 734 810 791 in
842 735 982 806 personis
1012 734 1130 806 iudicis,
1163 736 1337 794 iuratorum
1370 741 1399 792 et
1422 735 1642 794 universorum

370 838 487 895 civium
510 852 564 894 seu
587 838 746 911 hospitum
770 840 883 897 montis
906 838 1090 898 Grechensis
1112 839 1150 898 de
1173 839 1334 914 Zagrabia,
1359 841 1448 913 gravi
1473 857 1545 898 cum
1566 857 1642 914 que·

370 945 445 1015 reia,
469 943 554 1016 quod
578 960 649 1001 cum
678 944 754 1002 seria
775 953 869 1018 sexta,
897 947 1015 1004 scilicet
1042 946 1227 1005 duodecimo
1254 947 1303 1004 die
1330 948 1538 1004 concussionis
1564 962 1639 1004 ovo-

370 1065 440 1107 rum
465 1051 494 1107 in
519 1065 598 1108 anno
622 1049 740 1108 domini
763 1051 932 1109 millesimo
956 1052 1119 1111 CCCLXX
1135 1045 1197 1130 (X),
1221 1053 1377 1127 preterita,
1402 1051 1572 1124 Gregorius
1593 1055 1639 1111 in·

370 1156 469 1212 clinus
492 1157 630 1230 ipsorum
656 1156 771 1214 civium
795 1156 834 1214 ad
858 1157 991 1231 quedam
1014 1157 1094 1216 sacta
1110 1174 1165 1215 sua
1180 1157 1357 1232 peragenda
1373 1174 1429 1231 per
1445 1159 1637 1216 territorium

369 1279 424 1320 seu
446 1263 531 1320 viam
554 1262 738 1320 eorumdem
761 1264 877 1321 civium
894 1265 1078 1336 accessisset,
1095 1263 1219 1322 tandem
1236 1263 1364 1338 quidam
1380 1264 1442 1320 duo
1459 1265 1640 1337 iobagiones

368 1369 496 1442 capituli
518 1369 733 1442 zagrabiensis,
758 1369 912 1440 videlicet,
934 1371 1097 1454 Johannes,
1121 1369 1259 1443 Zagorch
1283 1370 1382 1428 dictus
1406 1379 1435 1427 et
1458 1369 1640 1428 Benedictus

368 1474 407 1531 de
439 1475 528 1532 Nova
559 1475 636 1531 villa
668 1475 807 1532 eiusdem
838 1477 967 1548 capituli
1002 1475 1083 1534 circa
1113 1477 1257 1533 ecclesias
1292 1476 1452 1533 beatorum
1488 1475 1638 1558 Johannis

369 1581 503 1654 baptiste
526 1588 556 1638 et
579 1580 716 1654 Zakarye
749 1583 814 1652 sita,
847 1582 948 1655 ipsum
981 1582 1168 1655 Gregorium
1192 1582 1327 1640 letaliter
1350 1582 1560 1653 wlnerassent‚
1584 1583 1639 1640 ubi

369 1688 512 1760 spiritum
538 1687 757 1746 incontinenti
780 1687 941 1759 exalasset,
965 1693 995 1746 et
1018 1690 1061 1746 sic
1085 1690 1189 1763 ipsum
1214 1693 1371 1745 mortuum
1392 1687 1429 1745 ad
1447 1689 1639 1746 territorium

370 1794 446 1851 dicti
469 1794 596 1868 capituli
613 1793 727 1852 deferri
744 1801 773 1853 et
789 1795 937 1852 abscondi
961 1794 1111 1866 iecissent,
1132 1810 1195 1868 quo
1212 1810 1320 1852 eorum
1337 1795 1505 1869 placuisset
1528 1796 1639 1852 volun-

369 1901 432 1957 tati.
455 1899 542 1971 Item,
567 1899 649 1958 idem
667 1901 848 1974 capitulum,
868 1900 944 1958 feria
968 1902 1062 1959 tercia
1078 1902 1223 1974 proxima
1246 1906 1317 1974 post
1332 1899 1445 1958 testum
1470 1917 1561 1973 pasce
1584 1900 1638 1958 do-

370 2007 455 2076 mini,
469 2023 549 2064 nunc
568 2007 723 2080 preterita,
740 2007 881 2080 nequicia
896 2008 1095 2081 precogitata,
1108 2007 1158 2064 dei
1174 2007 1285 2064 timore
1298 2007 1479 2080 postposit0,
1493 2013 1640 2079 tanquam

370 2113 506 2170 satelites
529 2119 558 2170 et
582 2113 780 2170 immemores
804 2113 896 2170 saluti
919 2114 1021 2170 anime
1045 2115 1194 2187 ipsorum,
1220 2113 1313 2169 misso
1335 2113 1483 2184 magistro
1503 2112 1640 2182 Nicolao,

370 2219 438 2276 filio
450 2218 603 2289 ·Bryslini,
627 2220 832 2276 concanonico
853 2219 1002 2292 ipsorum,
1019 2234 1089 2276 cum
1107 2220 1249 2292 ipsorum
1264 2219 1479 2291 complicibus,
1497 2219 1641 2276 manibus

369 2326 497 2382 armatis
528 2331 558 2382 et
589 2325 794 2398 potenciariis,
824 2324 909 2382 clara
937 2325 1014 2396 luce,
1047 2325 1129 2382 circa
1160 2324 1333 2394 meridiem,
1356 2324 1386 2380 in
1411 2324 1493 2382 dicta
1516 2325 1641 2382 civitate

369 2447 468 2506 prope
491 2432 653 2490 ecclesiam
677 2431 772 2488 sancti
805 2432 928 2489 Martini
959 2431 1119 2502 veniendo,
1152 2431 1312 2489 irruissent
1335 2437 1365 2488 et
1388 2429 1465 2487 duos
1499 2431 1640 2505 ipsorum

369 2538 461 2610 cives,
477 2537 623 2595 videlicet
639 2537 786 2608 iwanum,
802 2537 904 2595 filium
920 2539 1089 2611 Draginich
1105 2545 1135 2595 et
1153 2537 1287 2607 Petrum,
1304 2537 1405 2594 filium
1419 2537 1639 2608 [nurenchicn

370 2643 517 2701 letalibus
549 2645 702 2702 wlnemm
733 2645 835 2717 plagis
866 2645 896 2702 in
931 2646 1059 2719 propria
1087 2644 1181 2701 domo
1212 2645 1352 2717 ipsorum
1385 2643 1585 2700 winerassent
1607 2649 1638 2700 et

370 2750 574 2821 mutilassent,
607 2751 661 2808 ubi
691 2749 847 2824 predistus
879 2751 962 2808 iwan
993 2751 1139 2824 spiritum
1171 2750 1331 2822 emisisset,
1366 2749 1404 2807 de
1439 2750 1502 2808 vita
1536 2755 1641 2807 autem

373 2857 470 2932 ipsius
493 2856 575 2914 Petri
599 2857 730 2914 dubium
754 2857 937 2927 haberetur;
968 2857 1022 2914 lite
1047 2861 1149 2914 tamen
1173 2855 1374 2915 interdictos
1399 2856 1483 2914 cives
1506 2863 1537 2913 et
1559 2856 1640 2930 capi-

373 2963 475 3020 tulum
497 2963 748 3037 prenominatum
772 2963 932 3038 pendente.
959 2961 1060 3037 Super
1083 2978 1146 3036 quo
1171 2962 1355 3020 mandamus
1378 2963 1469 3020 vobis
1492 2979 1550 3036 per
1571 2979 1640 3036 pre·

372 3075 480 3140 sentes,
504 3075 655 3143 quatenus
678 3086 774 3128 unum
799 3071 850 3127 vel
874 3069 951 3127 duos
967 3086 1006 3127 ex
1022 3070 1112 3127 vobis
1128 3070 1352 3141 transmittatis,
1368 3071 1422 3142 qui
1438 3071 1479 3126 ab
1496 3069 1641 3126 omnibus

372 3177 486 3250 quibus
516 3177 668 3234 incumbit
698 3176 795 3234 sciant
827 3183 857 3234 et
887 3176 1044 3250 inquirant
1074 3175 1112 3232 de
1140 3175 1299 3249 premissis
1323 3174 1537 3232 omnimodam
1560 3174 1641 3230 reri-

372 3287 475 3354 tatem,
499 3297 594 3355 quam
618 3281 743 3340 tandem
768 3281 894 3340 domino
925 3288 1031 3340 nostro
1063 3283 1130 3355 regi
1156 3282 1293 3340 seriatim
1316 3281 1501 3339 rescribatis.
1525 3280 1640 3337 Datum

372 3388 473 3458 Crisii‚
493 3387 569 3446 feria
593 3389 695 3459 tercia,
727 3389 871 3462 proxima
894 3394 964 3445 ante
987 3387 1101 3462 festum
1124 3387 1206 3444 beati
1230 3386 1357 3459 Georgii
1382 3385 1526 3443 martiris.
1552 3387 1642 3443 Anno

373 3495 492 3552 domini
516 3495 684 3553 millesimo
715 3495 915 3552 CCCLXXX.
947 3495 1106 3552 Presentes
1136 3501 1240 3552 autem
1263 3493 1445 3551 absentibus
1466 3494 1579 3551 nostris
1601 3494 1641 3550 si·

373 3601 468 3674 gillis,
492 3601 597 3672 sigillo
620 3601 702 3659 Petri
726 3601 858 3673 Chyrke,
883 3603 967 3658 vices
989 3607 1110 3658 nostras
1130 3600 1281 3672 obeuntis,
1305 3599 1436 3657 fecimus
1459 3599 1641 3671 consignari.

373 3707 490 3764 Datum
513 3713 547 3764 ut
570 3723 671 3780 supra.

464 3839 604 3906 Originale
617 3840 645 3890 in
658 3841 756 3898 charta,
769 3857 784 3890 a
798 3847 875 3908 tergo
889 3841 1046 3906 impressum
1058 3847 1096 3890 est
1107 3841 1233 3906 sigillum.
1246 3840 1277 3890 In
1290 3838 1390 3890 archiv.
1405 3841 1423 3889 l.
1436 3854 1457 3888 r.
1472 3839 1521 3890 civ.
1536 3840 1642 3904 zagrab.

479 4271 556 4317 Anno
579 4268 653 4325 1380,
676 4276 713 4321 17.
734 4267 836 4332 aprilis.
856 4266 944 4316 Crisii.

375 4398 524 4456 Ludovico
547 4397 724 4470 Hungariae
746 4404 793 4454 etc.
816 4397 886 4469 regi,
910 4415 998 4454 comes
1019 4416 1054 4454 ac
1076 4398 1180 4454 iudices
1202 4397 1338 4454 nobilium
1360 4395 1394 4452 dc
1418 4411 1484 4452 nece
1507 4394 1644 4467 Gregorii

855 4501 999 4577 inquilini,
1023 4505 1161 4579 referunt.

466 4665 734 4723 Excellentissimo
758 4665 891 4740 principi
915 4667 1042 4724 domino
1066 4666 1231 4738 Lodouico,
1253 4665 1303 4722 dei
1326 4665 1429 4736 gracia
1446 4664 1553 4721 inclito
1576 4663 1641 4734 regi

378 4773 538 4845 Hungarie
561 4777 591 4829 et
613 4771 740 4829 domino
762 4787 869 4829 eorum
892 4772 1026 4830 naturali
1054 4773 1162 4830 Petrus
1191 4770 1315 4843 Chyrke
1341 4769 1510 4826 vicebanus
1536 4775 1566 4826 et
1593 4783 1642 4826 co·

377 4893 443 4935 mes
466 4877 629 4948 crisyensis
645 4893 681 4934 ac
704 4877 819 4935 iudices
846 4879 1001 4936 nobilium
1025 4878 1162 4936 eiusdem
1181 4878 1344 4935 comitatus
1371 4875 1532 4933 fidelitatis
1555 4875 1644 4932 obse-

378 4983 450 5056 quia
474 4982 577 5054 quoad
601 4984 717 5041 vivum.
751 4983 880 5040 Noverit
902 4989 1005 5041 vestra
1025 4983 1219 5055 excellencia,
1244 4982 1329 5056 quod
1352 4997 1423 5039 cum
1445 4995 1502 5038 nos
1524 4981 1643 5038 nobiles
