3854 5806
907 1783 939 1851 1.

400 1869 477 1920 Anno
499 1880 574 1933 1241.

362 1998 437 2056 Bcla
461 1999 518 2056 IV.
540 2017 593 2057 rex
616 2000 793 2074 Hungart‘ne
816 2008 863 2058 etc.
886 2019 905 2056 a
934 1999 1071 2058 Tartarus
1094 2001 1192 2070 vt'ctus,
1216 1998 1394 2073 Zograbram
1417 1997 1501 2054 venit

381 2159 468 2218 Tunc
492 2159 565 2219 Bela
587 2177 643 2219 rex
667 2160 704 2219 de
730 2163 853 2220 Austria
875 2177 1026 2234 reversus,
1051 2163 1134 2221 venit
1158 2160 1337 2220 cumomni
1365 2158 1485 2217 familia
1504 2174 1559 2216 sua

292 2273 322 2326 et
346 2267 524 2326 demoratus
547 2275 592 2325 est
615 2269 645 2325 in
674 2269 815 2342 partibus
846 2257 1022 2343 Zagrabiaess
1055 2268 1241 2342 Congregati
1272 2283 1348 2325 vero
1378 2271 1448 2323 sunt
1478 2264 1559 2324 circa

292 2389 362 2431 eum
387 2389 495 2430 omnes
523 2371 576 2447 qui
608 2375 744 2447 effugere
769 2382 910 2448 poterant
936 2374 1077 2448 gladium
1104 2375 1314 2445 Tartarorum,
1338 2377 1368 2430 et
1398 2377 1485 2430 erant
1514 2369 1559 2428 ibi

293 2496 349 2554 per
371 2487 527 2551 aestatem,
551 2481 595 2538 rei
620 2481 736 2538 exitum
765 2477 1018 2556 praestolantes.¹

384 2616 392 2648 ¹
412 2584 525 2669 Thomas
544 2619 758 2670 archidiaconus:
777 2619 898 2670 Historia
912 2620 1058 2672 salonitana
1080 2636 1102 2673 c.
1118 2620 1264 2671 XXXVII.
1284 2648 1316 2656 —
1336 2617 1410 2683 Joan.
1431 2617 1507 2669 Lucii
1525 2619 1558 2668 de
1616 2659 1621 2676 ,

297 2723 380 2775 regno
399 2707 489 2759 Dalm.
509 2713 557 2760 etc.
578 2707 639 2758 hist.
659 2724 685 2774 p.
704 2717 766 2770 354.

909 2887 943 2954 2.

398 2976 474 3025 Anno
497 2983 572 3036 1241.

348 3087 421 3144 Belo
444 3087 466 3143 l
471 3085 500 3142 V.
525 3103 579 3143 rex
601 3085 776 3158 Hungan'ae
798 3093 845 3144 etc.
869 3087 968 3143 relicta
992 3085 1142 3159 Zagrobia
1165 3085 1207 3142 ad
1226 3103 1307 3143 marc
1329 3085 1500 3142 adriaticum

853 3193 999 3250 descendit.

380 3337 487 3409 Itaque
507 3340 673 3409 antequam
695 3335 793 3394 Dravi
817 3336 952 3395 fluminis
975 3337 1129 3410 gurgitem
1158 3327 1303 3414 (Tartari)
1326 3339 1556 3404 transmearent,

293 3460 347 3502 rex
371 3442 580 3515 praesentiens
602 3458 711 3500 eorum
735 3442 913 3513 adventum,
941 3443 1056 3501 relictis
1087 3443 1274 3500 stacionibus
1305 3440 1558 3514 Zagrabiensium

293 3551 429 3626 partium
454 3565 524 3607 cum
549 3549 633 3607 omni
656 3550 838 3607 commitatu
862 3565 918 3607 suo
941 3549 980 3608 ad
1004 3565 1090 3608 mare
1117 3539 1303 3608 descendit²

383 3701 394 3734 ²
412 3704 527 3778 Thomas
545 3703 760 3756 archidiaconus:
782 3703 906 3756 Historia
924 3705 1071 3756 salonitana
1095 3721 1117 3757 c.
1142 3705 1280 3757 XXXIX.
1300 3704 1374 3770 Joan.
1395 3706 1480 3758 Lucii.
1499 3707 1518 3758 l.
1537 3722 1559 3761 c.

293 3810 319 3861 p.
339 3795 398 3854 356.

911 3971 945 4036 3.

397 4109 473 4162 Anno
496 4122 677 4174 1240—1244

304 4223 460 4281 Molimina
482 4221 605 4296 epl'sccpi
627 4221 751 4296 Zagrab.
779 4221 921 4297 Stephani
941 4221 982 4280 ΙΙ.
1004 4232 1092 4297 super
1113 4225 1216 4282 unione
1240 4225 1418 4282 ecclesiarum
1442 4223 1547 4298 Spala-

743 4329 829 4386 tensis
848 4337 876 4386 ct
898 4329 1109 4403 Zagrabicnsts.

381 4509 413 4566 ln
439 4509 502 4566 illis
526 4499 661 4566 diebus*
687 4507 859 4567 coadunato
883 4507 1020 4584 capitulo
1043 4515 1074 4568 et
1097 4511 1182 4569 clero
1205 4511 1350 4568 ecelesiae
1366 4511 1557 4585 spalatensis,

292 4616 392 4673 sactus
415 4621 460 4673 est
485 4621 632 4673 tractatus
656 4616 693 4672 de
720 4615 863 4689 pontifice
879 4615 1085 4689 subrogando.
1105 4617 1191 4675 Tunc
1206 4617 1309 4674 laicali
1325 4617 1558 4690 importunitate

291 4729 320 4780 et
344 4723 481 4780 maxime
504 4721 639 4794 Gargani
664 4723 780 4792 annisu,
805 4721 946 4780 modesto
967 4727 1068 4780 tamen
1085 4729 1114 4780 et
1134 4723 1274 4794 discreto,
1291 4722 1371 4781 faeta
1387 4728 1432 4780 est
1448 4723 1557 4780 electio

292 4827 330 4885 de
354 4827 482 4886 domino
505 4827 661 4901 Stephano
685 4828 876 4900 zagrabiensi
899 4829 1046 4903 episcopo
1070 4829 1101 4887 in
1125 4828 1337 4903 Spalatensem
1354 4829 1557 4902 archiepisco·

383 4983 393 5004 ⁸
414 4983 477 5033 Post
495 4981 598 5033 obitum
617 4982 774 5050 spalatensis
793 4982 984 5050 archiepiscopi
1004 4984 1136 5036 Guncelli.
