3600 5804
365 567 424 625 ²32
784 550 857 606 Dec.
881 559 949 626 247.
978 583 1013 591 —
1036 549 1091 606 An.
1115 544 1206 625 1364

362 752 426 806 tere
450 749 613 820 noluerint,
637 748 741 821 sigilla
773 763 890 818 eorum,
924 763 1031 820 ymmo
1061 749 1165 806 verius
1190 748 1348 806 munimen
1372 753 1402 805 et
1427 747 1554 804 ecclesie
1576 761 1629 802 sue

363 853 516 924 decorem,
548 871 604 928 per
636 871 696 928 que
726 855 793 912 iura
823 854 910 926 regni
942 854 1019 912 tueri
1051 854 1201 922 solebant,
1234 853 1411 910 novissimis
1438 851 1630 924 temporibus

365 960 550 1030 amitterent,
574 967 691 1018 ettam
718 975 807 1018 suam
831 975 925 1033 quam
950 959 1078 1018 ecclesie
1101 975 1210 1017 eorum
1235 959 1352 1016 famam
1371 959 1561 1032 sempiterno
1576 957 1631 1014 ob-

367 1066 497 1138 probrio
522 1066 720 1124 macularent.
737 1065 817 1122 Cum
834 1065 928 1138 igitur
943 1065 1015 1123 illos
1032 1065 1137 1123 felices
1153 1065 1308 1123 describat
1323 1064 1491 1136 antiquitas
1520 1063 1632 1135 quibus

364 1188 403 1228 ex
427 1171 528 1228 alieno
553 1177 706 1244 prestatur
738 1172 858 1228 cautela
890 1172 1038 1245 periculo
1074 1171 1214 1228 volentes
1245 1171 1359 1228 dictam
1389 1170 1551 1226 ecclesiam
1580 1185 1632 1226 no

365 1283 462 1334 stram
486 1277 716 1349 aagrabiensem
748 1277 805 1347 cui,
837 1282 962 1334 auctore
992 1276 1059 1348 den,
1092 1277 1164 1334 licet
1198 1277 1332 1333 inmeriti
1362 1275 1567 1349 presidemus,
1589 1275 1633 1331 sic

366 1381 501 1455 undique
525 1398 591 1439 esse
614 1382 788 1455 regulatam
811 1387 841 1440 et
864 1383 907 1440 sic
932 1388 1039 1454 tutam,
1062 1389 1096 1440 ut
1120 1383 1215 1440 nichil
1239 1383 1285 1450 sit,
1310 1381 1392 1454 quod
1421 1381 1482 1438 sibi
1512 1389 1542 1438 et
1571 1381 1634 1437 suis

367 1488 517 1546 ministris
542 1489 638 1561 possit
661 1489 756 1546 affere
787 1489 993 1560 incommoda,
1024 1505 1080 1546 nec
1112 1490 1197 1545 locus
1229 1488 1332 1545 timori
1363 1487 1565 1560 relinquatur.
1586 1485 1634 1542 De

368 1609 443 1651 sano
466 1601 496 1651 et
519 1599 642 1651 maturo
666 1595 796 1652 consilio
819 1595 984 1652 statuimus
1008 1594 1270 1666 inrefragabiliter
1285 1593 1479 1662 sanccientes,
1496 1591 1579 1665 quod
1594 1591 1632 1647 ad

366 1701 583 1758 execucionem
606 1699 772 1757 cuiuslibet
795 1701 915 1772 negocii
938 1702 1176 1774 regnicolarum,
1201 1699 1285 1772 quod
1309 1700 1402 1772 longo
1433 1713 1492 1783 usu
1516 1697 1635 1755 fideidi-
1699 1727 1700 1730 κ

366 1806 475 1880 gnitali
502 1811 706 1880 nuncupatur,
731 1806 806 1864 dum
831 1806 942 1864 fratres
966 1808 1062 1865 nostri
1086 1807 1124 1864 de
1155 1805 1293 1879 capitulo
1328 1821 1385 1878 per
1407 1820 1514 1877 regem
1539 1813 1568 1860 et
1589 1819 1635 1860 re-

365 1913 478 1986 ginam,
503 1911 635 1970 iudicem
658 1912 742 1969 curie
765 1927 882 1984 eorum,
907 1913 1079 1986 palatinum
1095 1917 1126 1969 et
1143 1913 1259 1969 banum
1279 1911 1365 1982 regni
1388 1909 1553 1968 Sclauonie
1582 1908 1632 1965 rel

366 2035 422 2092 per
444 2019 582 2092 aliquem
606 2019 844 2076 iusticiariorum
867 2019 1026 2092 Hungarie
1050 2026 1079 2077 et
1104 2018 1266 2077 Sclauonie
1289 2030 1460 2090 regnorum
1477 2015 1516 2072 de
1533 2016 1636 2087 aliqua

372 2141 413 2196 re,
437 2126 555 2184 nunciis
578 2131 631 2182 aut
655 2125 765 2182 litteris
798 2124 910 2182 fuerint
942 2125 1090 2199 requisiti,
1116 2125 1193 2182 tales
1216 2124 1363 2197 deputent
1387 2128 1417 2178 et
1441 2120 1576 2194 dirigant
1598 2138 1636 2178 ex

370 2231 523 2288 canonicis
546 2231 597 2288 vel
621 2230 835 2304 prebendariis
858 2231 938 2288 dicte
962 2232 1089 2290 ecclesie
1113 2239 1224 2300 nostre,
1257 2245 1315 2303 pro
1339 2229 1487 2286 varietate
1511 2229 1636 2300 negocii,

370 2337 424 2408 qui
448 2335 530 2394 fame
552 2338 660 2405 nitore,
685 2337 871 2395 consciencie
903 2339 1036 2411 puritate
1068 2345 1097 2395 et
1122 2351 1244 2394 morum
1269 2336 1427 2392 honestate
1450 2333 1637 2407 prefulgent,

370 2446 401 2500 et
423 2449 529 2500 contra
552 2459 631 2516 quos
654 2443 730 2501 alias
754 2443 841 2500 nulla
873 2444 1057 2517 suspicionis
1087 2459 1179 2500 causa
1209 2443 1240 2500 in
1271 2442 1427 2499 similibus
1450 2441 1552 2498 extitit
1575 2441 1638 2512 agi-

318 2564 324 2576 ·
371 2554 440 2606 tata.
465 2549 526 2620 Qui
559 2556 723 2621 antequam
756 2564 832 2606 onus
863 2549 1033 2622 exequendi
1066 2549 1184 2620 negocii
1215 2553 1438 2621 assumpmant,
1475 2547 1577 2603 iurent
1598 2545 1636 2602 ad

370 2658 491 2711 sanctos
513 2653 571 2724 dei,
592 2653 679 2710 tactis
699 2654 878 2726 ewangeliis
899 2656 1107 2726 sacrosanctis,
1121 2654 1203 2728 quod
1217 2671 1273 2711 nec
1286 2669 1378 2727 prece
1390 2669 1445 2710 nec
1457 2653 1572 2726 precib,
1585 2669 1640 2709 nec

370 2759 442 2818 odio
466 2776 520 2817 nec
541 2759 648 2817 favore
663 2775 681 2816 a
698 2759 836 2817 veritatis
853 2761 975 2818 tramite
991 2760 1197 2830 reflectuntur,
1223 2759 1274 2816 sed
1301 2759 1462 2832 negocium
1480 2759 1540 2815 sibi
1557 2774 1639 2814 corn-

374 2866 504 2923 missum
520 2866 638 2939 absque
658 2866 888 2923 machinacione
908 2867 983 2924 mali
1007 2867 1071 2924 sine
1089 2867 1164 2924 dolo
1180 2873 1379 2938 exequentur,
1395 2873 1426 2922 et
1443 2865 1527 2937 quod
1544 2864 1637 2921 nichil

373 2977 488 3046 petant,
512 2972 561 3028 vel
594 2972 744 3046 recipiant
774 2987 792 3028 a
822 2979 973 3044 causante,
1005 2973 1088 3046 quod
1121 2973 1244 3030 dantem
1277 2971 1439 3029 manifeste
1471 2971 1564 3041 ledat,
1589 2971 1637 3026 vel

371 3078 541 3134 clamorem
565 3078 690 3134 suscitet
711 3078 778 3135 sive
802 3094 962 3148 murmur;
984 3079 1038 3136 sed
1062 3079 1206 3138 habendo
1238 3079 1425 3152 pacienciam
1450 3078 1480 3133 in
1505 3077 1639 3144 dantem,

372 3183 501 3256 ylariter
522 3183 681 3256 recipiant,
706 3184 791 3256 quod
812 3184 950 3242 offertur.
976 3185 1007 3242 ln
1032 3201 1136 3243 casum
1161 3191 1276 3255 autem,
1300 3184 1355 3241 ubi
1379 3181 1457 3240 forte‘
1481 3183 1574 3240 labor
1597 3189 1640 3240 ta·

374 3290 452 3347 lium
477 3303 536 3346 non
568 3305 646 3362 eque
679 3291 755 3347 bene
786 3297 1043 3362 remuneraretur,
1075 3296 1120 3348 tot
1152 3305 1283 3364 persone
1313 3306 1351 3347 ex
1382 3289 1465 3346 dicto
1493 3290 1640 3362 capitula,

375 3394 458 3467 quod
490 3395 628 3466 sigillare
652 3403 885 3467 consueverunt,
918 3398 1067 3454 taxabunt
1098 3396 1321 3454 conscienciose
1349 3399 1499 3468 quantum
1530 3395 1641 3452 debeat

376 3507 504 3575 pensata
527 3501 644 3560 laboris
667 3509 696 3559 et
720 3519 810 3560 cause
833 3503 996 3576 qualitate;
1019 3502 1150 3578 pecunia
1174 3518 1248 3559 vero
1279 3501 1322 3560 sic
1353 3506 1488 3575 optenta,
1514 3502 1641 3574 inpensa

374 3609 462 3681 prius
485 3607 567 3666 dicta
590 3609 796 3666 retribucione
819 3609 858 3666 de
882 3609 988 3666 labore
1015 3609 1144 3666 illorum
1160 3609 1213 3682 qui
1230 3607 1409 3666 huiusmodi
1429 3607 1557 3680 negocia
1573 3623 1641 3663 exe-

374 3719 515 3786 quentur,
539 3729 633 3787 quam
657 3714 853 3786 disposicioni
871 3715 1051 3771 eorumdem
1076 3713 1208 3772 fratrum
1224 3721 1400 3771 nostrorum
1424 3713 1641 3785 relinquimus,

374 3819 444 3876 usui
467 3819 698 3876 communitatis
721 3819 794 3876 dicti
817 3820 946 3894 capituli
970 3836 1026 3894 per
1049 3821 1154 3878 omnia
1177 3820 1351 3893 deputetur,
1376 3835 1435 3892 que
1456 3818 1574 3875 scilicet
1592 3834 1642 3892 pe·

375 3924 464 3981 cunia
486 3925 623 3998 reposita
646 3925 675 3982 in
699 3925 792 3982 archa
822 3925 861 3982 ad
893 3926 952 3983 hoc
985 3933 1057 4001 apta
1088 3927 1147 3983 sub
1177 3925 1282 3998 sigillo
1313 3925 1545 3983 communitatis
1569 3924 1642 3982 dicti

376 4030 506 4104 capituli
529 4037 744 4100 conservetur;
768 4039 798 4088 et
820 4037 987 4105 postquam
1011 4033 1096 4090 iuxta
1127 4047 1292 4089 numerum
1320 4031 1539 4088 canonicorum
1563 4029 1643 4088 dicte

376 4138 503 4196 ecclesie
534 4143 637 4195 nostre
667 4137 875 4211 fideidignitas
905 4139 974 4213 ipsa
997 4137 1208 4195 circumducta
1231 4142 1440 4207 consumatur,
1464 4137 1574 4194 eadem
1592 4153 1643 4210 pe-

377 4244 466 4301 cunia
495 4243 535 4300 de
565 4242 647 4301 dicta
679 4245 772 4302 archa
804 4249 934 4318 excepta
965 4246 1044 4303 inter
1074 4259 1222 4318 personas
1252 4249 1283 4300 et
1312 4244 1474 4301 canonicos
1504 4243 1642 4300 eiusdem

376 4349 504 4406 ecclesie
519 4355 623 4407 nostre
639 4350 791 4422 equaliter
806 4350 973 4420 dividatur,
996 4351 1061 4409 illis
1085 4351 1246 4408 dumtaxat
1262 4349 1408 4423 exceptis
1425 4348 1479 4421 qui
1496 4365 1556 4406 non
1574 4357 1644 4407 sunt

378 4456 408 4512 iu
432 4456 526 4513 sacris
549 4455 712 4514 ordinibus
735 4458 899 4528 constituti,
924 4457 1040 4530 quique
1063 4464 1149 4514 extra
1177 4455 1293 4513 dictam
1316 4455 1476 4512 ecclesiam
1505 4461 1643 4513 nostram

378 4563 496 4634 absque
518 4561 682 4620 manifesta
712 4567 741 4621 et
771 4564 954 4621 rationabili
977 4579 1070 4621 causa
1101 4567 1341 4620 commorantur.
1365 4560 1521 4618 Volumus
1546 4561 1643 4618 eciam

378 4674 408 4725 et
430 4668 488 4724 sub
511 4683 591 4742 pena
613 4668 810 4743 infrascripta
833 4670 1031 4743 precipimus,
1054 4675 1088 4727 ut
1107 4669 1266 4742 antiquam
1283 4675 1312 4726 et
1332 4668 1540 4742 prescriptam
1564 4667 1645 4726 dicte

379 4774 506 4832 ecclesie
529 4781 632 4832 nostre
648 4775 679 4832 in
696 4775 818 4849 scriptis
834 4775 1000 4847 redactam,
1017 4793 1078 4849 qua
1094 4781 1228 4846 cavetur,
1245 4783 1279 4833 ut
1294 4775 1399 4833 nullus
1415 4773 1600 4832 admittatur
1615 4774 1643 4830 in

379 4881 542 4938 consilium
566 4886 596 4938 et
619 4881 745 4954 agendis
768 4882 906 4955 capituli,
930 4884 983 4955 qui
1006 4898 1067 4940 non
1090 4889 1136 4940 est
1160 4882 1190 4939 in
1213 4882 1308 4939 sacris
1323 4881 1515 4952 constitutus
1537 4895 1644 4937 omnes

380 4987 517 5044 canonici
540 4991 570 5044 et
593 5001 723 5061 persone
747 4988 827 5046 dicte
850 4989 977 5046 ecclesie
1006 4995 1110 5046 nostre
1134 4990 1280 5046 innovent
1303 4998 1331 5045 et
1355 4988 1456 5044 iurent
1480 4987 1644 5045 inviolabi-
