3600 5804
526 572 782 649 Doc.123.124.
810 605 846 614 —
873 571 1040 647 An.1322.
1355 588 1411 642 105

239 770 454 843 Praepositura
477 770 623 827 ecclesiae
647 771 854 844 zagrabiensis
878 769 1036 828 confertur
1051 771 1169 854 Jacobo
1188 771 1304 827 cantori
1320 771 1415 828 eccle·

164 879 217 936 siae
237 877 453 948 strigoniensis
475 882 506 934 et
528 877 763 951 archiepiscopo
795 877 947 934 colocensi
979 882 1008 934 et
1039 877 1185 950 episcopo
1212 876 1357 934 lauriensi
1380 891 1415 933 ac

166 981 329 1058 praeposito
352 982 499 1039 ecclesiae
523 983 659 1040 albensis
683 983 887 1041 committitur
908 987 943 1039 ut
966 981 1049 1040 dicto
1071 983 1198 1065 Jacob0,
1222 982 1415 1056 praepositu-

163 1105 222 1147 ram
242 1089 329 1146 istam
353 1087 519 1146 conferant.

239 1195 381 1266 Thomae,
406 1195 514 1253 lectori
537 1195 683 1252 ecclesiae
708 1195 890 1266 bachiensis,
915 1193 1072 1252 confertur
1094 1194 1361 1253 archidiaconatus
1384 1196 1415 1253 in

163 1301 278 1359 ecclesia
292 1302 494 1373 zagrabiensi;
509 1317 545 1358 ac
562 1301 678 1358 cantori
695 1297 846 1358 dasmensi
862 1307 892 1359 et
907 1301 1074 1374 praedictis
1099 1299 1227 1358 Nicolao
1244 1299 1282 1358 de
1298 1301 1415 1358 Fractis

162 1413 188 1464 et
207 1407 332 1490 Johanni
353 1406 391 1464 de
415 1407 608 1464 Pontecurvo
633 1406 805 1478 mandatur,
828 1413 862 1464 ut
885 1406 988 1464 eidem
1004 1407 1150 1477 Thomae,
1166 1406 1298 1464 eundem
1316 1407 1414 1466 archi·

161 1513 342 1571 diaconatum
364 1511 532 1571 conferant.

237 1619 367 1702 Johanni
379 1619 484 1690 Paulo,
498 1618 713 1676 archidiacono
729 1618 768 1676 de
781 1618 925 1690 Worosd,
939 1616 1096 1676 confertur
1115 1619 1251 1676 cantoria
1268 1618 1415 1677 ecclesiae

160 1726 363 1799 zagrabiensis;
374 1732 404 1783 et
420 1727 598 1799 praeposito
614 1726 813 1798 zagrabiensi,
830 1741 865 1782 ac
881 1725 998 1783 cantori
1014 1707 1163 1783 basmensi
1184 1733 1214 1782 et
1228 1724 1361 1809 Johanni
1376 1723 1415 1782 de

162 1832 340 1889 Pontecurvo
354 1832 567 1902 committitur,
577 1837 610 1888 ut
622 1831 721 1888 eidem
734 1831 866 1914 Johanni
876 1831 971 1888 Paulo
981 1832 1059 1888 hanc
1068 1833 1236 1888 cantoriam
1249 1830 1414 1890 conserant.

239 1948 260 1997 E
277 1963 330 2014 reg.
350 1948 418 2014 orig.
437 1947 565 2015 Johannis
585 1948 676 2008 XXII,
696 1964 735 1998 an.
756 1948 996 1998 vl1.n.Theiner.
1017 1949 1086 1999 Mon.
1102 1949 1189 2014 liung.
1203 1948 1262 1999 hist.
1281 1949 1300 1998 1.
1315 1965 1339 2015 p.
1353 1952 1411 2011 483.

738 2165 820 2230 123.

255 2292 328 2339 Anno
350 2299 423 2348 1322,
447 2301 485 2352 14.
506 2289 631 2340 octobris.
651 2289 804 2355 Zagrabiae.

166 2418 275 2476 Carolus
297 2421 473 2493 llrcngorloe
495 2427 542 2476 etc.
566 2439 620 2476 rex
642 2439 770 2476 aunuum
793 2438 904 2477 censum
927 2421 1052 2494 quinquo
1075 2435 1241 2475 marcorum
1264 2419 1415 2475 couventui

160 2525 212 2580 ord.
242 2526 420 2584 cisterciensis
444 2545 463 2582 o
486 2534 579 2584 rostro
610 2525 705 2584 Suscd
731 2527 884 2600 quotormis
913 2545 994 2600 quem
1015 2526 1170 2596 solvebant,
1197 2525 1283 2582 eedem
1310 2525 1339 2581 lu
1359 2534 1413 2599 po-

653 2640 758 2690 sterum
782 2632 911 2690 concedet.

237 2757 364 2816 Carolus
388 2759 439 2816 dei
461 2761 565 2832 gracia
586 2775 642 2817 rex
668 2760 832 2832 Hungarie.
854 2759 954 2818 Fideli
970 2775 1026 2816 suo
1042 2759 1210 2816 castellano
1226 2759 1264 2816 de
1281 2758 1412 2818 Zomzed

159 2873 279 2921 nuncet
301 2880 359 2938 pro
385 2875 524 2938 tempore
549 2867 713 2922 constituto
736 2866 869 2922 salutem
886 2875 915 2923 et
931 2867 1076 2938 graciam.
1101 2865 1181 2938 Quia
1202 2865 1413 2923 intelleximus

161 2969 252 3041 ipsum
275 2977 412 3028 castrum
436 2977 575 3029 nostrum
598 2971 727 3028 Zomzed
755 2973 784 3029 in
810 2977 891 3029 terra
907 2972 1035 3029 ecclesie
1055 2973 1144 3030 beate
1160 2971 1289 3044 virginis
1305 2971 1343 3028 de
1359 2971 1413 3027 Za·

160 3075 255 3145 grabia
277 3092 341 3134 esse
365 3083 583 3147 constructum,
606 3085 636 3134 et
661 3094 716 3151 per
739 3079 819 3146 illoS,
844 3079 897 3151 qui
924 3079 1069 3135 hactenus
1086 3077 1260 3150 predictum
1276 3085 1411 3135 castrum

160 3187 307 3240 tenuerunt
326 3191 356 3240 et
381 3183 583 3256 possederunt
606 3184 713 3243 abbati
737 3191 767 3242 et
792 3183 940 3242 tratribus
964 3185 1027 3241 suis
1055 3184 1085 3240 in
1120 3183 1258 3256 predicta
1282 3183 1411 3240 ecclesia

161 3287 237 3344 beate
257 3290 385 3362 virginis
409 3291 683 3362 commorantibus
707 3307 765 3365 pro
783 3293 915 3350 utilitate
932 3297 1011 3348 terre
1028 3292 1057 3348 in
1075 3306 1136 3363 (pua
1150 3291 1253 3363 ipsum
1274 3295 1409 3346 castrum

160 3399 198 3449 est
225 3394 366 3480 situatum
397 3397 526 3468 singulis
557 3398 644 3454 annis
675 3399 810 3471 quinque
843 3413 963 3454 marcas
987 3397 1181 3470 persolvisse.
1205 3396 1358 3452 Volumus
1381 3401 1410 3451 et

160 3497 286 3558 fidelitati
311 3508 361 3558 tue
387 3501 517 3559 firmiter
540 3503 650 3560 damus
673 3505 703 3561 in
727 3503 888 3576 mandatis,
913 3509 1064 3576 quatenus
1086 3503 1192 3560 abbati
1210 3503 1347 3575 predicte
1363 3518 1410 3559 ec-

159 3604 240 3662 clesie
269 3608 355 3665 beate
386 3609 516 3682 virginis
547 3617 576 3667 et
608 3610 756 3668 fratribus
787 3611 816 3668 in
851 3609 959 3668 eadem
992 3609 1257 3667 commorantibus
1281 3609 1411 3681 singulis

161 3711 236 3768 annis
263 3714 292 3769 in
323 3715 441 3771 octavis
472 3715 553 3773 beati
585 3717 742 3774 llichaelis
774 3717 950 3790 archangeli
982 3730 1087 3773 coram
1119 3715 1256 3788 capitulo
1283 3715 1410 3772 ecclesie

162 3819 336 3888 zagrabiensi
359 3821 496 3893 quinque
525 3837 646 3880 marcas
676 3822 875 3882 denariorum
898 3823 1058 3880 banalium
1091 3835 1148 3895 pro
1172 3821 1305 3878 utilitate
1329 3826 1409 3878 terre

160 3923 318 3994 supradicte
350 3925 424 3983 dare
456 3933 485 3984 et
516 3929 695 4000 persolvere
730 3929 851 3999 debeas,
887 3945 974 3986 secus
1009 3927 1110 3986 lacere
1143 3941 1204 3985 non
1239 3942 1409 4002 presumas.

160 4024 259 4087 Datum
280 4030 439 4104 Zagrabic,
463 4033 596 4091 secundo
620 4034 669 4091 die
693 4034 919 4107 quindenarum
944 4035 1026 4092 beati
1047 4033 1204 4092 Michaelis
1224 4033 1409 4105 archangeli.

160 4133 237 4191 Anno
257 4137 374 4195 domini
398 4139 566 4196 MCCCXX
590 4140 731 4198 secundo.

241 4255 442 4322 Etransumpto
462 4257 539 4322 capit.
558 4259 662 4324 zagrab.
683 4261 715 4308 de
734 4274 773 4310 an.
800 4269 872 4320 1545.
898 4261 938 4310 Ex
965 4261 1034 4310 arch.
1061 4276 1117 4311 ven.
1145 4259 1222 4325 capit.
1248 4259 1353 4324 zagrab.
1379 4257 1409 4308 In

162 4343 299 4394 membrana.

732 4473 816 4540 124.

252 4559 324 4607 Anno
347 4568 421 4616 1322,
444 4541 481 4620 14.
502 4559 627 4610 octobris.

168 4660 271 4724 Carolus
301 4669 475 4742 mrngarrhe
504 4678 551 4727 etc.
581 4690 635 4728 rex
665 4673 858 4729 resummendo
881 4674 1067 4746 prtbllegrum
1091 4674 1180 4731 Beloe
1202 4676 1258 4732 IV.
1282 4676 1358 4748 regis
1377 4675 1410 4732 de

265 4773 437 4832 libertatibus
459 4777 567 4834 clutbus
596 4777 803 4835 Greclunsibus
826 4780 967 4849 concessis,
990 4779 1062 4836 idem
1084 4787 1180 4837 rustum
1203 4781 1293 4839 hobel.

239 4915 367 4974 Karolus
392 4917 442 4975 dei
472 4921 575 4992 gracia
605 4921 771 4994 Hungarie‚
807 4922 975 4993 Dalmacie,
1007 4921 1143 4993 Croacie,
1165 4923 1269 4994 Rame,
1294 4924 1409 4997 Seruie,

65 5015 66 5019 ’
169 5011 288 5092 Callicle,
312 5022 503 5097 Lodomerie,
526 5025 677 5100 bulgaris,
700 5027 911 5101 Cumanieque
933 5045 996 5086 rex.
1021 5028 1173 5086 Omnibus
1197 5027 1312 5088 Christi
1334 5030 1409 5089 fide·
