3600 5804
553 543 625 600 Doc.
649 554 717 617 195.
746 575 781 584 -
809 543 863 600 An.
888 556 979 620 1344.
1347 559 1401 613 171

153 759 250 800 coram
279 742 370 799 nobis
400 747 550 816 perpetuo
581 745 611 798 et
642 740 889 817 irrevocabiliter
913 739 1079 814 possidere,
1105 744 1207 798 tenere
1230 749 1260 798 et
1283 741 1406 810 habere,

148 849 239 906 adhuc
268 849 396 922 insuper
426 846 520 904 iidem
552 847 698 904 Nicolaus
725 845 824 902 banus
847 853 878 903 et
901 846 958 903 filii
983 845 1094 918 llykcn
1120 847 1190 904 bani
1213 853 1293 904 tacto
1320 861 1407 904 sacro

148 954 263 1012 vivifice
293 955 392 1012 crucis
423 954 509 1026 ligno
541 953 741 1026 prestiterunt
773 951 905 1009 invicem
938 967 1042 1010 coram
1067 953 1157 1010 nobis
1180 957 1405 1011 sacramentum

148 1075 299 1133 supereo,
323 1067 357 1116 ut
380 1059 493 1116 amodo
517 1059 641 1116 nullum
665 1057 784 1115 malum
819 1059 1004 1130 nullumque
1027 1065 1247 1116 nocumentum
1271 1060 1321 1116 vel
1341 1075 1406 1117 mo-

148 1167 261 1224 lestiam
286 1167 391 1240 palam
417 1166 468 1222 vel
492 1165 611 1223 occulte
635 1165 714 1221 alter
737 1163 827 1221 alteri
851 1163 977 1223 inferret
1001 1165 1051 1222 vel
1078 1163 1184 1222 inferri
1208 1164 1329 1238 laceret,
1352 1165 1405 1224 sed

148 1275 256 1345 absque
279 1273 365 1330 omni
389 1271 506 1342 fraude,
530 1271 605 1328 dolo
629 1277 659 1327 et
682 1270 823 1343 nequicia
846 1271 925 1328 inter
948 1287 980 1328 se
1003 1285 1112 1345 pacem
1136 1270 1305 1344 perlectam
1327 1287 1406 1346 pura

149 1380 203 1438 fide
235 1379 403 1436 observare
438 1385 621 1436 tenerentur.
655 1371 709 1433 Ad
742 1391 802 1449 que
832 1377 938 1434 omnia
968 1383 997 1434 et
1028 1377 1150 1450 singula
1184 1377 1405 1452 premissorum

148 1485 246 1544 eedem
269 1489 372 1558 partes
395 1499 428 1541 se
451 1484 532 1541 bona
555 1491 585 1540 et
601 1487 769 1557 spontanea
788 1497 896 1540 eorum
925 1482 1083 1540 voluntate
1099 1483 1278 1556 obligarunt
1300 1498 1405 1540 coram

149 1593 240 1650 nobis.
263 1591 379 1648 Datum
403 1591 433 1648 in
457 1588 656 1662 Wyssegrad,
678 1589 708 1646 in
732 1587 782 1646 die
805 1603 961 1659 cynerum.
987 1589 1075 1647 Anno
1099 1587 1216 1646 domini
1239 1589 1407 1647 millesimo

150 1697 220 1755 CCC
242 1697 480 1770 quadragesimo
504 1699 622 1768 quarto.

232 1815 371 1880 Originale
391 1813 417 1864 in
437 1814 596 1870 membrana,
615 1828 630 1862 a
644 1821 719 1878 tergo
733 1813 845 1878 vestigia
858 1813 973 1862 duorum
989 1813 1149 1878 sigillorum.
1164 1812 1194 1862 In
1212 1813 1311 1862 archiv.
1331 1814 1406 1878 regni

151 1904 216 1953 (SD.
240 1903 392 1970 Zagrabiac.
417 1904 449 1953 N.
468 1903 499 1953 R.
519 1905 550 1952 Α.
570 1902 631 1952 fasc.
653 1911 694 1961 33.
715 1917 751 1951 nr.
774 1912 796 1950 2.
819 1929 849 1938 —-
868 1899 942 1967 Joan.
965 1901 1132 1966 Kukuljevit.
1152 1900 1237 1952 Arkiv
1257 1915 1285 1950 za
1305 1901 1407 1966 poviest

149 1993 236 2057 jugosl.
255 1993 316 2042 libr.
336 1991 383 2041 III.
403 2007 428 2058 p.
449 1993 490 2050 85.
510 2007 548 2041 nr.
570 1991 642 2041 VIII.

730 2169 813 2236 195.

248 2315 323 2362 Anno
346 2319 420 2372 1344,
443 2320 481 2368 13.
501 2310 603 2376 aprilis.
625 2311 779 2377 Zagrabiae.

172 2441 306 2498 Nicolaus
330 2440 416 2498 totim
440 2437 597 2497 Slaooniae
619 2440 711 2497 banus
734 2441 874 2500 trabumm
897 2461 917 2497 a
940 2460 969 2498 sc
989 2442 1020 2498 in
1045 2440 1105 2496 vico
1128 2439 1302 2497 Latinorum
1317 2439 1393 2496 ordi-

642 2555 751 2618 natum,
773 2557 903 2607 removet.

232 2675 293 2733 Nos
317 2676 464 2733 Nicolaus
488 2677 587 2733 banus
611 2676 708 2732 tocius
738 2673 908 2734 Sclauonle.
932 2675 1051 2733 Tenore
1075 2676 1271 2750 presencium
1293 2673 1409 2746 signifi-

153 2795 249 2839 camus
271 2784 385 2855 quibus
408 2781 534 2854 expedit
558 2781 717 2850 universis
744 2781 825 2854 quod
850 2797 922 2838 cum
945 2797 1000 2838 nos
1024 2797 1062 2839 ex
1086 2782 1189 2854 gracia
1216 2781 1409 2838 excellentis·

154 2889 217 2945 simi
238 2889 386 2962 principis
416 2887 534 2945 domini
567 2886 724 2957 Ludovici,
755 2887 804 2944 dei
827 2888 929 2958 gracia
953 2888 1035 2959 regis
1059 2887 1202 2960 Vngarie‚
1225 2886 1408 2958 dignitatem

154 2995 273 3052 banatus
289 2993 455 3052 fuissemus
470 2993 584 3066 adepti,
601 2992 914 3065 adhibuissemusque
930 3008 1036 3050 curam
1052 2992 1233 3065 diligentem
1249 2997 1282 3050 ut
1298 3007 1410 3049 unum-

154 3115 298 3173 quemque
321 3109 351 3158 et
375 3101 510 3157 maxime
533 3109 665 3156 matrem
689 3105 826 3156 sanciam
850 3098 1013 3168 ecclpsiam
1037 3112 1291 3156 conservaremus
1307 3099 1337 3155 in
1353 3112 1409 3154 suo

156 3206 215 3262 iure
237 3207 320 3263 iuxta
343 3205 481 3263 eiusdem
513 3205 662 3279 principis
693 3203 872 3261 mandatum
905 3205 1047 3277 speciale.
1074 3205 1155 3277 Quia
1179 3211 1281 3261 tamen
1306 3204 1409 3261 subito

154 3313 383 3383 nequiveramus
406 3312 509 3368 omnia
540 3312 630 3368 nobis
658 3311 871 3368 incumbencia
894 3326 1031 3384 pensare,
1055 3310 1094 3367 ad
1119 3311 1247 3384 plenum
1271 3311 1407 3382 contigit,

157 3417 231 3488 quod
255 3417 433 3475 induecione
456 3416 673 3490 quorumdam,
698 3432 758 3488 que
782 3415 870 3472 nobis
894 3421 964 3473 tunc
988 3417 1067 3473 iusta
1091 3415 1285 3486 videbantur,
1309 3416 1409 3472 tribu·

156 3534 214 3580 tum
239 3524 422 3597 exigendum
451 3531 481 3580 et
506 3524 608 3580 locum
633 3523 741 3580 tributi
764 3521 977 3580 ordinavimus
1005 3533 1034 3580 et
1061 3522 1199 3580 ordinari
1223 3522 1352 3580 lecimus
1376 3523 1407 3580 in

155 3631 225 3687 villa
247 3631 333 3688 vicus
357 3629 536 3687 Latinorum
565 3637 718 3699 vocatum,
750 3627 833 3702 apud
865 3629 1026 3685 ecclesiam
1054 3629 1150 3686 sancti
1175 3627 1329 3699 Anthonli‚
1354 3627 1408 3686 Za·

156 3737 262 3807 grabie,
286 3736 315 3793 in
340 3735 464 3793 civitate
496 3735 640 3792 videlicet
671 3733 859 3791 venerabilis
890 3734 919 3791 in
952 3735 1076 3792 Christo
1108 3735 1205 3808 patris
1228 3741 1258 3792 et
1281 3734 1408 3804 domini,

156 3840 263 3898 domini
285 3843 393 3924 Jacobi
416 3843 554 3916 episcopi
576 3841 782 3914 zagrabiensis
805 3847 834 3898 et
857 3840 985 3897 ecclesie
1008 3855 1069 3897 sue.
1095 3839 1234 3896 Tandem
1258 3840 1331 3912 quia
1354 3855 1410 3913 per

157 3947 311 4020 privilegia
334 3949 461 4005 ecclesie
485 3949 582 4020 ipsius
615 3955 645 4004 et
676 3946 911 4005 informaciones
943 3947 1116 4020 proborum
1149 3947 1289 4004 virorum
1322 3945 1411 4002 nobis

156 4055 280 4111 constitit
302 4053 460 4112 evidenter
482 4053 565 4126 quod
589 4053 707 4110 dictum
731 4053 882 4109 tributum
915 4052 959 4109 ibi
981 4052 1118 4125 positum
1135 4060 1201 4109 erat
1227 4058 1334 4110 contra
1349 4053 1411 4126 pri-

158 4160 260 4232 vilegia
283 4162 379 4235 ipsius
402 4162 529 4218 ecclesie
552 4173 582 4218 et
604 4159 827 4218 conscienciam
858 4168 1018 4228 nostram;
1051 4157 1121 4216 ideo
1144 4160 1282 4216 nolentes
1306 4163 1411 4216 contra

159 4265 322 4324 libertatem
346 4268 585 4324 ecclesiasticam
608 4265 785 4341 procedere,
817 4265 854 4322 de
886 4265 967 4323 dicta
998 4265 1078 4322 villa
1107 4265 1179 4322 dicti
1203 4263 1322 4322 domini
1346 4266 1409 4338 epi·

159 4371 234 4443 scopi
268 4371 422 4446 prelatum
446 4373 598 4430 tributum
629 4381 733 4430 tenore
764 4373 959 4445 presencium
992 4381 1021 4429 et
1052 4387 1108 4445 per
1132 4377 1289 4445 presentes
1311 4385 1411 4428 remo-

160 4491 257 4535 vemus
279 4485 308 4536 et
329 4478 475 4536 duximus
499 4478 730 4536 removendum.
762 4479 798 4535 Et
828 4477 1004 4552 specialiter
1036 4478 1108 4550 quia
1140 4477 1240 4534 dictus
1267 4475 1411 4534 dominus

160 4590 252 4640 noster
274 4600 327 4641 rex
352 4599 408 4658 per
430 4599 501 4641 suas
524 4585 630 4642 literas
659 4585 808 4658 speciales
840 4585 930 4642 nobis
961 4583 1128 4654 mandavit,
1158 4583 1241 4656 quod
1266 4583 1411 4640 dedicta

161 4688 229 4745 villa
260 4690 389 4763 predicti
423 4690 541 4748 domiui
579 4691 716 4764 episcopi
748 4690 904 4764 prefatum
936 4692 1087 4748 tributum
1123 4705 1283 4747 removere
1319 4689 1411 4746 debe·

161 4808 260 4852 remus.
290 4795 404 4853 Datum
428 4795 586 4869 Zagrabie,
611 4797 704 4854 tercio
728 4795 778 4854 die
801 4807 871 4871 post
894 4805 1020 4854 octavas
1044 4812 1142 4870 pasce.
1178 4777 1269 4853 Anno
1292 4795 1410 4853 domini

161 4899 314 4960 MCCCXL
336 4910 455 4976 quarto

240 5019 259 5068 E
271 5020 342 5070 libro
355 5019 423 5085 priv.
437 5020 516 5086 episc.
527 5022 631 5087 zagrab.
650 5019 665 5070 l.
681 5029 721 5076 27.
735 5021 764 5071 In
777 5021 847 5070 arch.
861 5021 976 5087 archiep.
991 5021 1095 5087 zagrab.
1109 5021 1230 5070 Farlatti.
1244 5022 1260 5070 l.
1275 5035 1295 5070 c.
1310 5037 1334 5086 p.
1349 5031 1408 5082 427.
