3728 5806
376 515 434 572 288
795 510 870 568 Doc.
889 521 964 586 305.
990 542 1025 550 -
1044 508 1100 566 An.
1126 505 1217 584 1380.

373 711 492 768 litteras
516 709 660 768 dedimus
684 709 715 766 in
739 707 900 778 mandatis,
927 711 960 764 ut
983 708 1101 764 vocatis
1124 709 1177 780 qui
1202 706 1302 764 forent
1318 707 1469 764 evocandi
1484 711 1514 762 et
1529 704 1647 762 auditis

374 817 445 874 hinc
479 815 550 872 inde
584 815 762 889 propositis,
797 813 871 888 quid
903 815 1020 871 iustum
1048 812 1135 883 foret,
1159 813 1374 886 appellacione
1397 815 1517 869 remota
1539 811 1647 868 decer-

375 929 469 994 neret,
501 922 615 981 laciens
642 921 718 995 quid
749 921 927 979 decerneret
957 937 1014 994 per
1045 933 1206 976 censuram
1237 919 1474 975 ecclesiasticam
1511 917 1648 974 tirmiter

375 1030 545 1101 observari,
569 1035 663 1103 prout
685 1029 716 1086 in
741 1027 830 1085 dictis
852 1027 963 1085 litteris
987 1026 1109 1100 plenius
1130 1025 1309 1082 continetur.
1333 1022 1413 1080 Cum
1435 1030 1548 1094 autem,
1566 1023 1646 1080 sicut

376 1135 514 1193 exhibita
544 1135 634 1192 nobis
664 1151 764 1208 nuper
795 1149 852 1207 pro
886 1139 974 1206 parte
1002 1130 1112 1206 prefati
1136 1131 1218 1203 regis
1241 1131 1355 1203 peticio
1378 1130 1563 1199 continebat,
1587 1127 1646 1186 du·

376 1241 451 1298 dum
487 1240 609 1314 prelato
643 1241 746 1298 Blasio
775 1241 868 1297 tacito
895 1239 934 1296 de
958 1240 1024 1296 iure
1048 1243 1228 1312 patronatus
1252 1236 1393 1310 predicto
1415 1241 1446 1293 et
1469 1235 1549 1293 falso
1572 1250 1646 1308 sug-

376 1354 508 1420 gerente,
543 1347 642 1404 felicis
677 1345 903 1403 recordacionis
935 1345 1079 1417 Gregorii
1108 1359 1189 1417 pape
1220 1343 1269 1399 XI.
1300 1341 1510 1416 predecessori
1538 1349 1645 1399 nostro

376 1451 556 1511 huiusmodi
579 1453 707 1510 terciam
731 1456 852 1524 partem
876 1450 957 1508 dicte
980 1450 1109 1524 capelle,
1133 1457 1205 1508 tunc
1227 1455 1313 1506 certo
1329 1449 1424 1506 modo
1440 1464 1558 1518 vacare,
1575 1465 1645 1522 pre·

379 1559 460 1617 fatus
495 1559 695 1632 predecessor
717 1557 756 1615 ad
782 1557 892 1614 salsam
917 1557 1147 1630 suggestionem
1173 1555 1361 1626 huiusmodi,
1396 1571 1452 1628 per
1475 1572 1546 1612 suas
1569 1555 1645 1611 certi

378 1666 493 1722 tenoris
516 1666 643 1735 litteras,
667 1663 810 1720 dedicta
834 1665 928 1720 tercia
949 1671 1035 1737 parte
1063 1663 1145 1719 dicto
1169 1661 1271 1719 Blasio
1295 1661 1453 1735 provideri
1470 1661 1645 1730 mandavit;

377 1771 523 1844 idemque
547 1769 667 1827 Blasius
683 1769 763 1827 falso
781 1769 966 1843 pretendens
990 1785 1022 1826 se
1045 1774 1150 1826 contra
1167 1769 1318 1826 iusticiam
1344 1767 1517 1840 inpeditum
1542 1766 1644 1836 luisse,

378 1879 544 1950 quominus
567 1878 633 1950 ipse
656 1877 784 1934 terciam
810 1881 930 1949 partem
947 1877 1044 1950 ipsius
1064 1875 1184 1948 capelle
1200 1873 1373 1947 predictam
1389 1875 1513 1946 assequi
1528 1874 1645 1946 potuis-

378 1990 431 2054 set,
455 2000 549 2057 seque
573 1967 738 2057 propterea
761 1983 829 2056 ipso
853 1982 1070 2057 predecessore
1092 1981 1194 2039 adhuc
1210 1983 1240 2038 in
1256 1982 1399 2039 humanis
1416 1986 1525 2053 agente
1544 1979 1584 2036 ad
1599 1995 1646 2036 se·

378 2090 450 2147 dem
467 2091 671 2163 apostolicam
694 2090 871 2162 appellasse
889 2096 919 2146 et
934 2087 1112 2146 huiusmodi
1127 2088 1352 2161 appellacionis
1375 2103 1466 2144 causa
1485 2087 1524 2144 ad
1540 2085 1645 2142 sedem

377 2195 551 2270 predictam
574 2196 724 2268 legittime
748 2195 923 2252 introducta
949 2199 979 2251 et
1002 2196 1033 2252 in
1057 2195 1191 2269 pallacio
1211 2194 1383 2268 apostolico
1407 2193 1564 2261 ventilata,
1588 2207 1646 2264 pro

379 2317 411 2360 se
434 2311 463 2359 et
487 2308 593 2359 contra
616 2301 794 2374 quemdam,
818 2317 912 2374 quem
936 2301 966 2358 in
990 2301 1072 2360 dicta
1096 2303 1190 2358 tercia
1206 2307 1293 2374 parte
1310 2301 1464 2357 intrusum
1480 2298 1645 2379 asserebat,

379 2407 581 2464 diffinitivam
612 2407 797 2464 sentenciam
829 2413 1011 2479 reportasse,
1044 2424 1104 2479 que
1130 2413 1164 2463 ut
1187 2407 1317 2464 asseruit
1339 2407 1369 2463 in
1394 2421 1461 2462 rem
1485 2405 1646 2462 transierat

378 2513 554 2582 iudicatam,
574 2527 668 2586 super
685 2513 867 2570 execucione
884 2513 964 2570 dicte
980 2513 1132 2570 sentencie
1148 2521 1268 2570 nostras
1283 2511 1323 2568 ad
1339 2511 1488 2568 dilectum
1505 2511 1605 2568 filium
1621 2556 1646 2567 ..

379 2619 675 2692 archipresbiterum
705 2619 832 2676 ecclesie
863 2619 959 2676 sancti
990 2619 1072 2676 Celsi
1104 2619 1142 2675 de
1167 2619 1252 2676 Urbe
1273 2625 1303 2675 et
1327 2618 1404 2675 duos
1427 2619 1506 2675 alios
1529 2620 1593 2676 eius
1616 2619 1646 2676 in

378 2725 437 2782 hac
467 2731 555 2799 parte
586 2726 731 2797 collegas,
765 2725 882 2782 litteras
915 2726 1089 2798 inpetravit,
1120 2725 1266 2797 idemque
1298 2725 1540 2798 archipresbiter
1563 2725 1647 2782 solus

379 2833 410 2889 in
434 2833 611 2889 huiusmodi
635 2833 827 2888 execucionis
851 2832 980 2904 negocio
1008 2831 1186 2904 procedens,
1210 2836 1304 2904 prout
1326 2847 1364 2887 ex
1388 2831 1542 2888 dictarum
1567 2831 1647 2888 litte·

380 2953 486 2996 rarum
511 2937 611 2994 torma
635 2954 667 2994 se
690 2953 781 3009 posse
804 2937 935 3002 dicebat,
959 2938 1125 2995 nonnullos
1142 2953 1303 3011 processus
1319 2937 1358 2994 ad
1375 2939 1558 2994 instanciam
1573 2937 1647 2995 dicti

380 3045 473 3101 Blasii
497 3043 570 3100 fecit
593 3044 623 3100 in
648 3044 762 3100 talibus
793 3043 860 3101 fieri
885 3052 1055 3116 consvetos‚
1087 3061 1142 3117 per
1165 3059 1243 3116 quos
1266 3045 1345 3101 inter
1367 3050 1469 3102 cetera
1494 3043 1646 3117 prefatam

380 3151 534 3223 capellam
558 3150 766 3206 ecclesiastico
789 3149 952 3208 interdicto
964 3152 1128 3224 supposuit
1151 3159 1181 3208 et
1205 3153 1235 3208 in
1258 3152 1423 3209 nonnullas
1446 3153 1524 3209 alias
1548 3153 1649 3224 singu·

381 3256 462 3313 lares
479 3270 625 3328 personas
645 3260 725 3312 terre
741 3255 912 3327 Grecensis,
929 3257 1010 3313 dicte
1026 3257 1164 3328 diocesis,
1181 3259 1211 3315 in
1228 3274 1289 3331 qua
1306 3257 1426 3332 prelata
1442 3259 1565 3332 capella
1580 3273 1649 3314 con-

381 3361 461 3418 sistit
484 3361 815 3419 excommunicacionis
838 3363 1024 3419 sentenciam
1048 3365 1269 3436 promulgavit,
1294 3365 1530 3421 absolucionem
1546 3364 1649 3421 huius·

382 3467 469 3524 modi
491 3467 643 3525 sentencie
664 3473 695 3524 et
718 3468 870 3525 interdicti
887 3469 1116 3526 relaxacionom
1132 3469 1192 3527 sibi
1209 3471 1260 3526 vel
1276 3486 1332 3527 suo
1348 3471 1501 3544 superiori
1518 3475 1649 3527 tantum·

385 3573 479 3631 modo
491 3572 679 3630 reservando
692 3574 722 3631 in
735 3573 865 3647 predicti
877 3575 959 3646 regis
970 3591 1031 3632 non
1044 3575 1202 3634 modicum
1214 3575 1419 3649 preludlcium
1432 3583 1463 3634 et
1474 3591 1649 3648 gravamen.

383 3679 486 3751 Quare
510 3694 567 3752 pro
591 3685 678 3752 parte
701 3679 775 3736 dicti
798 3681 879 3752 regis
903 3679 961 3737 fuit
982 3682 1072 3739 nobis
1095 3682 1256 3739 humiliter
1278 3683 1500 3756 supplicatum,
1522 3690 1556 3740 ut
1580 3697 1649 3756 pro·

383 3784 488 3842 videre
519 3786 579 3843 sibi
611 3787 641 3842 in
674 3787 833 3859 premissis
864 3785 903 3843 de
932 3787 1120 3860 benignitate
1151 3789 1322 3862 apostolica
1352 3789 1561 3861 dignaremur.
1586 3787 1649 3844 Nos

382 3891 486 3964 itaque
519 3890 698 3948 huiusmodi
730 3893 1014 3965 supplicacionibus
1046 3895 1182 3952 inclinati
1215 3895 1395 3953 discrecioni
1418 3901 1469 3951 tue
1493 3910 1550 3969 per
1574 3909 1647 3967 apo·

383 3999 490 4055 stoliea
525 3999 641 4071 scripta
676 3998 867 4070 mandamns,
899 4008 1048 4072 quatenus
1077 4003 1203 4073 vocatis,
1230 4003 1284 4075 qui
1306 4000 1420 4058 fuerint
1443 3999 1594 4058 evocandi
1617 4007 1648 4056 et

384 4103 498 4160 auditis
520 4103 592 4160 hinc
615 4102 686 4160 inde
718 4105 894 4178 propositis,
925 4121 1018 4179 super
1049 4108 1194 4164 interesse
1217 4107 1291 4165 dicti
1314 4107 1404 4180 regis,
1428 4106 1512 4180 quod
1538 4107 1650 4164 iustum

385 4207 485 4279 luerit,
510 4209 725 4284 appellacione
747 4217 874 4282 remota,
899 4210 1053 4282 decernas,
1078 4211 1191 4270 faciens
1215 4213 1298 4285 quod
1319 4212 1493 4270 decreveris
1510 4229 1567 4286 per
1581 4228 1648 4269 cen-

383 4330 489 4371 suram
513 4315 750 4373 ecclesiasticam
775 4315 905 4373 firmiter
929 4319 1096 4375 observari.
1121 4319 1227 4376 Testes
1251 4325 1363 4389 autem,
1387 4319 1440 4390 qui
1463 4317 1578 4376 fuerint
1599 4334 1652 4375 no-

382 4421 499 4492 minati,
522 4421 548 4477 si
572 4437 604 4478 se
627 4423 739 4494 gracia,
763 4422 835 4480 odio
859 4423 909 4480 vel
933 4424 1045 4480 timore
1060 4425 1271 4483 subtraxerint
1289 4441 1416 4482 censura
1432 4425 1539 4495 simili,
1556 4439 1652 4498 appe-

382 4525 501 4583 lacione
534 4533 678 4599 cessante,
713 4529 885 4602 compellas
919 4530 1043 4587 veritati
1067 4531 1277 4588 testimonium
1313 4531 1485 4604 perhibere,
1511 4546 1572 4588 nou
1595 4530 1652 4586 ob-

383 4639 490 4704 stante,
515 4635 542 4690 si
565 4634 665 4691 eidem
690 4635 791 4693 Blasio
825 4636 876 4692 vel
901 4636 1063 4708 quibusvis
1087 4637 1156 4693 allis
1180 4639 1386 4694 communiter
1408 4639 1459 4694 vel
1484 4636 1609 4694 divisim
1634 4652 1653 4694 a

383 4740 454 4797 sede
477 4740 617 4814 predicta
640 4743 680 4799 sit
702 4742 859 4798 indultum
882 4741 966 4814 quod
983 4742 1132 4813 interdici,
1157 4743 1303 4817 suspendi
1323 4743 1373 4800 vel
1389 4743 1651 4801 excommunicari

385 4851 437 4904 aut
467 4845 507 4903 ad
537 4846 685 4904 iudicium
720 4849 844 4906 evocari
878 4863 938 4906 non
972 4849 1091 4921 possint
1125 4865 1181 4922 per
1217 4850 1335 4907 litteras
1371 4850 1558 4923 apostolicas
1591 4864 1653 4906 non

385 4951 529 5008 facientes
557 4952 682 5026 plenam
705 4961 735 5010 et
758 4970 938 5028 expressam
967 4971 1002 5011 ac
1026 4955 1064 5012 de
1096 4957 1193 5013 verbo
1224 4956 1263 5012 ad
1297 4957 1428 5014 verbum
1459 4955 1498 5014 de
1531 4956 1650 5014 indulto
