3824 5806
417 601 478 660 334
840 583 913 640 Doc.
930 578 1007 658 360.
1034 615 1070 624 —
1096 580 1151 638 An.
1177 594 1266 657 1392.

414 782 571 856 nyapolya
583 786 612 838 et
626 780 738 854 Struga
753 781 910 856 appellate
922 780 1100 854 supradicto
1111 781 1254 838 similiter
1266 773 1415 858 (capitulo
1427 786 1457 836 et
1468 771 1586 855 mense)
1600 779 1681 851 capi-

415 888 516 958 tulari,
540 903 601 945 non
624 886 751 945 domino
773 888 919 961 episcopo
935 902 991 944 nec
1007 903 1111 944 mense
1127 887 1306 960 episcopali,
1323 901 1378 943 nec
1395 886 1561 958 quartariis
1578 884 1609 941 in
1626 885 1680 940 ali·

415 1010 476 1067 qua
499 999 587 1068 parte
611 1040 616 1050 .
641 1038 647 1050 .
672 1037 677 1050 .
709 998 802 1067 prout
833 991 989 1066 prefertur
1012 993 1072 1064 ipsi
1095 993 1232 1066 capitulo
1254 999 1284 1049 et
1308 1007 1411 1049 mense
1435 991 1575 1066 ipsorum
1600 991 1679 1063 capi·

414 1100 507 1158 tulari
538 1099 652 1157 debent
683 1099 837 1173 pertinere
869 1104 898 1155 et
925 1097 1155 1156 successoribus
1178 1098 1317 1172 ipsorum
1340 1113 1376 1154 ac
1400 1097 1498 1154 eciam
1522 1096 1679 1170 predeces-

413 1207 536 1265 soribus
548 1205 728 1264 earumdem
742 1205 859 1278 absque
872 1203 981 1262 fraude
997 1204 1216 1278 pertinuissent
1232 1210 1263 1262 et
1278 1203 1315 1260 de
1331 1204 1398 1261 iure
1414 1205 1634 1278 pertinuerunt.
1648 1203 1678 1258 ln

414 1328 550 1386 quorum
563 1311 703 1370 omnium
716 1323 746 1368 et
758 1311 953 1383 singulorum
973 1310 1192 1380 testimonium,
1213 1316 1370 1384 presentes
1387 1303 1543 1388 (dedimus
1560 1309 1679 1366 litteras

413 1409 545 1495 nostras)
567 1417 728 1491 pendentis
748 1423 777 1474 et
796 1418 941 1474 autentici
960 1417 1058 1489 sigilli
1085 1416 1180 1474 nostri
1198 1415 1368 1473 munimine
1382 1415 1550 1473 roboratas.
1564 1414 1679 1471 Datum

415 1541 470 1598 per
482 1539 591 1582 manus
604 1523 795 1581 honorabilis
811 1529 841 1581 et
853 1521 977 1580 discreti
989 1522 1050 1581 viri
1062 1521 1179 1580 domini
1193 1521 1312 1579 Nicolai
1324 1521 1457 1591 lectoris,
1474 1521 1549 1578 socii
1565 1526 1595 1577 et
1611 1534 1679 1576 con·

413 1631 550 1689 canonici
573 1631 669 1688 nostri
701 1629 871 1702 vicariique
897 1629 1148 1687 reverendissimi
1171 1627 1202 1684 in
1226 1627 1350 1685 Christo
1373 1628 1471 1701 patris
1496 1633 1526 1684 et
1549 1625 1676 1693 domini,

414 1737 531 1795 domini
564 1736 728 1806 Valentini,
761 1734 868 1793 divina
897 1735 1098 1793 miseracione
1126 1734 1208 1792 tituli
1232 1741 1334 1791 sancte
1358 1731 1479 1803 Sabine,
1503 1739 1606 1790 sancte
1630 1747 1678 1789 ro·

413 1859 504 1901 mane
520 1843 647 1901 ecclesie
659 1841 824 1916 presbiteri
837 1840 1002 1898 cardinalis
1019 1845 1049 1898 et
1064 1841 1145 1898 dicte
1161 1840 1289 1898 ecclesie
1301 1831 1559 1918 (archiepiscopi),
1576 1838 1679 1895 decre-

413 1955 515 2008 torum
540 1949 683 2020 doctoris,
707 1947 826 2006 domini
850 1951 880 2004 et
900 1947 1014 2021 prelati
1029 1946 1134 2017 nostri,
1151 1946 1319 2018 generalis;
1336 1944 1520 2013 duodecimo
1536 1942 1677 2000 kalendis

413 2047 553 2134 (marcii).
585 2057 675 2112 Anno
705 2055 745 2112 ah
776 2053 988 2111 incarnacione
1020 2051 1136 2110 domini
1167 2051 1336 2108 millesimo
1367 2049 1445 2107 CCC
1476 2050 1677 2122 nonagesimo

412 2161 555 2220 secundo.
579 2161 707 2219 Nicolao
731 2165 862 2230 cantore,
885 2159 1046 2232 Mychaele
1069 2158 1204 2229 custode,
1228 2157 1369 2214 Emerico
1384 2155 1567 2226 kathedrali,
1585 2155 1677 2213 Gallo

412 2268 450 2325 de
482 2267 628 2340 Baranya,
660 2266 794 2326 Saluano
826 2266 863 2323 de
889 2266 1036 2338 Azmagh,
1061 2263 1224 2321 Benedicto
1248 2263 1286 2320 de
1310 2263 1455 2334 Marehia‚
1477 2263 1618 2345 Johanne
1641 2261 1678 2318 de

412 2374 497 2447 Regn
522 2419 710 2432 .......
735 2373 773 2430 de
807 2371 961 2444 Walkow‚
1000 2371 1224 2430 archidiaconis
1262 2371 1471 2439 existentibus,
1506 2371 1677 2442 ceterisque

412 2480 653 2554 quampluribus
684 2479 818 2537 dominis
849 2485 878 2535 et
905 2478 1058 2536 canonicis
1081 2471 1124 2556 (in
1144 2468 1284 2554 ecclesia)
1309 2477 1421 2549 iugiter
1444 2475 1503 2534 deo
1527 2474 1678 2533 famulan-

412 2586 497 2644 tibus
520 2593 550 2643 et
573 2585 691 2644 devote.

501 2721 641 2787 Originale
661 2721 686 2770 in
707 2721 864 2778 membrana,
891 2721 967 2770 valde
986 2721 1111 2776 lacerum,
1133 2719 1232 2769 sericea
1251 2733 1315 2769 zona
1334 2719 1410 2768 rubri
1430 2723 1455 2767 et
1474 2716 1552 2766 ssavei
1573 2716 1671 2767 coloris

412 2827 546 2892 appendet
570 2828 670 2890 absque
695 2826 794 2891 sigillo.
819 2826 849 2874 ln
873 2825 971 2875 archiv.
992 2825 1148 2890 archiepisc.
1168 2825 1272 2890 zagrab.
1292 2823 1446 2874 Decimalia.
1472 2822 1533 2872 fasc.
1555 2823 1574 2872 1.
1595 2839 1634 2872 nr.
1655 2831 1676 2875 7.

999 3091 1091 3158 360.

519 3235 595 3282 Anno
618 3243 692 3294 1302,
712 3243 752 3292 30.
773 3231 869 3283 martii.
889 3231 1043 3297 Zagrabiae.

411 3361 546 3419 Mathios
561 3363 746 3440 praepositus
769 3363 940 3420 chosmensis
964 3362 1085 3435 „electus
1100 3361 1206 3418 iudex“
1223 3361 1298 3419 inter
1309 3362 1465 3435 episcopum
1480 3369 1509 3419 et
1520 3365 1677 3436 capitulum

410 3470 525 3542 zograb.
550 3469 580 3525 in
596 3487 694 3539 causa,
716 3488 803 3543 quam
826 3469 951 3542 agebunt
967 3468 1001 3524 de
1015 3469 1157 3540 occupatis
1179 3467 1291 3524 decimis
1313 3475 1341 3524 et
1362 3468 1509 3541 quibusvis
1523 3472 1677 3541 possessio

838 3575 931 3644 nr'hus,
954 3575 999 3631 ius
1022 3575 1146 3648 capitulo
1168 3573 1245 3631 dicit.

498 3737 531 3794 ln
555 3736 670 3795 Christi
693 3738 816 3794 nomine
839 3738 966 3810 eiusque
994 3739 1103 3795 matris
1134 3738 1264 3809 virginis
1295 3738 1438 3810 gloriose.
1470 3739 1578 3795 Amen.
1604 3739 1676 3797 Uni-

411 3844 510 3902 versis
533 3849 562 3900 et
585 3844 715 3915 singulis
739 3849 912 3916 presentem
938 3845 1083 3917 paginam
1108 3839 1299 3916 inspecturis,
1324 3859 1379 3902 nos
1410 3845 1541 3901 llathias
1564 3859 1676 3917 prepo-

410 3952 487 4007 situs
521 3966 543 4007 s.
579 3950 705 4023 spiritus
740 3951 928 4007 chasmensis
952 3950 1115 4022 collegiate
1143 3957 1173 4006 et
1197 3950 1360 4007 canonicus
1390 3948 1599 4023 prebendatus
1629 3966 1676 4006 za-

411 4056 581 4129 grabiensis
613 4056 822 4124 ecclesiarum,
854 4056 979 4124 arbiter,
1019 4056 1186 4113 arbitrator
1217 4055 1324 4112 unicus
1348 4061 1378 4113 et
1401 4055 1575 4112 amicabilis
1593 4070 1677 4112 com-

412 4163 529 4236 positor
562 4161 702 4235 parcium
735 4159 1004 4234 infrascriptarum
1035 4177 1092 4235 per
1126 4160 1249 4218 easdem
1286 4161 1463 4234 specialiter
1486 4163 1610 4220 electus.
1635 4167 1677 4219 te·

410 4283 485 4326 nore
508 4267 702 4341 presencium
727 4266 938 4339 significamus
969 4268 1119 4324 memorie
1152 4267 1412 4334 commendantes,
1442 4267 1524 4340 quod
1558 4267 1675 4325 dudum

410 4379 517 4431 exorta
539 4374 669 4430 materia
693 4373 861 4445 questionis
885 4381 914 4430 et
936 4373 1000 4429 litis
1032 4374 1111 4430 inter
1140 4372 1345 4430 reverendum
1378 4377 1500 4446 patrem
1523 4380 1555 4430 et
1579 4373 1677 4432 domi-

410 4496 484 4537 num
508 4480 658 4562 Joannem
683 4479 732 4537 dei
756 4484 785 4536 et
809 4479 978 4552 apostolice
1000 4479 1081 4536 sedis
1103 4479 1206 4551 gracia
1233 4480 1414 4552 episcopum
1443 4480 1676 4552 zagrabiensem

410 4593 447 4643 et
463 4587 661 4643 honorabiles
684 4586 769 4642 viros
792 4585 933 4642 dominos
966 4586 1127 4642 canonicos
1158 4590 1188 4641 et
1217 4585 1389 4658 capitulum
1422 4585 1549 4642 ecclesie
1571 4601 1678 4656 ragra-

409 4692 525 4749 biensis
548 4707 642 4765 super
665 4692 822 4748 nonnullis
846 4692 984 4748 articulis
1007 4690 1134 4748 inferius
1157 4691 1373 4764 expressandis
1389 4695 1454 4748 tam
1471 4706 1575 4748 coram
1597 4707 1677 4749 sere-

410 4800 537 4857 nissimo
559 4799 699 4872 principe
722 4803 752 4855 et
775 4797 910 4868 domine,
927 4798 1054 4855 domino
1070 4796 1248 4870 Sigismudo
1264 4797 1314 4854 dei
1329 4799 1432 4870 gracia
1453 4813 1526 4870 rege
1542 4798 1676 4870 Vngarie

409 4906 535 4977 eiusque
559 4904 687 4978 prelatis
711 4910 741 4960 et
764 4905 941 4974 baronibus,
972 4920 1087 4961 necnon
1113 4904 1328 4978 principaliter
1357 4905 1389 4961 in
1419 4904 1675 4972 cu1·iaromaua;

409 5009 534 5067 tandem
558 5009 676 5082 prefate
703 5015 805 5081 partes
835 5009 1060 5067 considerantes
1091 5010 1215 5066 labores
1245 5011 1437 5083 multiplices
1469 5017 1498 5067 et
1523 5027 1676 5084 expensas
