3824 5806
401 574 462 647 360
843 579 915 638 Doc.
934 577 1009 657 581.
1035 615 1070 624 —-
1098 585 1153 640 An.
1170 597 1259 660 1395.

400 787 456 828 vas
480 772 548 830 testi
571 778 796 859 assumpcionis
819 779 949 851 virginis
971 781 1115 854 gloriose,
1138 800 1218 840 nunc
1241 791 1394 858 venturas,
1418 777 1566 845 duximus
1593 805 1666 864 pro-

400 878 578 950 rogandam.
603 879 762 939 Presentes
793 889 896 941 autem
920 887 1032 958 sigillis
1052 890 1164 946 nostris
1187 890 1374 962 absentibus,
1399 893 1504 964 sigillo
1525 893 1668 966 magistri

401 985 523 1042 Martini
554 985 633 1043 Ders
663 988 804 1046 vicebani
835 996 865 1048 et
895 993 1016 1050 comitis
1046 995 1143 1053 nostri
1172 997 1379 1069 zagrabiensis
1416 997 1545 1056 fecimus
1570 1001 1667 1058 coasi-

401 1090 496 1162 gnari.
528 1091 644 1148 Datum
668 1092 826 1166 Zagrabie‚
857 1101 966 1155 octavo
998 1098 1048 1156 die
1078 1101 1201 1159 termini
1233 1103 1392 1175 prenotati.
1426 1106 1516 1162 Anno
1539 1104 1668 1164 domino

403 1195 572 1253 millesimo
595 1197 673 1255 CCC
696 1202 896 1273 nonagesimo
919 1205 1033 1275 quinto.

492 1313 633 1378 Originale
652 1315 679 1366 in
698 1317 796 1377 charta,
816 1333 830 1368 a
852 1324 927 1386 tergo
946 1322 1088 1388 vestigium
1107 1324 1228 1390 impressi
1249 1325 1340 1392 sigilli.
1370 1326 1400 1378 In
1419 1327 1528 1378 archivo
1545 1327 1592 1378 lib.
1612 1343 1668 1394 reg.

403 1401 452 1452 civ.
472 1403 588 1468 zagrab„

993 1572 1076 1638 381.

511 1711 586 1758 rinno
609 1719 683 1773 1395,
706 1719 725 1760 1.
746 1713 910 1776 septembris.
933 1713 1070 1778 Strigonii.

406 1833 607 1908 segemundus
630 1838 807 1910 Hungorioe
830 1849 876 1898 etc.
901 1860 955 1898 rex
972 1843 1112 1918 Jolromri
1132 1844 1166 1900 de
1189 1843 1272 1902 Senis
1293 1847 1401 1901 arraona
1416 1847 1539 1920 episcopi
1552 1848 1670 1920 arrgrnb.

406 1960 440 1998 ne
461 1943 535 1999 cr'ves
564 1943 737 2002 Grcclreasrs
760 1947 790 2001 in
813 1949 959 2004 exactione
988 1949 1161 2006 ‹lecr'morum
1195 1952 1294 2025 „ultro
1318 1953 1443 2024 ipsorum
1466 1953 1623 2010 libertatem
1646 1962 1674 2010 et

406 2049 629 2107 consuetmlincm
660 2051 697 2109 ab
723 2053 842 2126 anliqoo
871 2055 1079 2129 approbatont“
1111 2066 1254 2130 aggravet
1283 2066 1313 2115 et
1338 2059 1399 2115 eccl.
1430 2057 1609 2116 titterdictum
1641 2067 1676 2116 ut

895 2170 1011 2232 revocet,
1029 2163 1182 2236 praecipit.

495 2299 710 2372 Sigismundus
742 2303 790 2361 dei
825 2307 929 2376 gracia
959 2321 1013 2364 rex
1048 2307 1214 2380 Hungarie,
1250 2308 1419 2378 Dalmacie,
1455 2307 1583 2366 Croacie
1618 2316 1673 2366 etc.

408 2407 609 2480 marchioque
633 2406 952 2483 Brandemburgensis
976 2417 1031 2469 etc.
1055 2411 1215 2471 Fidelibus
1239 2414 1309 2484 suis,
1334 2414 1510 2471 honorabili
1528 2415 1596 2471 viro
1619 2413 1674 2471 do·

409 2513 493 2570 mino
523 2513 656 2594 Johanni
687 2514 726 2572 de
756 2513 852 2586 Senis
883 2517 999 2576 vicario
1024 2519 1053 2575 in
1077 2519 1292 2593 spiritualibus
1314 2519 1461 2592 generali,
1485 2520 1558 2576 item
1584 2519 1675 2577 Petro

409 2627 438 2675 et
461 2617 627 2692 Stephana
651 2622 802 2694 litteratis,
828 2623 1036 2682 familiaribus
1060 2631 1089 2681 et
1113 2623 1302 2682 officialibus
1321 2625 1423 2682 fidelis
1448 2627 1545 2683 nostri
1561 2625 1677 2696 devoti,

409 2725 570 2783 reverendi
594 2727 624 2784 in
648 2726 772 2785 Christo
803 2729 908 2803 patris.
940 2729 1058 2788 domini
1087 2731 1235 2813 Johannis
1259 2731 1396 2805 episcopi
1419 2731 1547 2789 ecclesie
1571 2747 1676 2804 zagra-

332 2899 340 2912 ·
411 2831 542 2902 byensis,
567 2832 698 2890 salutem
722 2841 751 2891 et
774 2835 918 2907 graciam.
941 2836 976 2894 ln
999 2837 1138 2910 personis
1162 2835 1279 2906 iudicis
1304 2837 1476 2894 iuratorum
1500 2842 1530 2894 et
1554 2839 1677 2894 univer-

412 2953 516 2995 sorum
549 2940 665 2998 civium
696 2956 732 2998 ac
759 2943 918 3015 hospitum
948 2949 1125 3000 nostrorum
1149 2942 1188 2999 de
1211 2942 1371 3015 Zagrabia,
1395 2949 1498 3000 nostre
1523 2944 1678 3001 maiestati

410 3045 522 3102 dicitur
553 3047 738 3119 querulosa·
758 3047 916 3120 quomodo
944 3063 1000 3106 vos
1030 3047 1166 3106 decimas
1190 3049 1287 3122 ipsius
1310 3048 1428 3106 domini
1450 3049 1598 3123 episcopi,
1622 3049 1678 3106 do·
1733 3114 1736 3120 ¹

411 3151 486 3208 mini
517 3153 621 3222 vestri,
652 3159 801 3226 exparte
833 3155 972 3226 ipsorum
996 3155 1112 3212 civium
1135 3161 1312 3212 nostrorum
1336 3153 1437 3212 eidem
1460 3153 1588 3212 domiuo
1612 3156 1678 3228 epi-

412 3271 508 3329 scopo
539 3259 703 3331 provenire
734 3259 898 3330 debendas
930 3275 991 3316 non
1018 3260 1188 3317 secundum
1213 3261 1352 3334 ipsorum
1376 3259 1680 3318 consuetudinariam

413 3363 515 3434 legem
539 3365 578 3421 ab
602 3365 729 3437 antiquo
750 3366 947 3423 observatam
981 3373 1010 3422 et
1034 3372 1126 3439 prout
1150 3368 1227 3424 alias
1243 3365 1301 3424 fuit
1317 3373 1508 3439 consuetum,
1525 3367 1580 3424 sed
1596 3369 1681 3425 ultra

412 3471 540 3528 eandem
565 3472 817 3529 consuetudinem
832 3471 1023 3542 eorumdem,
1039 3489 1133 3547 super
1149 3473 1233 3546 ipsos
1249 3471 1352 3530 dicare
1368 3478 1397 3530 et
1414 3472 1537 3545 exigere
1555 3474 1679 3531 nittere-

414 3580 489 3636 mini
513 3585 542 3636 et
567 3579 697 3649 velletis,
721 3580 1024 3653 ecclesiasticumque
1039 3577 1236 3636 interdictum
1253 3594 1347 3651 super
1363 3577 1489 3635 eosdem
1505 3579 1615 3652 previa
1631 3595 1682 3636 ra-

414 3686 500 3742 cione
517 3686 740 3758 imposuissetis
753 3685 782 3742 in
796 3685 1001 3759 preludieium
1019 3685 1094 3742 iuris
1111 3685 1249 3758 ipsomm
1267 3690 1297 3741 et
1310 3684 1530 3742 detrimentum
1545 3685 1683 3742 multum

415 3793 537 3864 ingens;
563 3808 619 3865 per
642 3791 853 3865 quodquidem
878 3792 1119 3850 ecclesiasticum
1147 3792 1343 3848 interdictum
1375 3793 1512 3866 plurima
1545 3797 1685 3850 mortuo-

414 3913 484 3954 rum
517 3913 646 3954 suorum
677 3913 745 3955 ossa
777 3905 864 3955 extra
894 3914 980 3955 sacra
1011 3899 1079 3955 loca
1109 3899 1230 3970 sepulta
1254 3897 1450 3969 haberentur,
1482 3913 1554 3954 cum
1579 3903 1683 3955 tamen

405 4005 475 4080 ipsi
498 4004 633 4062 decimas
656 4004 810 4078 predictas
833 4005 923 4062 sicuti
945 4005 1022 4062 alias
1042 4003 1165 4061 easdem
1182 4003 1304 4061 solvere
1322 4002 1451 4060 fuissent
1466 4005 1574 4076 asveti,
1591 4005 1685 4061 vobis

416 4110 554 4183 plenarie
585 4111 797 4183 persolverent
828 4117 857 4167 et
888 4110 1035 4168 effective.
1068 4111 1170 4182 Quare
1193 4109 1337 4168 fidelitati
1360 4115 1462 4167 vestre
1486 4111 1686 4183 presentibus

417 4216 600 4274 mandamus
622 4217 825 4288 severissime,
848 4223 999 4289 quatenus
1022 4214 1159 4288 prefatos
1183 4215 1266 4274 cives
1290 4221 1320 4273 et
1343 4217 1481 4290 hospites
1504 4223 1629 4272 nostros
1654 4215 1687 4272 in

416 4323 572 4400 dicacione
596 4329 625 4379 et
648 4323 809 4380 exaccione
841 4322 1051 4396 predictarum
1082 4321 1274 4380 decimarum
1306 4321 1389 4379 ultra
1420 4321 1562 4394 ipsorum
1591 4321 1687 4378 liber-

417 4411 513 4486 tatem
534 4436 564 4486 et
587 4429 837 4486 consuetudinem
863 4429 1054 4501 abantiquo
1084 4429 1290 4502 approbatam
1315 4426 1456 4501 inpedire
1479 4434 1509 4484 et
1533 4442 1687 4500 agravare

417 4536 505 4594 nullo
529 4534 623 4593 modo
647 4536 897 4609 presumpmatis
920 4552 975 4592 nec
1000 4551 1093 4608 super
1111 4533 1237 4592 eosdem
1253 4535 1376 4591 racione
1392 4534 1618 4606 premissarum
1633 4532 1687 4590 de·

418 4644 569 4700 cimarum
594 4642 768 4700 indebitum
790 4641 1030 4699 ecclesiasticum
1055 4641 1253 4699 interdictum
1270 4642 1418 4714 inponere
1434 4639 1574 4697 debeatis
1591 4638 1688 4696 modo

418 4749 548 4822 aliquali
556 4768 563 4819 ;
595 4755 625 4806 et
654 4749 741 4806 aliud
760 4748 872 4832 ¹iacere
902 4764 963 4805 non
986 4749 1097 4806 ausuri.
1121 4748 1238 4805 Datum
1261 4747 1417 4819 Strigonii,
1442 4747 1473 4803 in
1499 4745 1578 4803 festo
1602 4747 1687 4803 beati

419 4856 520 4928 Egidii
540 4857 668 4913 abbatis¹
697 4857 787 4912 Anno
810 4854 928 4912 domini
956 4853 1065 4912 MCCC
1088 4856 1288 4928 nonagesimo
1313 4854 1428 4926 quinto

508 4973 647 5038 Originale
672 4973 698 5022 in
724 4973 821 5022 charta.
850 4975 872 5022 A
897 4979 973 5039 tergo
999 4973 1155 5038 impressum
1179 4972 1262 5022 maius
1284 4971 1404 5038 sigillum
1423 4970 1502 5036 regis.
1527 4968 1558 5019 In
1579 4969 1690 5019 archivo

420 5063 466 5112 lib.
487 5078 541 5128 reg.
562 5061 633 5112 civit.
654 5062 758 5127 zagrab.
