3600 5804
386 582 445 642 228
803 581 875 638 Doc.
899 593 970 657 244.
998 611 1034 620 -
1061 578 1117 636 An.
1143 572 1230 654 1361.

383 777 548 850 Wylermo
582 777 680 836 electo
717 777 1030 850 quinqueecclesiensi
1066 775 1257 846 confirmato,
1292 775 1464 834 Colomano
1497 773 1644 850 jauriensi,

383 882 548 940 Dominico
578 883 676 940 electo
707 883 912 954 chanadiensi,
943 881 1136 952 confirmato,
1165 881 1321 955 Stephano
1351 881 1552 953 zagrabienst
1586 881 1646 952 My·

383 989 489 1046 chaele
505 990 688 1061 wachyensi,
706 989 797 1046 Petro
826 989 979 1059 boznensi,
1007 987 1172 1058 fratribus;
1192 987 1349 1062 Stephano
1364 987 1513 1057 nitriensi,
1533 987 1646 1044 Thoma

383 1095 556 1165 syrmiensi,
586 1095 726 1177 Johanne
754 1095 907 1165 tinniensi,
940 1095 1159 1152 Bartholomeo
1187 1093 1380 1166 traguriensi.
1411 1093 1571 1150 Demetrio
1599 1108 1647 1150 no·

383 1200 477 1270 nensi‚
519 1200 675 1272 Stephano
709 1199 830 1264 farensi,
872 1200 1036 1257 Valentino
1071 1197 1258 1268 mirarersi,
1298 1199 1421 1256 Matheo
1458 1199 1645 1270 sybinicensi,

384 1307 545 1377 Mychaele
570 1305 777 1376 scardonensi,
807 1305 932 1363 Portiua
955 1306 1116 1376 senniensi,
1139 1305 1341 1362 ecclesiarum
1371 1305 1535 1379 episcopis,
1559 1305 1648 1362 eccle

386 1412 447 1468 sias
470 1411 520 1470 dei
546 1411 675 1469 feliciter
698 1411 960 1484 gubernantibus;
984 1413 1153 1484 ragusiensi
1177 1417 1208 1469 et
1231 1412 1426 1470 corbaviensi
1447 1410 1575 1468 sedibus
1601 1425 1648 1467 va·

384 1517 532 1574 cantibus.
558 1516 729 1589 Magnificis
753 1517 843 1575 viris:
869 1517 997 1574 Nicolao
1021 1518 1132 1588 Konth,
1157 1518 1304 1591 palatino,
1328 1517 1478 1589 Dyonisio
1501 1515 1648 1588 wayvoda

384 1623 582 1694 transilvano,
607 1624 718 1680 comite
742 1622 898 1696 Stephano
923 1623 1046 1680 Bubeclr
1071 1624 1172 1680 iudice
1195 1623 1279 1680 curie
1303 1629 1417 1691 nostre,
1432 1623 1574 1704 Johanne
1589 1637 1648 1678 ma·

383 1728 479 1798 gistro
502 1729 732 1788 tavarnicorum
755 1735 942 1798 nostrorum,
960 1730 1141 1786 leustachio
1157 1728 1330 1800 Sclauonie,
1353 1729 1482 1787 Nicolao
1499 1728 1539 1786 de
1555 1727 1646 1785 Zeech

384 1833 545 1890 Dalmaeie
568 1841 598 1891 et
618 1835 753 1904 Croacie
780 1834 907 1891 Nicolao
930 1835 968 1891 de
993 1836 1160 1906 Maachow‚
1192 1835 1300 1904 banis;
1331 1835 1421 1892 Petro
1449 1833 1562 1904 Zudor,
1588 1835 1647 1906 pin·

383 1954 554 2002 cernarum,
579 1940 676 1996 Paulo
700 1939 737 1996 de
762 1940 894 2011 Lyzkou,
919 1939 1132 2013 dapiferorum
1175 1949 1204 1998 et
1243 1942 1384 1998 Emerico
1407 1956 1578 2013 agazonum
1600 1955 1649 1996 uo

384 2049 520 2101 strorum
561 2047 726 2118 magistris,
765 2063 799 2103 ac
831 2047 981 2118 magistro
1014 2047 1122 2118 Konya
1161 2047 1273 2104 comite
1304 2048 1488 2120 posomensi,
1523 2048 1648 2118 aliisque

388 2167 480 2222 quam
506 2153 649 2226 pluribus
673 2155 837 2210 comitatus
860 2156 946 2226 regni
970 2155 1065 2211 nostri
1090 2155 1264 2211 tenentibus
1287 2161 1315 2210 et
1340 2155 1480 2210 honores

476 2287 616 2354 Originale
637 2289 662 2337 in
683 2289 840 2346 membrana,
861 2289 926 2338 bene
946 2295 1136 2346 conservatum,
1156 2290 1210 2338 duo
1230 2288 1319 2354 sigilla
1333 2289 1482 2353 dependent
1502 2288 1649 2350 etquidem

386 2376 471 2424 maius
490 2390 504 2424 a
523 2391 586 2426 zona
606 2377 695 2426 textili
714 2377 813 2426 sericea
833 2377 929 2427 viridis
948 2383 974 2427 et
994 2377 1106 2428 violacei
1121 2377 1227 2432 coloris.
1243 2384 1269 2426 et
1285 2376 1369 2426 minus
1382 2377 1550 2426 solummodo
1563 2389 1651 2424 azone

384 2462 481 2512 viridis
500 2464 605 2514 coloris.
625 2465 655 2514 In
675 2465 745 2514 arch.
766 2481 821 2514 ven.
843 2480 898 2530 cap.
918 2466 1022 2531 zagrab.
1043 2464 1103 2514 fasc.
1125 2475 1165 2526 24.
1185 2481 1224 2514 nr.
1243 2480 1268 2526 4

970 2697 1061 2762 244.

492 2837 568 2886 Anno
594 2837 666 2894 1361,
689 2843 725 2891 17.
745 2837 867 2903 Augusti.
889 2837 918 2887 In
940 2838 1078 2904 Vilegrad.

390 2961 524 3020 Civitatis
552 2963 722 3021 Grecliensis
751 2967 937 3022 conineum'tas
966 2967 1100 3023 mulctam
1125 2978 1171 3041 50
1195 2985 1370 3036 nearcamm,
1389 2985 1476 3040 quom
1499 2966 1652 3040 capitulum

534 3070 651 3142 zograb.
675 3073 831 3128 convictum
854 3071 888 3128 de
909 3073 1055 3128 calumnia
1078 3074 1187 3130 salvere
1209 3073 1354 3142 debuisset,
1384 3073 1503 3148 refutat.

474 3213 536 3270 Nos
562 3214 740 3272 Villielmus
763 3215 812 3273 dei
836 3221 866 3274 et
888 3217 1058 3290 apostolice
1081 3217 1163 3274 sedis
1182 3218 1294 3289 gracia,
1322 3217 1437 3274 electus
1453 3215 1653 3274 confirmatus

385 3320 512 3376 ecclesie
544 3322 883 3393 quinqueecclesiensis,
914 3339 1018 3380 comes
1050 3325 1171 3397 capelle
1187 3313 1223 3381 'et
1246 3325 1428 3380 secretarius
1451 3324 1653 3380 cancellarius

386 3426 502 3484 domini
526 3427 673 3485 Lodouici
697 3429 804 3486 eadem
821 3430 924 3501 gracia
944 3431 1026 3502 regis
1043 3431 1207 3502 ilungarie.
1226 3431 1373 3486 Memorie
1391 3429 1653 3500 commendamus,

385 3533 468 3606 quod
493 3549 565 3590 cum
588 3550 644 3592 nos
667 3535 705 3592 ad
730 3537 896 3608 peticiones
916 3537 1064 3619 Johannis
1082 3537 1206 3594 Barbati
1229 3543 1259 3594 et
1283 3537 1396 3593 Mathie
1419 3536 1557 3606 litterati,
1580 3537 1654 3609 legi-

386 3641 533 3696 timorum
566 3647 805 3713 procuratorum
836 3642 954 3712 iudicis,
986 3643 1156 3700 iuratorum
1188 3649 1218 3700 et
1240 3643 1458 3700 universorum
1479 3643 1596 3700 civium
1620 3659 1653 3698 ac

385 3745 544 3818 hospitum
567 3745 605 3803 de
629 3753 733 3804 monte
756 3747 867 3818 Grech,
887 3750 1071 3819 magistrum
1101 3748 1262 3805 Nicolaum
1279 3748 1434 3805 notarium
1451 3753 1481 3804 et
1497 3747 1652 3804 hominem

385 3857 527 3908 nostrum
562 3868 620 3925 pro
655 3854 830 3911 testimonio
862 3853 901 3910 ad
936 3854 1164 3926 infrascriptam
1200 3854 1446 3927 prohibicionem
1483 3852 1652 3911 faciendam

386 3957 581 4016 duxissemus
604 3959 839 4028 destinandum;
866 3960 993 4017 demum
1018 3959 1100 4017 idem
1125 3961 1220 4016 homo
1244 3965 1349 4016 noster
1372 3957 1409 4014 ad
1435 3973 1491 4015 nos
1514 3974 1654 4016 reversus

386 4064 476 4120 nobis
507 4065 613 4120 retulit
646 4081 682 4122 eo
713 4065 817 4134 mode,
849 4065 933 4138 quod
965 4067 1030 4138 ipse
1061 4065 1137 4122 feria
1163 4066 1256 4122 tercia
1280 4065 1424 4138 proxima
1447 4071 1520 4136 post
1544 4063 1653 4121 festum

385 4171 609 4242 assumpcionis
633 4171 721 4227 beate
745 4172 874 4242 virginis
897 4171 935 4228 ad
960 4172 1145 4243 magistrum
1164 4171 1368 4228 laurencium
1385 4171 1653 4243 prothonotarium

386 4280 415 4330 et
438 4291 519 4330 nunc
544 4275 625 4331 vices
648 4281 804 4347 gerentem
832 4276 990 4348 magnifici
1014 4277 1074 4333 viri
1095 4276 1245 4358 Johannis
1268 4276 1409 4347 magistri
1424 4275 1653 4332 tavamicorom

385 4380 538 4451 regalium
562 4382 748 4452 accessisset,
774 4389 804 4438 et
827 4388 968 4455 presente
992 4383 1069 4455 ips0,
1089 4381 1219 4456 predicti
1237 4393 1452 4455 procuratores
1468 4381 1498 4438 in
1517 4382 1654 4454 personis

386 4490 595 4559 pretactorum
629 4485 747 4556 iudicis,
779 4487 949 4544 iuratorum
981 4495 1010 4544 et
1041 4487 1257 4544 universorum
1290 4487 1405 4544 civium
1436 4501 1471 4543 ac
1496 4487 1653 4560 hospitum

386 4589 425 4646 de
448 4597 553 4648 monte
575 4590 676 4648 Grech
700 4593 890 4650 solucionem
915 4593 1138 4666 quinquaginta
1154 4607 1332 4650 marcarum
1349 4591 1545 4662 budensium,
1562 4607 1654 4666 quam

387 4697 557 4769 capitulum
582 4699 709 4755 ecclesie
732 4701 938 4770 zagrahiensis
963 4715 1021 4772 pro
1045 4699 1126 4756 facto
1143 4699 1298 4756 calumnie
1314 4698 1538 4772 prenominatis
1555 4699 1653 4766 iudici,

386 4803 494 4859 iuratis
517 4809 547 4859 et
571 4805 722 4861 universis
745 4806 866 4862 civibus
889 4822 925 4863 ac
948 4807 1123 4878 hospitibus
1146 4805 1185 4863 de
1209 4811 1313 4862 monte
1337 4803 1447 4874 Grech,
1465 4819 1571 4861 coram
1589 4806 1654 4877 ipso

325 4911 328 4919 '
387 4910 536 4981 magistro
559 4911 789 4967 tavernicorum
814 4913 967 4983 regalium
992 4913 1078 4970 iuxta
1097 4913 1319 4970 continenciam
1337 4911 1513 4968 litterarum
1530 4923 1653 4967 suarum

386 5016 417 5073 in
441 5015 562 5072 duabus
592 5017 709 5073 octavis
741 5016 954 5090 infrascriptis,
986 5017 1130 5076 videlicet
1153 5019 1182 5075 in
1208 5019 1325 5076 octavis
1346 5017 1415 5074 festi
1437 5017 1521 5074 beati
1542 5015 1650 5099 Jaoobi
