3728 5806
372 509 433 586 264
786 509 859 566 Doc.
884 519 952 585 27j.
980 541 1016 551 -
1043 509 1099 565 An.
1124 518 1208 586 1377.

365 709 455 782 gravi
478 723 550 766 cum
573 708 709 780 querela,
740 707 823 781 quod
855 707 1039 766 honorabile
1069 706 1242 780 capitulum
1274 707 1401 764 ecclesie
1423 707 1632 779 zagrabiensis

366 818 473 871 contra
495 813 668 888 predictam
691 813 849 871 civitatem
873 814 1078 886 conspirasset
1101 812 1242 885 nequicia
1268 813 1468 886 precogitata,
1489 827 1525 869 ac
1543 813 1570 870 si
1586 829 1632 870 es-

366 927 434 977 sent
456 919 598 977 infideles
621 919 708 992 regni
731 925 761 976 et
783 920 867 992 regie
887 920 1072 988 maiestatis;
1097 911 1193 997 (nam)
1225 933 1305 976 anno
1336 919 1366 976 in
1396 920 1532 992 presenti
1554 925 1631 976 tem·

365 1041 441 1100 pore
465 1025 621 1082 vindemie
645 1025 706 1083 tale
729 1031 878 1083 statutum
901 1031 932 1083 et
955 1025 1090 1082 edictum
1115 1026 1193 1082 inter
1215 1041 1247 1082 se
1272 1024 1472 1096 ordinassent,
1505 1071 1630 1083 .....

366 1132 566 1204 iobagionum
590 1136 620 1189 et
643 1131 825 1189 colonorum
849 1175 1007 1190 ......
1035 1131 1265 1188 interdixissent
1296 1177 1424 1189 .....
1448 1131 1487 1189 ad
1511 1132 1631 1206 predic-

366 1242 430 1294 tam
454 1235 661 1295 Grechensem
684 1237 850 1308 civitatem,
873 1243 966 1311 prout
987 1238 1028 1294 ab
1045 1237 1172 1310 antiquo
1189 1236 1296 1295 fuisset
1314 1243 1497 1296 consvetum
1520 1245 1550 1295 et
1572 1239 1632 1295 hoc

365 1343 424 1399 sub
457 1359 537 1416 pena
568 1342 675 1400 decem
707 1343 907 1400 marcharum
933 1343 1130 1401 denariorum
1154 1343 1343 1414 indixissent,
1375 1345 1519 1416 dicentes,
1546 1345 1628 1418 quod

365 1449 443 1506 alias
466 1464 662 1522 quocumque
687 1449 803 1506 vellent
825 1449 958 1506 liberam
982 1450 1130 1507 haberent
1153 1449 1348 1508 conducendi
1366 1450 1562 1519 facultatem
1586 1452 1630 1508 in-

365 1553 502 1613 hibendo
526 1554 650 1612 eosdem
674 1556 810 1626 colonos,
834 1555 918 1628 quod
944 1555 1049 1612 debita
1072 1555 1258 1614 debentibus
1283 1556 1421 1614 eiusdem
1445 1556 1630 1615 Grechensis

366 1662 499 1720 civitatis
522 1677 593 1718 cum
617 1677 698 1719 novo
722 1663 793 1720 anni
814 1663 964 1736 presentis
981 1663 1062 1732 vino,
1078 1679 1178 1736 neque
1198 1679 1268 1720 cum
1286 1665 1416 1736 pecunia
1432 1680 1489 1738 per
1505 1664 1628 1722 eosdem

366 1769 448 1825 cives
471 1767 543 1825 data
566 1773 596 1824 et
619 1783 762 1826 concessa
784 1769 970 1842 persolvetis
993 1785 1048 1826 nec
1073 1769 1147 1826 dare
1172 1769 1300 1826 minime
1325 1771 1474 1828 teneretis
1502 1771 1549 1828 De
1573 1772 1632 1829 hiis

364 1889 425 1930 non
448 1873 590 1944 contenti,
614 1873 800 1932 sedecimam
825 1875 888 1932 vini
911 1891 1036 1949 semper
1056 1880 1196 1949 tempore
1218 1876 1373 1933 vindemie
1389 1877 1537 1949 predicte,
1553 1876 1629 1934 Gre-

366 1979 469 2036 chensi
492 1980 610 2038 civitati
639 1980 680 2036 ab
710 1980 837 2053 antiquo
868 1981 1111 2054 provenientem,
1136 1981 1210 2039 dare
1232 1989 1431 2053 recusassent,
1457 1985 1630 2056 quinimmo

365 2083 578 2142 fraudulenter
601 2085 702 2159 ipsam
733 2091 932 2160 usurpassent
963 2087 993 2144 in
1024 2087 1140 2160 grande
1174 2088 1346 2162 dampnum
1374 2089 1472 2163 ipsius
1497 2090 1627 2148 civitatis

365 2196 394 2248 et
417 2191 575 2249 iacturam.
596 2191 645 2249 De
669 2192 815 2267 predictis
846 2208 905 2250 non
937 2193 1132 2266 sufficientes
1157 2199 1268 2253 octavo
1292 2195 1342 2252 die
1366 2194 1436 2253 festi
1458 2197 1542 2254 beati
1565 2199 1629 2268 My-

365 2297 480 2354 chaelis
503 2297 681 2371 archangeli
703 2315 784 2356 nunc
807 2299 950 2373 proxime
974 2301 1121 2374 preteriti,
1154 2302 1209 2359 ubi
1240 2301 1444 2359 decimatores
1473 2304 1538 2360 vini
1561 2320 1628 2378 pre·

364 2402 438 2461 dicti
458 2403 664 2476 zagrabiensis
687 2405 814 2478 capituli
837 2413 907 2463 ante
938 2412 1062 2480 portam
1091 2407 1271 2465 carnificum
1295 2409 1326 2466 in
1349 2407 1492 2482 koncha¹
1504 2456 1625 2468 .....

364 2509 487 2566 abbatis
510 2509 726 2582 consedissent,
751 2503 794 2589 (in
818 2505 984 2590 territorio)
1008 2512 1192 2571 Grechensis
1215 2515 1356 2588 civitatis,
1381 2521 1410 2572 et
1434 2515 1510 2573 dum
1530 2517 1627 2590 ipsam

363 2615 515 2672 decimam
540 2615 604 2672 vini
627 2639 643 2672 .’
658 2661 784 2674 .....
809 2618 913 2675 taliter
943 2624 1188 2692 congregassent,
1221 2621 1303 2678 clam
1326 2621 1469 2680 recedere
1492 2639 1553 2680 non
1577 2624 1627 2680 ha·

365 2722 479 2793 bentes,
504 2721 577 2794 quid
603 2721 704 2781 facere
727 2724 905 2796 voluissent,
927 2725 989 2782 duo
1012 2740 1100 2783 orrea
1124 2731 1154 2783 et
1177 2743 1272 2784 unum
1297 2729 1458 2786 stabulum
1484 2729 1523 2786 de
1547 2745 1629 2786 man·

365 2826 437 2884 dato
461 2831 491 2884 et
513 2827 597 2884 iussu
621 2828 752 2902 predicti
776 2829 905 2902 capituli
936 2831 1063 2888 ecclesie
1093 2833 1307 2905 zagrabiensis,
1331 2849 1402 2890 cum
1425 2842 1537 2892 ventus
1560 2837 1628 2893 hor·

362 2933 465 2992 ribilis
489 2933 604 3006 fuisset,
630 2936 841 3008 incendissent,
865 2937 919 2994 ubi
941 2941 1111 3008 centumet
1127 2940 1321 3012 septuaginta
1337 2941 1461 3013 capecia
1484 2940 1628 2998 frumenti

363 3045 394 3098 et
416 3041 496 3098 milii
519 3039 660 3098 iecissent
683 3043 873 3101 concremari
896 3043 1011 3101 civium
1037 3044 1248 3117 predictorum
1257 3091 1627 3105 .............

363 3192 549 3205 .......
571 3147 689 3211 auxilio
712 3147 886 3206 advenisset
916 3195 921 3206 .
946 3195 952 3206 .
976 3195 982 3207 .
1007 3195 1012 3206 .
1037 3194 1043 3206 .
1068 3194 1073 3206 .
1096 3195 1101 3207 .
1126 3196 1131 3206 .
1157 3196 1162 3207 .
1188 3197 1193 3207 .
1216 3198 1221 3208 .
1247 3197 1253 3208 .
1278 3197 1283 3209 .
1308 3198 1313 3209 .
1339 3198 1346 3210 .
1370 3199 1375 3209 .
1398 3154 1626 3223 convertissent,

362 3252 485 3326 penitus
508 3258 538 3310 et
560 3269 617 3328 per
639 3255 743 3311 omnia
765 3254 957 3328 preallegata
992 3255 1100 3312 civitas
1124 3255 1307 3315 Grechensis
1324 3257 1431 3315 fuisset
1460 3261 1627 3330 combusta,

363 3363 392 3416 et
415 3365 629 3429 concremata,
650 3360 704 3417 lite
725 3367 827 3418 tamen
860 3361 1009 3434 pendente
1040 3363 1119 3419 inter
1150 3363 1240 3437 ipsos
1272 3362 1373 3438 Super
1404 3381 1466 3438 quo
1495 3374 1627 3424 vestram

364 3479 511 3538 rogamus
534 3467 707 3524 amiciciam
731 3467 926 3540 presentibus
947 3467 1120 3541 diligenter,
1144 3475 1294 3542 quatenus
1318 3487 1413 3528 unum
1430 3473 1482 3530 vel
1499 3473 1576 3531 duos
1592 3491 1628 3531 er

363 3571 453 3628 vobis
477 3573 699 3643 transmittatis
724 3572 777 3645 qui
800 3572 838 3630 ad
863 3572 1034 3646 predictam
1059 3575 1215 3632 civitatem
1239 3576 1278 3633 de
1301 3577 1453 3650 Zagrabia
1469 3585 1499 3637 et
1513 3581 1552 3637 ad
1568 3581 1629 3638 alia

365 3676 433 3734 loca
455 3677 634 3750 necessaria,
657 3678 778 3736 iusticia
801 3695 856 3753 pre
879 3680 978 3737 oculis
1009 3679 1152 3738 habenda
1175 3687 1205 3739 et
1229 3684 1453 3742 conscienciose
1476 3687 1628 3757 accedant,

361 3783 415 3856 qui
438 3783 479 3840 ab
502 3785 648 3842 omnibus
670 3801 689 3842 a
711 3785 825 3858 quibus
849 3785 959 3844 decens
981 3791 1010 3843 et
1036 3793 1247 3861 opportunum
1280 3788 1373 3847 fuerit
1395 3791 1502 3864 palam
1525 3800 1553 3850 et
1579 3808 1628 3850 oc·

364 3888 445 3946 culte
468 3889 682 3962 investigando
705 3891 801 3948 sciant
824 3897 854 3949 et
879 3892 1036 3966 inquirant
1059 3893 1097 3950 dc
1120 3895 1281 3967 premissis
1314 3897 1527 3956 omnimodam
1550 3901 1628 3958 veri·

362 3999 457 4052 tatem
481 4001 511 4052 et
534 3995 665 4054 eandem
687 4001 782 4070 prout
806 3998 895 4055 vobis
919 3998 1030 4056 exinde
1054 4000 1168 4057 veritas
1194 4003 1372 4073 constiterit,
1404 4005 1489 4077 regie
1511 4005 1628 4064 debetis

361 4101 531 4159 rescribere
565 4103 724 4161 maiestati.
759 4103 875 4161 Datum
904 4103 981 4162 feria
1011 4110 1098 4162 sexta
1127 4107 1272 4180 proxima
1303 4115 1373 4166 ante
1404 4109 1517 4169 testum
1549 4113 1628 4170 beati

362 4206 448 4264 Galli
471 4207 662 4268 confessoris.
687 4210 776 4267 Anno
800 4209 918 4268 domini
943 4211 1112 4269 millesimo
1136 4212 1300 4271 CCCLXX
1322 4217 1464 4289 septimo.

449 4342 472 4392 E
492 4348 656 4410 transumpto
674 4344 793 4396 indicum
812 4345 943 4396 nobilium
962 4346 1101 4397 comitatus
1118 4349 1223 4414 zagrab.
1241 4364 1308 4400 anno
1322 4351 1419 4401 eodem.
1435 4352 1628 4404 Documentum

362 4432 440 4482 valde
459 4447 572 4484 exesum.
