3600 5804
333 597 391 638 ara
752 575 827 634 Doc.
851 569 922 651 236.
946 605 983 616 -
1001 573 1058 632 An.
1084 569 1172 650 1356.

331 781 398 853 ipse
420 777 588 835 devocione
617 773 727 832 ductus
758 772 896 848 speciali,
929 771 1038 830 volens
1069 771 1195 830 celestia
1217 787 1391 846 preponere
1413 770 1543 828 terrenis
1567 777 1598 827 et

331 889 482 958 perpetuo
505 881 654 938 duratura
677 879 809 951 caducis,
833 879 931 936 altare
954 878 1121 935 inhonore
1144 878 1234 935 beate
1250 878 1346 934 Marie
1367 875 1549 948 Magdalene
1565 877 1595 932 in

332 989 471 1064 predicta
493 987 622 1045 ecclesia
644 986 835 1059 zagrabiensi
859 985 996 1042 construi
1019 983 1120 1042 facere
1143 991 1173 1041 et
1196 981 1332 1058 quadam
1355 998 1411 1039 sua
1432 983 1599 1056 possessio

332 1097 418 1154 naria
441 1095 588 1169 porcione
610 1093 756 1166 empticia
778 1093 865 1164 olym
901 1090 1072 1163 Cychorya‚
1096 1106 1177 1148 nunc
1199 1104 1274 1146 vero
1305 1089 1458 1146 Petrouch
1482 1095 1598 1158 vocata,

332 1204 364 1260 in
387 1202 535 1260 comitatu
558 1198 749 1273 zagrabiensi
773 1199 805 1256 in
828 1198 984 1256 vicinitate
1015 1196 1217 1271 possessionis
1248 1193 1406 1268 Stephani,
1430 1194 1490 1252 tilii
1512 1195 1600 1263 Luce,

333 1309 448 1379 habita,
472 1323 567 1382 quam
592 1307 659 1380 ipse
684 1305 765 1362 iusto
789 1305 864 1362 iuris
884 1304 975 1362 titulo
999 1318 1018 1360 a
1040 1303 1209 1361 iuventutis
1231 1317 1286 1359 sue
1308 1307 1450 1374 tempore
1474 1300 1603 1374 pacifice

333 1414 505 1473 obtinuisse
529 1412 740 1470 dinosceretur
763 1417 793 1467 et
816 1409 998 1484 possedisse,
1014 1424 1072 1483 pro
1088 1425 1145 1466 usu
1160 1409 1250 1466 unius
1268 1406 1436 1465 sacerdotis
1461 1405 1600 1480 predicto

334 1521 425 1579 altari
448 1520 537 1576 beate
562 1517 656 1576 Marie
679 1515 861 1589 Magdalene
885 1515 1139 1573 amministrantis
1162 1513 1280 1572 dictum
1302 1515 1400 1571 altare
1421 1512 1531 1570 dotare
1546 1513 1604 1570 nit-

334 1633 471 1694 teretur;
491 1624 561 1682 ideo
585 1639 640 1682 nos
663 1623 702 1680 de
725 1623 839 1696 pietate
869 1622 966 1694 regali
997 1621 1037 1678 ad
1066 1620 1099 1679 id
1133 1617 1309 1678 faciendum
1338 1620 1439 1678 eidem
1464 1625 1605 1677 nostrum

335 1734 458 1804 regium
481 1745 664 1788 consensum
688 1730 819 1803 prebere
843 1727 1043 1801 dignaremur
1073 1733 1103 1785 et
1132 1743 1300 1786 assensum.
1323 1726 1388 1784 Nos
1411 1727 1526 1799 itaque,
1551 1726 1604 1798 qui

337 1857 375 1896 ex
398 1841 501 1896 innata
524 1837 622 1910 regali
646 1836 830 1893 affabilitate
852 1851 912 1910 pro
935 1835 1074 1894 comodis
1098 1841 1201 1893 sancte
1223 1834 1351 1892 ecclesie
1367 1839 1398 1891 et
1415 1834 1604 1892 servitorum

337 1945 476 2004 eiusdem
498 1944 714 2018 ampliacione,
738 1959 912 2016 perquam
939 1957 1028 2016 reges
1058 1917 1188 2014 regnant
1211 1947 1241 1998 et
1264 1941 1450 1998 sublimium
1474 1940 1606 2012 imperia

337 2053 467 2110 dilacius
499 2049 714 2118 extenduntur,
747 2048 878 2124 provida
908 2049 1187 2121 circumspeccione
1217 2048 1344 2104 intuitus
1377 2046 1473 2104 nostri
1497 2046 1606 2102 oculos

337 2165 516 2216 convertere
540 2155 699 2226 debemus,
722 2154 974 2227 attendentesque
1004 2154 1229 2228 supplicacioni
1253 2151 1365 2226 prefati
1391 2152 1535 2225 Dyonisii
1558 2167 1608 2208 ar-

338 2263 521 2336 chydiaconi
544 2261 611 2319 fore
634 2263 748 2320 iustam
778 2267 808 2318 et
838 2261 1006 2330 salubrem,
1037 2261 1189 2334 premissa
1220 2275 1274 2316 sua
1297 2259 1450 2333 peticione
1474 2259 1608 2331 benigne

339 2369 483 2427 exaudita
505 2374 536 2426 et
558 2369 701 2438 admissa,
724 2367 864 2441 predicte
879 2383 933 2424 sue
954 2367 1194 2440 possessionarie
1210 2366 1372 2424 donacioni
1396 2373 1427 2424 et
1452 2367 1608 2424 dotacioni

339 2475 412 2533 dicti
436 2475 542 2532 altaris
565 2479 706 2531 nostrum
729 2473 849 2545 regium
872 2487 1056 2530 consensum
1079 2473 1248 2546 prebemus
1271 2478 1301 2530 et
1316 2487 1486 2542 assensum,
1504 2471 1607 2529 dando

339 2575 441 2639 eidem
464 2580 546 2638 dicto
570 2579 697 2638 domino
720 2579 870 2652 Dyonisio
893 2579 1120 2651 archydiacono
1144 2577 1315 2651 predictam
1332 2578 1608 2651 possessionariam

339 2703 428 2744 suarn
451 2688 631 2761 porcionem
655 2685 736 2742 iusto
766 2685 936 2758 empcionis
968 2685 1059 2742 titulo
1091 2685 1194 2757 ipsum
1226 2685 1464 2757 contingentem,
1488 2684 1610 2760 tamin

340 2795 404 2851 vita
427 2809 523 2866 quam
544 2793 574 2850 in
599 2798 700 2849 morte
723 2791 805 2848 dicto
837 2791 928 2848 altari
958 2791 1049 2848 beate
1080 2791 1176 2848 Marie
1207 2791 1389 2862 Magdalene
1412 2791 1443 2848 in
1468 2790 1610 2864 predicta

341 2901 469 2957 ecclesia
491 2898 683 2971 zagrabiensi
709 2897 922 2968 construendo
955 2912 1014 2971 pro
1044 2912 1101 2954 usu
1132 2897 1222 2954 unius
1254 2896 1422 2954 sacerdotis
1444 2897 1475 2954 in
1499 2896 1611 2954 eadem

341 3006 379 3063 ad
404 3006 529 3063 laudem
554 3010 584 3062 et
607 3005 740 3077 gloriam
765 3003 862 3061 divini
886 3003 1021 3060 numinis
1046 3019 1082 3060 ac
1111 3003 1335 3076 gloriosissime
1359 3003 1489 3075 virginis
1513 3004 1613 3060 llarie

341 3112 479 3170 eiusdem
514 3111 671 3184 genitricis
702 3125 760 3184 pro
789 3115 895 3168 nostra
924 3116 955 3166 et
988 3111 1053 3168 eius
1088 3110 1187 3168 salute
1218 3110 1361 3184 perpetui
1395 3111 1612 3180 ministrantis,

342 3219 425 3275 omni
450 3234 485 3275 ea
509 3217 688 3274 condicione
720 3221 749 3273 et
780 3217 924 3274 libertate
955 3232 1017 3290 qua
1047 3215 1108 3273 alic
1138 3217 1346 3289 possessiones
1377 3216 1458 3275 dicte
1480 3217 1614 3273 ecclesie

342 3323 546 3398 possidentur,
572 3322 674 3394 dandi,
698 3322 832 3380 donandi
855 3330 885 3380 et
908 3323 1032 3396 legandi
1057 3339 1092 3381 ac
1120 3322 1237 3380 dictum
1265 3323 1363 3380 altare
1390 3323 1517 3381 dotandi
1542 3324 1613 3397 ple-

342 3446 414 3487 nam
449 3436 479 3486 et
509 3431 686 3487 absolutam
710 3428 888 3486 facultatem
920 3431 1071 3503 presentis
1103 3430 1210 3503 scripti
1239 3430 1411 3502 patrocinio
1443 3429 1613 3487 mediante.

343 3536 458 3593 Datum
482 3552 539 3609 per
562 3552 672 3594 manus
695 3536 884 3593 venerabilis
907 3537 938 3594 in
962 3535 1087 3594 Christo
1116 3536 1213 3610 patris
1244 3534 1363 3593 domini
1391 3535 1518 3604 Nicolai,
1541 3551 1615 3608 pre

344 3642 439 3699 missa
463 3647 492 3699 et
515 3642 686 3715 apostolica
709 3643 813 3714 gracia
837 3642 976 3716 episcopi
1005 3643 1221 3715 zagrabiensiS,
1252 3641 1323 3699 aule
1347 3647 1450 3699 nostre
1473 3642 1616 3699 vicecan-

344 3747 472 3818 cellarii,
497 3748 602 3805 dilecti
626 3753 656 3804 et
678 3747 781 3805 fidelis
803 3749 908 3805 nostri.
933 3751 1022 3806 Anno
1053 3748 1171 3805 domini
1202 3747 1372 3804 millesimo
1396 3747 1615 3805 trecentesimo

345 3856 602 3926 quinquagesimo
626 3861 728 3925 sexto;
754 3854 939 3912 duodecimo
962 3854 1109 3912 kalendas
1132 3855 1246 3912 mensis
1268 3854 1360 3936 Junii.
1384 3854 1482 3925 Regni
1505 3859 1615 3910 autem

345 3960 441 4017 nostri
465 3976 545 4018 anno
568 3959 806 4032 quintodecimo.
831 3960 1071 4018 venerabilibus
1094 3960 1124 4018 in
1148 3959 1272 4017 Christo
1296 3959 1446 4032 patribus
1469 3957 1618 4030 dominis,

347 4065 475 4122 Nicolao
506 4067 710 4137 strigoniensi,
733 4067 855 4138 locique
879 4065 1018 4124 eiusdem
1041 4067 1154 4124 comite
1180 4071 1340 4139 perpetuo
1363 4065 1516 4123 colocensi
1538 4066 1617 4123 sede
1666 4141 1670 4148 ¹

347 4177 482 4243 vacante,
507 4177 537 4228 et
560 4171 688 4243 ngino
712 4155 887 4244 spalatensi,
911 4173 1152 4246 archiepiscopis
1160 4191 1167 4241 ;
1191 4171 1320 4230 Nicolao
1343 4172 1484 4245 agriensi,
1500 4171 1619 4229 Deme·

347 4278 406 4334 trio
429 4276 621 4345 waradiensi,
647 4277 836 4334 transilvana
867 4277 939 4335 sede
971 4279 1115 4336 similiter
1145 4285 1281 4349 vacante,
1310 4277 1439 4336 Nicolao
1462 4279 1620 4350 quinque-

346 4383 533 4452 ecclesiensi,
554 4383 694 4465 Johanne
717 4385 950 4457 wesprimiensi,
974 4385 1147 4443 Colomano
1175 4382 1330 4460 jauriensi,
1361 4383 1522 4456 Mychaele
1549 4399 1620 4442 wa-

348 4489 472 4559 chiensi,
503 4487 625 4545 Thoma
652 4489 857 4562 chanadiensi,
889 4490 980 4548 Petro
1012 4491 1165 4560 boznensi,
1197 4489 1355 4560 fratribus
1391 4489 1511 4548 Thoma
1545 4491 1620 4548 siri·

348 4596 466 4665 miensi,
490 4593 647 4668 Stephano
675 4597 812 4653 nitriensi
844 4603 874 4654 et
906 4597 1010 4655 Blasio
1040 4597 1202 4671 tynniensi,
1226 4596 1427 4654 ecclesiarum
1451 4596 1619 4670 episcopis,

348 4701 493 4758 ecclesias
507 4701 556 4758 dei
570 4701 702 4760 feliciter
718 4703 970 4775 gubernantibus
987 4703 1159 4776 Magnificis
1172 4704 1341 4761 baronibus
1354 4701 1482 4760 Nicolao
1498 4701 1617 4772 Konth,

349 4809 437 4880 regni
458 4809 556 4866 nostri
579 4809 717 4884 palatino
741 4815 770 4866 et
793 4809 893 4867 iudice
925 4810 1144 4881 Cumanorum,
1167 4809 1292 4868 Andrea
1315 4808 1470 4880 woyvoda
1491 4811 1620 4868 transil-

349 4930 429 4972 vano
452 4919 482 4971 et
505 4916 617 4972 comite
640 4915 679 4972 de
701 4915 816 4986 Zonulr,
840 4915 959 4988 Cykow
989 4917 1137 4989 magistro
1169 4917 1399 4973 tavarnicorum
1427 4921 1620 4984 nostrorum,

349 5021 478 5078 Nicolao
501 5020 540 5078 de
563 5021 668 5094 Zeech,
691 5022 791 5080 iudice
815 5024 898 5080 curie
927 5031 1030 5081 nostre
1058 5029 1087 5080 et
1118 5023 1230 5080 comite
1263 5021 1302 5079 de
1326 5022 1460 5093 Turuch,
1485 5020 1620 5079 Nicolao
