3824 5806
698 529 771 587 Doc.
785 525 864 606 386.
892 564 928 572 -
953 529 1010 589 An.
1036 528 1126 608 1396.
1482 537 1544 612 369

279 725 364 782 curia
389 726 418 783 in
442 741 503 798 qua
526 726 679 799 plebanus
702 726 840 784 eiusdem
865 727 992 784 ecclesie
1018 727 1202 799 residerent;
1226 731 1450 804 quamquidem
1474 748 1544 806 pos·

280 831 496 889 sessionariam
519 833 706 905 porcionem,
740 834 784 889 sic
814 839 848 890 ut
878 833 1077 906 premittitur,
1108 835 1146 892 ad
1178 836 1236 892 tria
1260 843 1362 894 aratra
1384 853 1416 894 se
1440 845 1544 896 exten-

280 935 403 994 dentem
427 942 457 995 et
480 939 511 995 in
534 938 588 995 lite
611 945 822 996 remanentem
845 940 876 996 in
900 940 1007 997 valore
1038 956 1150 998 novem
1177 957 1362 1015 marcarum,
1388 943 1541 1018 prefatam

281 1048 383 1100 autem
417 1044 578 1100 ecclesiam
609 1045 705 1102 sancti
738 1044 819 1102 Petri
851 1046 881 1102 in
914 1047 1020 1103 valore
1052 1047 1162 1118 viginti
1194 1050 1331 1122 quinque
1358 1066 1543 1120 marcarum,

280 1155 467 1207 memoratos
491 1166 566 1208 vero
589 1149 694 1208 decem
720 1151 906 1224 iobagiones,
927 1152 1099 1224 quemlibet
1115 1169 1222 1210 eorum
1238 1155 1269 1212 in
1287 1156 1393 1213 valore
1408 1156 1499 1214 unius
1516 1165 1545 1214 et

280 1255 400 1327 singule
420 1271 532 1325 marce,
555 1257 628 1314 item
653 1262 830 1314 annotatam
858 1259 976 1314 curiam
999 1259 1096 1332 ipsius
1120 1260 1246 1332 plebani
1269 1261 1300 1318 in
1323 1262 1430 1318 valore
1446 1262 1542 1318 trium

280 1375 464 1431 marcarum,
489 1362 519 1419 in
543 1367 608 1419 toto
632 1361 836 1434 quadraginta
859 1369 977 1436 septem
1001 1379 1121 1421 marcas
1145 1363 1289 1422 facientes
1313 1371 1434 1424 monete
1460 1366 1545 1424 vide·

279 1468 352 1525 licet
374 1484 432 1542 pro
456 1475 596 1542 tempore
619 1470 777 1540 currentis,
801 1469 896 1528 iidem
919 1471 1015 1528 vestri
1038 1477 1068 1528 et
1091 1471 1187 1528 nostri
1211 1472 1351 1529 homines
1375 1488 1433 1546 pro
1450 1473 1541 1530 utris-

281 1589 340 1646 que
362 1574 504 1647 partibus
526 1573 565 1631 ad
587 1575 739 1648 premissa
756 1575 940 1648 peragenda,
963 1575 1007 1633 sic
1030 1580 1065 1633 ut
1084 1576 1263 1651 predicitur,
1279 1579 1451 1636 transmissi
1468 1594 1541 1636 una-

281 1695 349 1737 cum
376 1681 446 1738 aliis
468 1681 576 1754 probis
599 1687 629 1738 et
644 1682 802 1738 nobilibus
819 1682 903 1754 viris,
920 1681 1014 1738 deum
1030 1682 1141 1740 eteius
1158 1683 1310 1741 iusticiam
1326 1684 1469 1742 habendo
1488 1701 1545 1760 pre

260 1786 389 1859 oculis,
414 1788 500 1845 iuxta
523 1787 704 1846 earumdem
734 1793 835 1846 vestre
858 1788 1090 1862 magnificencie
1123 1789 1298 1848 litterarum
1320 1791 1543 1850 continenciam

280 1896 310 1949 et
333 1897 471 1950 tenorem
503 1892 578 1951 visis
608 1899 638 1951 et
668 1893 833 1966 diligenter
862 1895 980 1952 intuitis
1011 1894 1092 1953 dicte
1122 1897 1279 1969 porcionis
1301 1898 1541 1970 possessionarie

280 1997 414 2071 litigiose
436 1999 623 2056 utilitatibus
646 2000 798 2057 universis
820 2001 918 2072 regali
937 2016 1083 2059 mensura
1099 2003 1315 2074 mensurando,
1337 2003 1369 2061 in
1394 2009 1546 2077 quantum

279 2109 383 2161 autem
406 2120 586 2162 mensurare
610 2105 828 2178 nequivissent,
860 2108 929 2164 visu
961 2106 1192 2179 considerand0,
1222 2109 1254 2166 in
1281 2109 1389 2167 valore
1412 2110 1543 2184 quadra-

279 2209 363 2281 ginta
386 2215 506 2284 septem
528 2227 714 2282 marcarum‚
738 2217 772 2268 ul
795 2213 858 2269 iam
881 2211 1084 2285 dictumest,
1115 2214 1315 2273 estimassent.
1337 2215 1424 2286 Item,
1449 2215 1543 2272 iidem

279 2316 374 2373 vestri
397 2321 427 2372 et
449 2317 546 2374 nostri
570 2317 711 2374 homines
735 2317 765 2374 in
789 2317 927 2375 dominio
950 2317 1032 2376 dicte
1050 2319 1206 2392 porcionis
1222 2320 1462 2393 possessionarie
1483 2320 1544 2378 liti-

280 2421 364 2494 giose
388 2421 524 2496 prelatos
547 2427 667 2480 actores
690 2439 756 2480 esse
778 2423 958 2482 retulerunt.
993 2421 1063 2495 Sed,
1095 2425 1168 2496 quia
1199 2425 1286 2482 nulla
1309 2427 1451 2500 parcium
1474 2442 1545 2500 pre·
1617 2421 1619 2426 ’

279 2528 432 2586 dictarum
459 2529 580 2604 aliquas
610 2529 729 2587 litteras
752 2545 847 2604 super
877 2529 1033 2587 ereccione
1064 2535 1218 2588 metarum
1249 2531 1402 2589 dictarum
1426 2547 1545 2606 posses·

279 2634 401 2691 sionum
429 2635 569 2708 parcium
599 2635 779 2692 earumdem
810 2634 963 2693 consectas
994 2641 1104 2692 eotunc
1130 2636 1301 2694 voluissent
1324 2636 1544 2710 demonstrare,

279 2741 364 2798 iuxta
389 2756 522 2814 quarum
552 2742 726 2800 litterarum
757 2742 982 2800 continenciam
1013 2742 1072 2815 ipsi
1103 2743 1198 2800 vestri
1228 2747 1258 2800 et
1281 2744 1379 2800 nostri
1403 2743 1542 2802 homines

280 2847 414 2905 veriores
439 2854 479 2913 et,
491 2848 729 2922 apparenciores
745 2853 842 2905 metas
858 2847 1012 2905 dictarum
1036 2849 1266 2922 possessionum
1288 2849 1456 2907 valuissent
1473 2865 1544 2908 con-

278 2953 422 3024 siderare,
446 2953 516 3010 ideo
539 2954 599 3026 ipsi
623 2953 661 3010 de
684 2969 729 3026 eo,
757 2969 817 3027 que
841 2954 979 3028 ipsarum
1003 2954 1144 3028 parcium
1167 2955 1312 3024 veriores
1336 2955 1486 3013 cerciores
1515 2961 1544 3013 et

278 3059 515 3134 apparenciores
538 3065 635 3117 metas
658 3059 837 3117 habuissent
861 3060 989 3117 minime
1021 3061 1180 3134 percipere
1211 3066 1241 3117 et
1273 3061 1466 3120 considerare
1489 3077 1544 3135 po-

278 3167 414 3224 tuissent.
441 3165 691 3239 Quibusquidem
722 3166 865 3239 partibus
895 3171 1020 3223 octavas
1049 3165 1118 3223 festi
1149 3167 1394 3242 Epiphaniarum
1417 3167 1543 3228 domini.

202 3341 205 3348 ,
278 3288 359 3329 nunc
371 3277 525 3342 venturas,
538 3286 643 3330 coram
656 3271 746 3328 vobis
762 3271 962 3345 comparendi
979 3287 1036 3346 pro
1052 3273 1184 3330 termino
1200 3273 1411 3345 assignassent.
1428 3273 1544 3330 Datum

279 3379 387 3451 quinto
410 3377 460 3435 die
481 3379 582 3436 octavi
605 3377 666 3435 diei
690 3377 759 3436 festi
783 3378 865 3435 beati
887 3377 1012 3434 Martini
1035 3377 1226 3450 confessoris,
1251 3379 1428 3453 supradicti.
1456 3380 1544 3436 Anno

279 3483 397 3542 domini
420 3482 531 3540 MCCC
554 3483 754 3556 nonagesimo
777 3484 891 3557 quinto.

367 3635 507 3701 Originale
526 3635 552 3686 in
572 3635 670 3694 charta,
689 3651 705 3685 a
723 3642 800 3702 tergo
826 3641 936 3701 apparet
956 3637 1097 3702 vestigium
1121 3636 1206 3702 sigilli
1232 3636 1394 3702 capitularis.
1421 3636 1450 3687 In
1470 3638 1543 3688 arch.

280 3723 326 3774 lib.
346 3739 401 3790 reg.
421 3724 493 3775 civit.
513 3725 617 3790 zagrab.

868 3991 956 4058 386.

384 4152 460 4201 Anno
482 4151 556 4215 1396,
575 4151 599 4202 8.
618 4150 688 4201 maii.
708 4149 861 4218 Zagrabiae.

278 4295 416 4354 Detricus
437 4296 537 4354 Bubek
559 4297 651 4356 banus
673 4299 704 4356 in
726 4317 816 4356 causa
837 4299 871 4357 de
894 4300 973 4357 nretr's
991 4299 1064 4357 eriles
1085 4298 1259 4358 Grechenscs
1274 4301 1351 4358 sister
1363 4305 1392 4358 et
1405 4297 1542 4374 quosdam

275 4408 447 4474 possessores
469 4403 498 4459 in
528 4403 632 4479 Ores'ja
648 4405 785 4479 partibus
807 4405 849 4462 ad
868 4406 1004 4464 iudicium
1027 4406 1210 4480 comparendi
1226 4407 1377 4464 teterrinum
1391 4406 1542 4481 praefigit.

366 4545 430 4603 Nos
453 4547 595 4605 Detricus
618 4547 733 4621 Bubelr,
750 4550 837 4622 regni
860 4549 1023 4608 Sclauonie
1045 4550 1153 4608 banus.
1168 4549 1287 4607 Damus
1303 4563 1362 4623 pro
1381 4549 1542 4616 memoria,

279 4651 363 4724 quod
388 4667 522 4724 causam,
546 4669 641 4726 quam
665 4655 766 4728 iudex,
790 4656 882 4713 iurati
904 4663 934 4713 et
956 4656 1092 4713 universi
1115 4655 1199 4713 cives
1222 4656 1336 4712 montis
1359 4653 1544 4712 Grechensis

278 4771 336 4830 pro
359 4759 473 4830 quibus
489 4758 600 4816 Gallus
616 4761 782 4843 ilungarus
798 4777 868 4819 cum
885 4762 1105 4836 procuratoriis
1122 4761 1233 4818 litteris
1250 4758 1433 4817 eorumdem
1448 4759 1544 4816 astitit

278 4869 384 4921 contra
408 4863 604 4936 Gregorium‚
628 4865 797 4938 Georgium
829 4872 859 4924 et
889 4867 1014 4924 Petrum
1037 4867 1120 4924 filios
1148 4866 1271 4923 Martini
1302 4865 1340 4922 de
1369 4864 1487 4937 Oresya
1514 4871 1545 4922 et

280 4968 412 5027 Paulum
428 4985 464 5028 ac
480 4971 573 5037 iwan,
591 4970 672 5029 filios
695 4971 859 5045 Sugouich,
876 4975 1080 5048 personaliter
1096 4972 1357 5046 comparentibus,
1373 4971 1458 5028 iuxta
1473 4987 1544 5029 con·

1405 5098 1439 5150 24
