3782 5812
643 539 716 596 Doc.
738 553 770 613 9.
795 552 843 597 ιο.
871 571 907 580 -
933 539 990 595 An.
1016 549 1101 614 1227.
1499 554 1514 608 7

248 737 440 808 geurinensi,
471 737 589 820 Jacobo
620 737 771 804 vaciensi,
803 733 959 809 Stephano
990 735 1198 808 zagrabiensi,
1230 733 1351 792 Thoma
1385 733 1517 806 agriensi

248 843 356 912 electo,
381 843 536 916 episcopis
559 842 704 899 ecclesias
729 841 859 900 feliciter
882 841 1135 914 gubernantibus.
1163 841 1236 923 Jula
1261 840 1409 914 palatine,
1435 839 1518 911 Dyo

248 949 326 1006 nisio
358 950 509 1021 magistro
537 948 766 1006 tavamicorum
798 955 828 1004 et
859 946 970 1004 comite
1005 947 1077 1004 novi
1112 947 1220 1017 castri,
1260 945 1398 1004 Bancone
1430 945 1518 1014 bano,

248 1053 353 1112 Ochuz
377 1055 486 1111 curiali
511 1053 632 1123 comite,
666 1037 817 1128 Raphoyn
842 1052 1004 1124 voyn'oda,
1036 1052 1206 1124 ceterisque
1229 1053 1392 1108 comitatus
1416 1057 1519 1108 tenen·
1629 1109 1631 1114 ,

250 1161 341 1216 tibus.
364 1159 462 1232 Regni
486 1161 583 1217 nostri
606 1175 685 1218 anno
709 1159 804 1216 tercio
827 1158 956 1216 decimo.

338 1295 359 1343 E
387 1300 552 1359 transumpto
578 1293 725 1359 praepositi
750 1292 894 1358 Theophili
919 1298 945 1341 et
971 1291 1081 1358 capituli
1103 1289 1304 1356 strigoniensis,
1330 1290 1362 1339 de
1382 1303 1421 1339 an.
1444 1297 1517 1348 1342.

249 1382 279 1432 In
303 1383 464 1432 membrana.
486 1381 516 1432 ln
542 1383 613 1431 arch.
640 1397 696 1432 ven.
723 1397 778 1447 cap.
799 1383 902 1448 zagrab.
923 1380 983 1430 fasc.
1004 1390 1044 1438 31.
1065 1395 1103 1430 nr.
1124 1389 1164 1438 32.
1185 1377 1268 1444 Typis
1289 1377 1418 1444 vulgavit.
1443 1377 1518 1442 Joan.

249 1470 367 1528 Thalete,
388 1471 458 1520 Mon.
478 1471 537 1520 hist.
557 1470 635 1535 episc.
656 1471 760 1536 zagrab.
780 1477 841 1520 tom.
862 1469 881 1519 1.
901 1485 926 1534 p.
947 1471 990 1530 46.

868 1723 905 1790 9.

355 1826 404 1874 Ao.
428 1834 502 1882 1227,
522 1835 561 1875 20.
582 1827 650 1890 Aug.
669 1825 822 1890 Zagrabiae.

249 1951 402 2020 Nr'eolaus,
418 1954 506 2027 filius
529 1955 614 2012 Petn'
630 1955 664 2012 de
678 1952 823 2029 Ludbreg,
842 1955 1008 2030 Zagrabiae
1027 1959 1159 2026 existens,
1171 1959 1372 2031 possessionem
1392 1953 1523 2031 „Vraz'ji

249 2057 328 2126 last,
350 2076 414 2114 curn
437 2077 457 2116 s.
484 2058 627 2134 Stephani
651 2064 727 2134 regis
753 2063 890 2120 solemnia
915 2063 945 2120 in
973 2063 1086 2120 ecclesia
1107 2062 1231 2121 cathedr.
1252 2063 1420 2136 agebantur,
1443 2063 1520 2136 capi-

801 2170 861 2226 tula
880 2169 971 2244 effert.

338 2311 471 2368 Nomine
495 2311 614 2370 domini
636 2313 785 2371 invocato.
803 2311 953 2372 Currente
973 2329 1054 2372 anno
1078 2313 1196 2372 domini
1223 2313 1432 2372 MCCXXVll.
1456 2313 1520 2386 Ego

250 2418 399 2488 magister
422 2417 578 2488 Nicolaus,
602 2418 687 2476 filius
710 2419 800 2490 Petri,
824 2418 864 2477 de
882 2418 1059 2493 Ludbregh,
1077 2421 1185 2478 volens
1201 2425 1231 2478 et
1247 2419 1410 2478 consulens
1426 2420 1519 2477 saluti

248 2537 319 2580 mee
337 2531 367 2580 et
383 2525 600 2598 proximorum
619 2539 761 2584 meorum
781 2525 882 2584 modis
900 2527 1046 2584 omnibus
1069 2527 1183 2600 quibus
1199 2540 1327 2600 possum
1343 2525 1519 2599 providere,

249 2631 330 2686 inter
362 2635 464 2687 cetera
493 2631 649 2703 quandam
680 2633 907 2706 possessionem
938 2647 1041 2690 meam
1070 2633 1258 2706 empticiam,
1284 2631 1437 2690 Wrazilaz
1467 2646 1521 2688 vo·

250 2741 360 2805 catam,
385 2737 416 2793 in
440 2735 581 2795 districtu
605 2739 807 2811 zagrabiensi,
839 2737 877 2796 de
900 2739 1048 2797 comitatu
1072 2739 1219 2796 Morocha
1242 2738 1449 2809 constitutam,
1474 2743 1520 2795 to-

249 2841 353 2898 taliter
377 2858 450 2900 cum
472 2845 617 2902 omnibus
639 2845 703 2902 suis
726 2845 913 2903 utilitatibus
936 2851 967 2902 et
988 2845 1193 2919 pertinenciis,
1225 2845 1255 2902 in
1284 2844 1414 2902 ecclesia
1438 2844 1521 2902 beati

248 2949 332 3020 regis
349 2948 507 3024 Stephani,
527 2957 557 3008 et
573 2951 604 3008 in
623 2950 701 3009 festo
720 2951 869 3024 eiusdem,
884 2953 1012 3009 maioris
1036 2951 1128 3009 misse
1150 2950 1255 3008 officio
1278 2951 1419 3022 existens,
1445 2955 1520 3008 tem-

250 3069 326 3128 pore
344 3055 495 3113 offertorii
512 3055 551 3114 ad
568 3072 655 3114 aram
671 3059 753 3116 beati
769 3058 851 3132 regis
867 3056 1023 3132 Stephani,
1040 3058 1277 3116 honorabilibus
1293 3057 1368 3114 viris
1384 3057 1522 3130 capitulo

248 3162 443 3232 zagrabiensi
467 3163 566 3221 obtuli
590 3171 620 3221 et
643 3164 749 3236 offero,
773 3163 887 3222 donavi
911 3175 941 3222 et
957 3163 1047 3235 dono,
1071 3163 1230 3238 perpetuis
1254 3163 1448 3236 temporibus
1465 3177 1522 3235 per

249 3267 354 3340 ipsum
378 3267 553 3340 capitulum
575 3284 647 3327 cum
670 3270 733 3328 suis
757 3271 847 3328 metis
870 3277 900 3328 et
923 3271 1076 3329 limitibus
1093 3269 1187 3343 pleno
1207 3285 1273 3344 June
1293 3265 1521 3342 possidendam,

249 3372 413 3430 tenendam
432 3380 462 3431 et
480 3374 656 3434 habendam
672 3376 726 3434 ita:
745 3376 828 3449 quod
852 3392 976 3450 semper
998 3393 1054 3450 per
1077 3377 1180 3449 ipsum
1202 3374 1375 3448 capitulum
1391 3373 1422 3431 in
1438 3387 1521 3430 com·

250 3479 337 3536 muni
350 3479 545 3554 possideatur
557 3489 587 3540 et
603 3487 748 3540 teneatur.

341 3615 483 3681 Originalc
502 3617 591 3682 periit,
611 3620 656 3668 sed
676 3619 788 3668 habetur
807 3618 834 3668 iu
852 3623 1019 3683 transumpto
1038 3617 1150 3683 capituli
1170 3615 1309 3667 hasmeosis
1328 3616 1361 3664 de
1380 3629 1419 3666 an.
1444 3623 1518 3672 1552,

250 3705 278 3753 in
301 3705 373 3754 arch.
399 3721 454 3754 ven.
481 3705 592 3772 capituli
617 3708 723 3772 zagrab.
751 3706 812 3757 fasc.
839 3716 879 3766 33.
902 3722 940 3757 nr.
967 3716 1007 3765 51.
1033 3705 1169 3771 Integrum
1190 3703 1261 3771 typis
1280 3703 1416 3768 vulgavit:
1441 3703 1515 3769 Joan.

249 3793 367 3843 Thalete.
389 3795 458 3845 Mon.
479 3796 537 3846 hist.
557 3796 635 3861 episc.
655 3798 759 3862 zagrab.
780 3797 832 3846 vol.
854 3796 873 3846 I.
893 3811 917 3862 p.
938 3804 978 3854 57.

357 4082 407 4128 An,
430 4087 503 4132 1227.
523 4077 676 4142 Zagrabiae,
859 4045 919 4110 10.

251 4205 418 4280 Stephanus
449 4207 491 4264 ΙΙ.
523 4207 666 4280 episcopus
698 4207 815 4280 tagrab.
850 4208 963 4282 confert
994 4205 1119 4280 capetulo
1152 4202 1336 4275 aagrabe'ensi
1361 4208 1521 4275 prouentus

249 4314 425 4370 decimarum
447 4313 556 4370 cultelli
583 4314 700 4387 aagrab.
725 4315 775 4371 Ad
801 4315 936 4372 ditandas
958 4313 1157 4370 canonicarum
1187 4328 1298 4366 mensas
1328 4309 1418 4365 donat
1443 4309 1519 4380 capi·

249 4421 312 4478 tulo
345 4421 468 4476 decimas
499 4419 533 4476 de
573 4419 697 4490 Gerrha,
727 4421 858 4478 ducentos
888 4429 1000 4494 parcos,
1031 4419 1161 4474 ducentas
1193 4415 1307 4472 cubulos
1338 4415 1408 4482 aeni,
1445 4413 1519 4470 curi-

780 4547 881 4602 amque
902 4545 992 4584 suam.

340 4669 516 4743 Stephanus
544 4670 649 4728 divina
680 4671 881 4744 providencia
912 4669 1117 4742 zagrabiensis
1153 4668 1324 4740 episcopus.
1363 4664 1518 4722 Omnibus

252 4793 380 4850 presens
403 4777 555 4850 scriptum
579 4779 761 4852 inspecturis
784 4778 917 4834 salutern
941 4777 970 4833 in
991 4773 1124 4832 domino.
1149 4773 1228 4830 Cum
1245 4771 1362 4828 cunctis
1379 4779 1518 4827 constare

252 4881 380 4952 debeat,
413 4882 608 4957 quodopus
639 4885 773 4942 caritatis
803 4891 906 4940 eterne
941 4879 1157 4938 retribucionis
1194 4875 1331 4936 conferat
1361 4876 1517 4950 premium

252 4989 336 5045 iuxta
370 4987 464 5045 illud:
495 4991 641 5061 quoniam
672 4991 725 5062 qui
757 4991 787 5048 in
813 4989 1079 5046 benedictionibus
1102 4986 1263 5056 seminant,
1296 4984 1328 5041 in
1351 4982 1518 5041 benedicti·
