3728 5806
640 556 713 614 Doc.
736 550 807 613 262.
835 587 872 598 -
897 553 954 612 An.
980 548 1067 630 1376.
1425 569 1484 630 253

219 763 321 816 erecta
344 763 375 816 et
397 757 483 815 vadit
514 773 571 832 per
602 754 732 814 eandem
762 754 880 812 vallem
911 769 1019 812 versus
1049 752 1303 826 septemtrionem
1324 767 1381 826 per
1403 753 1487 810 viam

219 866 293 922 satis
324 878 480 936 magnam,
512 861 714 936 pervenitque
744 859 784 918 ad
815 860 940 918 vineam
970 858 1060 916 Pauli
1082 857 1173 929 fabri,
1204 858 1257 916 ubi
1282 863 1364 915 meta
1387 863 1487 916 terrea

220 975 266 1028 est
289 969 329 1028 de
349 983 432 1026 novo
454 967 625 1026 sublevata
648 967 745 1025 Terra
767 967 871 1039 itaque
899 965 989 1023 metis
1012 964 1171 1039 premissis
1194 963 1337 1023 distincta
1359 980 1378 1022 a
1399 969 1488 1038 parte

219 1075 364 1134 meridiei
392 1089 564 1145 remanens,
595 1079 642 1132 est
672 1073 789 1131 civium
819 1073 882 1130 vici
912 1072 1093 1129 Latinorum
1124 1077 1154 1128 et
1183 1076 1360 1129 nostrorum
1388 1071 1418 1129 id
1442 1075 1488 1128 est

219 1181 351 1255 capituli
374 1163 573 1250 colonorum
604 1183 687 1238 terra
717 1193 793 1236 vero
816 1193 835 1236 a
857 1177 952 1252 plaga
975 1177 1220 1252 septemtrionali
1242 1179 1390 1237 existente
1412 1178 1488 1253 ipsis

220 1285 371 1345 iratribus
393 1286 562 1344 Heremitis
592 1291 623 1344 et
652 1301 761 1344 eorum
792 1285 927 1343 claustro
959 1291 1144 1343 remanente.
1167 1286 1248 1343 Mete
1269 1283 1488 1342 nichilominus

220 1392 473 1467 supradictarum
506 1391 732 1466 panicularum
761 1396 842 1449 terre
872 1407 930 1465 per
960 1391 1169 1468 prescriptum
1203 1391 1389 1464 magistmm
1423 1391 1488 1463 My-

220 1500 363 1557 chaelem
393 1513 453 1573 pro
481 1515 522 1572 se,
553 1503 587 1556 ut
617 1498 817 1572 premittitur,
849 1503 880 1555 et
909 1497 1047 1571 predicta
1070 1497 1200 1555 ecclesia
1222 1513 1277 1554 sua
1301 1497 1436 1555 excisam
1459 1502 1489 1552 et

219 1610 412 1663 reservatam
432 1610 609 1678 separantes
631 1609 661 1662 et
684 1603 913 1676 distinguentes,
937 1605 996 1662 hoc
1020 1603 1127 1661 ordine
1142 1603 1368 1678 proceduntur:
1384 1603 1488 1660 Prima

221 1713 326 1784 itaque
349 1717 432 1769 meta
447 1711 556 1785 incipit
572 1711 603 1768 in
618 1709 797 1783 supradicta
812 1715 895 1768 meta
910 1717 1011 1768 terrea
1029 1726 1129 1784 prope
1145 1717 1348 1768 memoratam
1365 1711 1487 1767 vineam

222 1817 312 1874 Pauli
329 1816 410 1874 labri
427 1817 617 1886 existentem,
633 1831 650 1873 a
674 1831 735 1889 qua
750 1815 917 1874 reflectitur
933 1816 974 1874 ad
990 1817 1138 1874 orientem
1163 1817 1277 1874 directe
1300 1821 1330 1874 et
1352 1816 1489 1874 ascendit

222 1923 380 1995 quendam
404 1929 550 1993 montem,
574 1923 629 1980 ubi
652 1927 698 1979 est
722 1923 816 1980 arbor
836 1921 916 1980 ilicis
939 1929 1021 1981 meta
1044 1929 1144 1980 terrea
1164 1922 1362 1994 circumdata,
1379 1922 1489 1979 exhinc

222 2029 338 2086 directe
370 2029 568 2102 progreditur
600 2045 708 2086 versus
738 2027 869 2086 eundern
901 2029 1051 2086 orientem
1081 2034 1111 2086 et
1135 2030 1299 2102 pertransit
1332 2028 1488 2101 quandam

223 2135 341 2192 vallem
374 2150 519 2206 magnam
551 2141 581 2192 et
604 2135 745 2208 pervenit
767 2133 806 2191 ad
830 2133 986 2208 quandam
1010 2135 1093 2192 viam
1118 2135 1196 2191 circa
1221 2149 1315 2207 quam
1339 2139 1384 2192 est
1407 2139 1489 2190 meta

222 2249 330 2310 terrea,
361 2241 472 2298 arbore
504 2241 583 2298 ilicis
613 2256 711 2314 parva
742 2242 772 2298 in
804 2257 839 2297 ea
869 2241 1026 2312 existente,
1059 2257 1115 2313 per
1145 2257 1239 2312 quam
1268 2242 1350 2298 viam
1374 2239 1489 2297 directe

222 2345 452 2419 progrediendo
486 2347 524 2404 ad
561 2347 686 2419 plagam
721 2347 889 2404 australem
924 2345 1045 2404 duabus
1078 2347 1167 2403 metis
1198 2362 1216 2404 a
1245 2352 1334 2421 parte
1367 2347 1490 2403 sinistra

223 2455 332 2510 erectis
357 2455 441 2511 venit
464 2453 502 2511 ad
526 2453 683 2527 quandam
707 2455 791 2511 viam
815 2469 969 2526 magnam,
993 2453 1048 2510 ubi
1072 2458 1117 2510 est
1140 2459 1222 2510 meta
1238 2459 1337 2510 terrea
1353 2452 1391 2510 de
1407 2467 1489 2510 novo

223 2569 333 2628 erecta,
356 2577 374 2617 a
398 2577 460 2634 qua
487 2561 669 2618 divertendo
700 2561 789 2634 quasi
819 2561 898 2618 inter
925 2561 1075 2617 orientem
1103 2565 1133 2617 et
1160 2560 1287 2634 plagam
1321 2559 1489 2617 australem

224 2665 382 2724 descendit
405 2668 435 2724 in
460 2666 616 2739 quandam
640 2667 755 2724 vallem
781 2681 920 2740 parvam,
944 2666 999 2724 ubi
1023 2673 1068 2724 est
1091 2671 1173 2723 meta
1197 2672 1296 2723 terrea
1319 2667 1377 2724 sub
1401 2666 1490 2723 vinea

225 2772 338 2830 Mathei
362 2773 483 2844 sutoris,
507 2773 584 2830 civis
608 2771 778 2844 Grecensis,
802 2772 840 2829 de
863 2787 945 2830 novo
968 2777 1077 2842 erecta,
1101 2787 1119 2829 a
1142 2788 1203 2845 qua
1218 2771 1359 2847 procedit
1375 2772 1490 2829 directe

225 2893 333 2935 versus
354 2879 481 2954 plagam
504 2879 672 2936 australem
696 2893 753 2951 per
776 2877 931 2951 quandam
956 2894 1087 2952 parvam
1110 2879 1229 2936 vallem
1249 2885 1279 2936 et
1293 2879 1435 2952 pervenit
1450 2877 1489 2934 ad

225 2983 382 3056 quandam
405 2985 548 3041 semitam
571 2985 656 3042 iuxta
678 3000 772 3058 quam
796 2991 842 3042 est
864 2990 947 3041 meta
969 2990 1070 3042 terrea
1093 2983 1131 3042 de
1153 3000 1236 3042 novo
1259 2986 1429 3055 sublevata,
1453 2984 1491 3042 de

225 3105 286 3162 qua
309 3089 508 3163 progreditur
530 3090 645 3148 directe
662 3107 770 3148 versus
785 3090 915 3148 eandem
932 3091 1059 3165 plagam
1074 3097 1104 3149 et
1121 3092 1263 3165 pervenit
1279 3091 1317 3149 ad
1334 3091 1490 3165 quandam

225 3196 318 3266 viam,
342 3197 428 3254 iuxta
451 3211 546 3269 quam
569 3202 614 3254 est
637 3202 720 3254 meta
742 3203 843 3254 terrea
866 3195 904 3253 de
929 3211 1010 3254 novo
1034 3197 1204 3268 sublevata,
1222 3213 1282 3270 que
1298 3197 1349 3254 via
1364 3197 1491 3271 publica

225 3301 305 3359 inter
334 3301 450 3360 dictam
480 3309 596 3360 terram
627 3303 857 3361 Heremitarum
888 3309 918 3360 et
948 3303 1163 3360 interdictam
1187 3309 1303 3362 terram
1326 3321 1384 3379 pro
1409 3305 1491 3364 dicta

225 3409 354 3465 ecclesia
382 3409 479 3466 sancti
509 3409 657 3492 Johannis
688 3410 822 3484 baptiste
856 3413 1054 3480 reservatam,
1086 3425 1121 3466 ae
1145 3410 1223 3467 inter
1247 3411 1357 3468 villam
1382 3411 1490 3470 Blezna

225 3522 369 3572 vocatam
393 3514 527 3588 desuper
549 3521 672 3589 separat
695 3522 725 3573 et
748 3515 916 3587 distinguit,
942 3515 1046 3588 ibique
1071 3521 1151 3574 nnete
1174 3516 1287 3574 dictam
1305 3518 1490 3590 particulam

225 3627 306 3678 terre
322 3621 418 3678 modo
439 3623 590 3694 premisso
607 3636 665 3695 pro
688 3621 770 3679 dicta
789 3622 918 3679 ecclesia
933 3621 1029 3679 sancti
1044 3622 1192 3705 Johannis
1213 3624 1346 3696 baptiste
1364 3631 1491 3700 excepta

226 3733 256 3784 et
285 3733 442 3786 reservata
477 3728 685 3801 disiungentes
715 3730 927 3800 terminantur,
963 3728 1071 3785 eadem
1101 3735 1183 3786 terra
1214 3731 1310 3788 sancti
1344 3732 1492 3812 Johannis

227 3833 370 3907 baptiste,
402 3849 526 3908 semper
555 3850 572 3892 a
604 3836 735 3906 sinistra,
768 3835 799 3892 id
831 3840 885 3906 est,
916 3835 956 3892 ab
993 3835 1174 3893 occidentali
1205 3836 1298 3909 plaga
1329 3853 1425 3910 usque
1452 3837 1491 3896 ad

226 3937 383 4010 quandam
408 3944 523 3996 metam
547 3945 680 3998 terream
704 3941 863 4014 antiquam
880 3942 958 3998 inter
974 3945 1088 3998 terram
1105 3941 1245 4014 ipsorum
1261 3943 1491 4002 Heremitarum

226 4049 257 4101 et
291 4043 411 4102 dictum
447 4046 590 4118 predium
622 4047 699 4104 olim
730 4048 795 4104 sive
825 4047 994 4120 antiquitus
1031 4047 1164 4120 positam
1196 4053 1225 4105 et
1256 4055 1406 4107 arrectam
1437 4066 1493 4124 per

227 4149 355 4208 eandem
381 4151 465 4208 viam
488 4168 597 4210 versus
624 4153 692 4226 Gay
715 4153 911 4228 procedendo
936 4169 1059 4227 semper
1081 4160 1259 4212 remanente
1282 4171 1340 4228 pro
1364 4157 1493 4215 ecclesia

228 4258 323 4314 sancti
345 4257 495 4339 Johannis
519 4260 653 4333 baptiste
676 4259 836 4330 antedicta,
861 4275 878 4315 a
902 4275 963 4332 qua
986 4259 1083 4316 tendit
1107 4276 1214 4318 versus
1238 4262 1388 4320 orientem
1413 4263 1492 4320 infra

228 4362 342 4421 directe
364 4364 551 4422 transeundo
574 4366 661 4423 iuxta
683 4371 808 4440 pratum
833 4382 886 4424 seu
910 4365 1047 4424 fenetum
1071 4366 1226 4425 dictorum
1249 4367 1381 4426 fratrum
1398 4371 1493 4427 Here-

228 4470 384 4540 mitarum,
417 4470 501 4543 quod
531 4477 668 4528 remanet
698 4488 716 4528 a
747 4477 836 4545 parte
859 4473 1113 4545 septemtrionali,
1141 4475 1283 4546 pervenit
1306 4482 1336 4531 et
1357 4475 1439 4533 cadit
1462 4477 1491 4533 in

229 4573 356 4633 liuvium
388 4575 502 4648 Blizna,
531 4578 617 4635 iuxta
647 4577 731 4651 quod
762 4569 830 4656 (sic)
857 4577 987 4636 fluvium
1011 4583 1056 4636 est
1078 4595 1139 4636 una
1161 4585 1243 4636 meta
1266 4586 1365 4637 terrea
1389 4582 1492 4638 suble-

229 4687 307 4753 vata,
332 4683 555 4755 quemquidem
579 4683 709 4741 ssuvium
733 4683 837 4742 Blizna
862 4683 1047 4741 transeundo
1070 4691 1100 4741 et
1124 4701 1230 4742 versus
1255 4687 1406 4744 orientem
1422 4703 1493 4761 pro-

229 4787 364 4845 cedendo
388 4787 512 4846 devenit
535 4790 564 4847 in
590 4789 744 4862 quandam
769 4790 895 4853 vallem,
919 4806 1090 4863 perquam
1108 4791 1224 4847 vallem
1242 4792 1383 4864 pervenit
1399 4807 1493 4866 supra

230 4893 267 4950 ad
290 4895 374 4950 viam
406 4895 575 4967 publicam,
606 4896 661 4952 ubi
692 4895 824 4968 quedam
857 4900 921 4952 erat
943 4897 1038 4953 arbor
1059 4898 1132 4954 satis
1167 4911 1279 4967 magna
1302 4903 1441 4956 castanee
1464 4905 1493 4955 et

230 4998 273 5056 ibi
296 5007 342 5056 est
364 5007 447 5056 meta
470 5006 570 5056 terrea
593 4999 631 5057 de
655 5017 736 5058 novo
760 5009 869 5072 erecta,
898 5019 953 5075 per
977 5004 1201 5076 quemquidem
1224 5005 1307 5061 viam
1331 5005 1493 5078 publicam
