3854 5806
411 569 474 646 446
833 570 982 630 Addenda.
1008 604 1046 614 -
1070 571 1127 629 An.
1151 567 1241 650 1346.

410 771 622 828 strumentalis
643 771 809 842 exhibici0,
841 787 936 844 quarn
965 776 1096 845 utreque
1120 776 1225 846 partes
1255 773 1514 857 superlallegata
1535 774 1676 848 ipsorum

411 882 571 948 prenotata
585 883 692 935 contra
714 892 747 934 se
770 877 905 935 invicem
924 878 1038 936 habere
1054 877 1247 946 indicassent,
1268 879 1363 937 simul
1379 895 1449 938 cum
1465 881 1535 938 aliis
1551 880 1674 938 duabus

410 983 506 1056 ipsius
529 984 658 1058 capituli
681 985 890 1055 zagrabiensis
916 985 1045 1041 ecclesie
1075 985 1175 1041 causis
1206 1000 1301 1058 super
1324 983 1405 1043 facto
1427 985 1574 1044 videlicet
1597 1003 1673 1060 qua·

408 1089 552 1146 rumdam
575 1090 709 1147 aliarum
732 1095 902 1160 terrarum;
933 1090 1007 1148 item
1038 1105 1132 1163 super
1155 1089 1238 1147 facto
1261 1090 1421 1148 cuiusdam
1444 1092 1561 1162 tributi,
1586 1093 1670 1165 quod

407 1193 446 1250 de
468 1195 587 1252 salibus
610 1201 640 1253 et
663 1195 702 1253 de
725 1211 795 1253 cera
815 1197 990 1269 exigeretur
1012 1201 1042 1252 et
1065 1194 1150 1268 quod
1173 1195 1234 1270 ipsi
1257 1197 1341 1254 cives
1364 1203 1471 1255 contra
1493 1197 1670 1256 libertatem

408 1300 504 1373 ipsius
527 1301 655 1358 ecclesie
677 1303 805 1375 propria
829 1302 969 1376 ipsorum
992 1317 1064 1358 cum
1083 1303 1225 1374 potencia
1240 1303 1476 1372 constituissent,
1496 1301 1669 1372 declaratis,

408 1407 493 1463 iuxta
513 1409 736 1466 continenciam
760 1409 935 1466 litterarum
957 1407 1075 1466 domini
1099 1405 1256 1481 Stephani,
1280 1424 1360 1465 nuuc
1385 1407 1526 1480 voyuode
1548 1411 1671 1466 transii·

408 1514 488 1584 vani,
513 1519 585 1572 tunc
599 1529 675 1573 vero
691 1516 832 1588 magistri
847 1515 1100 1573 thararnieorum
1115 1515 1269 1587 regalium
1286 1513 1325 1571 ad
1347 1515 1557 1573 octavast'esti
1574 1518 1671 1574 sancti

408 1619 566 1676 Michaelis
589 1621 766 1694 archangeli
793 1626 976 1696 prorogata;
1007 1636 1025 1677 a
1055 1619 1299 1693 quibusquidem
1329 1621 1447 1677 octavis
1474 1620 1556 1678 dieta
1579 1637 1672 1680 causa

407 1739 464 1796 per
485 1725 617 1783 eundem
639 1727 824 1800 magistrum
846 1725 1038 1800 Stephanum
1067 1731 1198 1800 propter
1226 1727 1382 1784 sociorum
1412 1741 1541 1784 suorum
1562 1743 1668 1786 secum

407 1831 612 1890 iudicancium
646 1834 833 1908 paucitatem
860 1839 891 1890 et
920 1833 1018 1907 ipsius
1042 1848 1133 1891 cause
1164 1832 1350 1890 arduitatem
1382 1832 1421 1890 ad
1452 1840 1577 1891 octavas
1601 1833 1670 1892 sesti

408 1938 629 2010 penthecostes,
652 1946 725 1998 tunc
747 1939 906 2011 affuturas,
933 1955 1013 1997 anno
1036 1939 1154 1996 domini
1176 1937 1355 2012 supradicto
1392 1944 1422 1996 et
1453 1939 1564 1997 deinde
1595 1939 1670 1997 diri·

407 2051 497 2115 gente
530 2045 674 2104 altissimi
706 2046 876 2104 clemencia
906 2051 935 2104 et
969 2044 1221 2102 excellentissimi
1255 2045 1404 2117 principis
1428 2043 1584 2115 Lodouiei,
1618 2045 1669 2104 dei

407 2150 510 2222 gracia
532 2151 613 2223 regis
636 2151 803 2224 Huugarie,
827 2150 996 2210 dileccione
1019 2165 1075 2208 nos
1098 2150 1138 2207 ad
1161 2151 1312 2208 honorem
1336 2149 1411 2208 dicti
1433 2152 1602 2223 magisterii
1625 2158 1670 2209 ta·

407 2257 581 2314 vamicatus
602 2258 791 2316 sublimante
813 2256 854 2316 ad
885 2264 1009 2315 octavas
1038 2255 1108 2314 festi
1138 2257 1221 2314 beati
1251 2256 1411 2314 Michaelis
1433 2257 1613 2330 archangeli
1637 2258 1668 2316 in

406 2376 486 2419 anno
508 2361 627 2422 domiui
649 2363 816 2422 MCCCXL
831 2371 950 2437 quarto,
973 2369 1013 2422 et
1024 2363 1065 2420 ab
1080 2363 1129 2420 his
1144 2361 1184 2420 ad
1199 2367 1325 2420 octavas
1340 2361 1411 2420 festi
1424 2363 1669 2436 Epiphaniarum

406 2468 619 2528 dominicum
642 2471 741 2529 tribus
764 2470 885 2529 iudiciis
907 2471 1066 2543 regalibus
1096 2469 1127 2527 in
1158 2468 1221 2526 iarn
1254 2467 1344 2526 dictis
1367 2469 1468 2526 tribus
1491 2469 1590 2526 causis
1613 2485 1671 2543 per

406 2578 509 2651 ipsum
530 2578 703 2652 capitulum
725 2584 796 2636 ante
818 2578 882 2635 litis
904 2578 1077 2650 ingressum
1102 2589 1146 2646 e0,
1177 2571 1262 2647 quod
1285 2578 1467 2648 procurator
1489 2573 1564 2632 dicti
1587 2577 1669 2648 capi-

406 2684 464 2744 tuli
486 2684 606 2742 nullam
630 2685 752 2758 penitus
773 2684 942 2756 assignavit
967 2683 1131 2752 racionem,
1147 2681 1231 2754 ipsas
1247 2695 1362 2754 causas,
1385 2685 1420 2737 ut
1442 2687 1535 2752 actor,
1559 2695 1670 2754 proro-

406 2803 479 2860 gare
503 2790 653 2848 voluisset
675 2788 865 2864 deponendis
888 2793 995 2847 contra
1016 2788 1154 2861 hospites
1178 2789 1364 2859 prenotatos,
1388 2785 1596 2844 mediantibus
1620 2787 1671 2843 lit-

406 2895 479 2952 teris
500 2896 613 2952 uostris
634 2894 766 2954 deducta
788 2900 819 2953 et
840 2894 987 2964 deventa;
1008 2909 1026 2950 a
1057 2893 1180 2966 quibus,
1203 2891 1242 2949 de
1265 2891 1407 2965 parcium
1430 2893 1500 2965 pari
1522 2907 1670 2965 procura·

405 3007 508 3058 torum
533 3001 699 3072 voluntate,
715 3006 795 3059 statu
811 3003 843 3059 in
859 3000 970 3059 eodem
992 2999 1031 3057 ad
1054 3004 1180 3057 octavas
1195 2997 1266 3056 festi
1287 2997 1370 3055 beati
1391 2997 1518 3070 Georgii
1534 2999 1671 3056 martiris

402 3108 432 3164 in
455 3123 534 3166 anno
557 3107 676 3166 domini
698 3107 865 3165 MCCCXL
887 3108 1003 3180 quinto,
1036 3105 1181 3163 similiter
1212 3109 1283 3162 tunc
1305 3103 1465 3174 affuturas,
1493 3119 1565 3160 cum
1590 3103 1669 3160 iudi-

401 3216 456 3273 ciis
478 3215 550 3287 hinc
572 3221 602 3273 et
626 3214 696 3273 iude
720 3213 866 3272 videlicet
900 3229 956 3288 per
986 3216 1091 3286 partes
1121 3209 1314 3286 supradictas
1346 3209 1537 3284 deponendis
1560 3225 1671 3282 pmro·

401 3327 481 3394 gata,
505 3321 543 3379 de
566 3323 680 3394 quibus
703 3321 745 3378 ob
777 3325 959 3395 preceptum
990 3317 1183 3376 serenissime
1214 3315 1398 3390 principisse
1421 3315 1546 3373 domine
1571 3316 1668 3373 llliza·

402 3429 476 3486 beth
507 3427 615 3486 eadem
639 3427 689 3485 dei
719 3427 824 3500 gracia
853 3425 957 3498 regine
980 3423 1147 3496 Hungarie,
1179 3421 1218 3479 ad
1242 3427 1367 3479 octavas
1398 3420 1467 3478 festi
1498 3421 1669 3479 nativitatis

402 3535 484 3593 beati
506 3534 655 3617 Johannis
677 3534 812 3608 baptiste
842 3537 923 3589 statu
955 3531 986 3588 in
1016 3528 1127 3586 eodem
1157 3533 1188 3586 et
1217 3543 1290 3584 cum
1320 3527 1437 3585 eisdem
1459 3526 1580 3584 iudiciis
1603 3527 1669 3584 siue

401 3642 611 3699 excrescencia
634 3639 824 3714 deponendis
854 3638 985 3696 deveuta
1016 3642 1046 3694 et
1077 3636 1118 3692 ab
1141 3633 1258 3692 eisdem
1283 3631 1323 3691 ad
1353 3639 1478 3691 octavas
1502 3633 1572 3690 festi
1597 3633 1670 3707 Epi-

404 3748 587 3820 phaniarum
611 3747 729 3805 domini
752 3747 783 3804 in
805 3761 885 3804 auno
908 3743 1047 3802 eiusdem
1070 3740 1236 3798 MCCCXL
1259 3745 1355 3810 sexto,
1378 3740 1501 3797 racione
1515 3740 1669 3798 exercitus

403 3853 586 3925 preallegati
609 3852 727 3910 domini
749 3852 846 3910 nostri
868 3851 959 3923 regis
983 3863 1077 3922 quem
1100 3853 1172 3904 tunc
1194 3845 1234 3903 ad
1258 3845 1419 3903 Croaciam
1450 3842 1544 3904 diua
1568 3846 1666 3917 regali

402 3958 521 4016 dicione
544 3959 710 4016 alienatam
733 3964 763 4015 et
787 3957 913 4015 domino
936 3953 1121 4013 concedente
1150 3968 1204 4010 sue
1235 3951 1349 4024 regalis
1373 3949 1557 4009 excellencie
1583 3957 1669 4024 pote·

402 4065 472 4122 stati
502 4070 533 4122 et
562 4071 596 4122 ut
626 4063 665 4122 de
695 4065 761 4122 iure
792 4063 934 4132 debebat,
966 4051 1206 4138 iuris(diccione)
1236 4064 1378 4132 potenter
1406 4057 1607 4130 subiugatam
1639 4065 1669 4114 et

401 4176 594 4244 reoptentam
617 4171 776 4241 habuerat,
801 4169 951 4227 extitisset
980 4172 1155 4241 prorogata.
1187 4164 1327 4223 Tandem
1358 4165 1434 4239 ipsis
1457 4165 1575 4222 octavis
1600 4163 1669 4222 festi

401 4277 646 4350 Epiphaniarum
669 4277 787 4335 domini
810 4275 1051 4344 occurrentibus,
1075 4271 1151 4329 dum
1175 4271 1300 4329 Nikolet
1334 4270 1491 4346 quondam
1514 4269 1607 4327 iudex
1630 4269 1670 4327 de

401 4382 503 4440 Grech
526 4389 557 4441 et
579 4383 664 4466 Jaxe,
686 4399 767 4440 nunc
790 4382 873 4440 cives
895 4380 987 4438 iurati
1010 4379 1049 4436 de
1081 4377 1198 4449 eadem,
1223 4386 1287 4436 tam
1319 4393 1377 4452 pro
1400 4393 1432 4434 se
1455 4377 1669 4450 personaliter,

401 4505 496 4562 quam
519 4503 591 4546 cum
614 4489 834 4562 procuratoriis
858 4487 968 4544 litteris
991 4483 1175 4543 eorumdem
1189 4484 1349 4558 hospitum
1373 4497 1432 4557 pro
1455 4481 1586 4540 Stanech
1609 4482 1671 4539 vil·

401 4596 470 4668 lieu,
493 4595 618 4679 Jacobo,
642 4595 771 4664 Thoma,
795 4593 861 4651 filio
877 4592 1067 4662 Wielanich;
1082 4591 1235 4661 chheta,
1254 4591 1340 4660 Alen,
1360 4587 1497 4658 Strosalr,
1517 4588 1669 4645 Michaele

400 4701 483 4760 dicto
507 4700 637 4758 lebhud
660 4707 690 4758 et
714 4701 812 4770 Petr0,
830 4699 912 4757 dicto
929 4697 1057 4770 Puiyan,
1073 4697 1189 4769 iuratis,
1205 4711 1338 4754 necnon
1357 4695 1511 4754 universis
1527 4694 1670 4766 cohospi-

400 4807 484 4864 tihus
506 4807 569 4864 suis
592 4805 631 4863 de
654 4805 763 4864 eadem
778 4805 880 4863 Grech
896 4794 1061 4882 (nostrum)
1077 4801 1224 4860 adeuntes
1245 4801 1441 4859 iudiciarium
1467 4805 1668 4873 conspectum

401 4929 433 4968 se
455 4921 485 4969 et
508 4912 605 4970 dictos
629 4914 765 4986 hospites
788 4928 845 4986 per
868 4912 932 4968 iam
954 4909 1072 4967 dictum
1096 4908 1269 4983 capitulum
1291 4907 1322 4965 in
1345 4921 1472 4965 causam
1489 4907 1597 4964 multis
1621 4921 1670 4962 re·

400 5019 525 5076 troactis
539 5020 742 5093 ‘temporibus
757 5017 940 5076 indicantes:
964 5017 990 5074 si
1013 5017 1083 5090 quis
1101 5031 1158 5089 pro
1174 5015 1285 5072 eodem
1300 5015 1437 5088 capitulo
1452 5011 1665 5086 comparando
