3854 5806
400 755 518 814 domini
544 757 650 814 Karoli
677 758 757 828 regis
782 758 899 814 litteras
923 757 1134 829 privilegiales
1166 756 1224 812 sub
1253 771 1332 812 anno
1355 754 1473 812 domini
1499 755 1668 811 MCCCXX

400 871 511 935 quarto
535 871 699 922 emanatas.
724 871 861 920 tenorem
886 864 932 920 sui
957 863 1113 936 privilegii
1138 862 1264 934 antiquo
1288 875 1344 918 suo
1367 862 1472 933 sigillo
1496 863 1667 932 consignati

400 975 430 1025 et
453 975 590 1026 tenorem
617 969 789 1026 litterarum
815 969 1049 1042 prvilegialium
1073 969 1189 1025 domini
1209 967 1281 1024 Bele
1298 968 1378 1039 regis
1395 969 1424 1024 in
1444 983 1525 1024 anno
1548 968 1666 1025 domini

400 1075 483 1130 MCC
504 1075 696 1146 sexagesimo
720 1081 806 1131 sexto
830 1076 971 1142 emanati,
991 1075 1176 1144 libertatern,
1199 1075 1412 1146 prerogativas
1428 1074 1544 1130 eisdem
1563 1076 1668 1146 hospi-

399 1182 481 1236 tihus
505 1182 543 1236 de
566 1181 668 1238 Grech
693 1195 858 1240 concessas.
883 1197 938 1238 nec
964 1195 1022 1237 non
1048 1197 1156 1238 cursus
1180 1187 1332 1236 metarum
1361 1179 1507 1236 territorii
1529 1180 1666 1236 eiusdem

398 1287 531 1342 civitatis
555 1303 610 1358 per
633 1285 772 1343 ordinem
790 1287 986 1354 continentes,
1003 1293 1173 1343 asserentes
1189 1285 1263 1343 dicti
1287 1285 1410 1342 Nikolet
1427 1294 1455 1341 et
1473 1286 1544 1342 laxa
1564 1287 1666 1358 ipsum

400 1391 548 1448 fossatum
573 1398 602 1448 et
627 1399 740 1448 terram
763 1391 802 1448 ad
826 1407 921 1464 quam
953 1408 1033 1464 aqua
1065 1392 1102 1449 de
1135 1391 1196 1449 fine
1220 1392 1316 1464 ipsius
1347 1391 1452 1449 fossati
1483 1393 1668 1449 cucurrisset

399 1499 479 1554 intra
502 1505 599 1554 metas
623 1499 653 1554 in
678 1499 869 1570 preallegato
886 1499 1053 1571 privilegio
1070 1499 1233 1555 existentes
1250 1497 1396 1555 adiacere.
1419 1497 1558 1554 Preterea
1575 1513 1666 1570 quas·

399 1603 470 1660 dam
495 1603 571 1660 duas
596 1605 713 1660 litteras
735 1603 863 1661 ecclesie
879 1605 1087 1675 zagrabiensis
1104 1612 1244 1677 patenter
1259 1603 1414 1661 confectas
1434 1605 1523 1660 nobis
1539 1604 1666 1661 demon·

398 1717 542 1774 strarunt,
567 1713 595 1768 in
620 1726 751 1783 quarum
773 1712 864 1768 unius
895 1719 1008 1779 tenore,
1041 1719 1149 1783 quarta
1182 1711 1257 1768 feria
1282 1712 1424 1783 proxima
1449 1721 1517 1784 post
1541 1717 1667 1767 octavas

400 1817 466 1874 l'esti
493 1817 704 1874 penthecostes
728 1795 786 1874 sub
810 1833 889 1874 anno
922 1817 1040 1874 domini
1072 1816 1154 1873 MCC
1182 1817 1381 1887 nonagesimo
1404 1827 1491 1873 sexto
1514 1824 1665 1874 emanato¹

398 1923 614 1995 conspeximus
639 1923 797 1992 contineri,
822 1922 905 1996 quod
931 1924 1061 1984 Matheo.
1086 1922 1153 1978 filio
1178 1923 1292 1980 Detreh
1316 1921 1354 1979 de
1377 1939 1488 1992 genere
1513 1923 1606 1980 Acha.
1623 1923 1665 1977 ab

398 2044 457 2084 una
486 2036 581 2101 parte.
616 2030 688 2086 item
717 2028 840 2087 Gilione
873 2031 989 2086 maiore
1020 2028 1105 2091 ville.
1137 2027 1327 2093 Sirmarkou,
1358 2028 1455 2086 l’etro.
1488 2027 1665 2094 Scandalar‚

398 2135 547 2191 Michaele
573 2135 696 2191 Bisseno
729 2143 758 2191 et
789 2135 937 2204 magistro
961 2135 1119 2190 Clemente
1151 2135 1272 2190 civibus
1304 2136 1393 2190 castri
1421 2109 1583 2191 Grecensis
1607 2149 1666 2206 pro

398 2256 429 2296 se
453 2251 481 2297 et
506 2249 568 2296 tota
593 2242 814 2298 communitate
836 2239 973 2298 eiusdem
999 2241 1058 2296 loci
1077 2247 1163 2313 parte
1187 2242 1227 2296 ab
1246 2241 1342 2296 altera
1367 2241 1397 2296 in
1422 2240 1558 2296 eiusdem
1582 2241 1665 2312 capi·

397 2347 455 2401 tuli
479 2347 684 2414 zaurahiensis
709 2347 865 2418 presencia
890 2347 1093 2418 personaliter
1117 2347 1298 2406 constitutis.
1323 2345 1404 2401 idem
1432 2347 1570 2402 Mothous
1593 2361 1666 2402 con·

397 2451 496 2508 fessus
520 2453 676 2510 extitisset.
705 2452 786 2523 quod
814 2453 885 2508 licet
908 2453 974 2524 ipse
998 2467 1091 2524 super
1114 2459 1195 2507 terra
1220 2469 1271 2508 seu
1298 2453 1488 2524 possessione
1517 2450 1665 2508 Scuiblan

397 2565 505 2612 vocata
530 2560 677 2613 movisset
701 2559 856 2613 accionem
881 2557 1067 2629 requirendo
1091 2565 1119 2612 et
1144 2557 1311 2630 repetendo
1335 2557 1463 2613 eandem
1487 2559 1577 2613 tilulo
1595 2573 1665 2630 pos·

397 2665 540 2720 sessionis
564 2681 617 2720 sue
641 2663 833 2727 hereditarie,
858 2673 958 2720 tamen
985 2672 1113 2736 propter
1136 2665 1250 2720 bonum
1277 2666 1368 2737 pacis.
1394 2679 1488 2735 quam
1510 2666 1575 2736 ipse
1591 2680 1663 2720 cum

398 2754 512 2826 eisdem
539 2771 659 2825 civilius
684 2771 793 2827 maluit
825 2771 1049 2826 inviolabiliter
1080 2771 1255 2835 ohservare,
1287 2771 1397 2826 cedens
1428 2779 1456 2825 et
1481 2772 1664 2828 renuncians

398 2891 455 2948 pro
480 2887 566 2948 parte
590 2893 643 2931 sua
669 2876 846 2932 huiusmodi
872 2878 916 2934 liti
941 2885 1033 2948 atque
1058 2878 1116 2933 iuri
1140 2893 1233 2950 super·
1257 2879 1323 2949 ipsa
1354 2879 1545 2949 possessione
1569 2879 1664 2934 susci·

397 2984 475 3040 tatis.
500 2983 628 3039 eandem
654 2986 877 3055 possessionem
906 2983 1063 3040 Sciuihlan
1095 2985 1269 3055 reliquisset
1293 2993 1321 3040 et
1344 2983 1511 3040 dimisisset
1536 2983 1664 3057 prelatis

396 3090 517 3145 civibus
542 3097 632 3160 prout
657 3091 685 3144 in
710 3099 798 3144 antea
821 3090 917 3145 litere
941 3097 970 3144 et
996 3089 1122 3160 pacifice
1144 3089 1369 3162 possidendam.
1396 3090 1426 3145 ln
1444 3091 1571 3146 alterius
1589 3106 1664 3146 vero

397 3202 509 3254 tenore,
535 3195 563 3250 in
588 3197 705 3249 oetavis
730 3194 798 3250 sesti
823 3195 994 3266 ltpiphanie
1027 3195 1142 3251 domini
1167 3211 1247 3251 anno
1274 3195 1409 3251 eiusdem
1437 3195 1544 3252 MCCC
1570 3195 1664 3251 unde-

396 3303 477 3357 cimo
500 3301 646 3361 conlecto.
671 3303 851 3371 reperimus,
868 3301 950 3372 quod
969 3303 1080 3356 comite
1098 3301 1250 3370 liarlrasio,
1267 3309 1378 3374 nepote
1394 3303 1517 3356 comitis
1533 3300 1663 3357 timdun

397 3422 433 3461 ex
457 3421 517 3461 una
539 3413 626 3477 parte
652 3413 680 3460 et
705 3406 878 3461 l'echmano
902 3407 1019 3462 maiore
1041 3406 1118 3462 ville
1143 3423 1200 3478 pro
1231 3423 1262 3462 se
1294 3417 1323 3462 et
1347 3407 1468 3462 civibus
1497 3407 1534 3461 de
1559 3417 1664 3463 monte

396 3509 498 3567 Grech
521 3527 557 3566 cx
583 3512 680 3567 altera
704 3527 807 3567 coram
833 3512 940 3567 eodem
963 3513 1099 3584 capitulo
1116 3514 1294 3570 constitutis.
1313 3513 1395 3568 idem
1413 3512 1575 3568 Farlmsius
1592 3529 1663 3569 con·

396 3615 494 3672 sessus
518 3618 675 3676 extitisset.
700 3616 781 3687 quod
807 3617 878 3673 licet
902 3619 967 3689 ipse
990 3633 1084 3688 super
1108 3617 1242 3688 quadam
1260 3619 1451 3690 possessione
1467 3617 1590 3674 Cubilia
1609 3634 1663 3674 vo·

396 3732 462 3778 cata
487 3723 564 3778 inter
588 3729 700 3778 terram
724 3723 861 3778 eiusdem
886 3724 1013 3795 capituli
1030 3725 1173 3780 similiter
1197 3725 1320 3781 Cobilia
1343 3723 1457 3780 dictam
1482 3739 1517 3780 ac
1542 3741 1662 3796 posses·

396 3830 512 3885 sionem
537 3828 767 3885 Crucilerorum
801 3829 839 3886 de
870 3835 974 3886 sancto
1007 3831 1137 3886 Martino
1167 3833 1347 3887 existentem
1381 3830 1509 3904 prelatis
1541 3833 1663 3887 civibus

396 3950 451 4006 per
475 3933 674 4002 magnificum
707 3935 809 3990 virum
840 3933 1030 4006 Stephanum
1063 3937 1180 3992 barrum
1212 3938 1309 3993 tocius
1342 3935 1503 3994 Sclauonie
1531 3953 1567 3992 ex
1593 3953 1662 4009 pre-

395 4047 485 4111 cepto
516 4047 545 4094 et
577 4039 723 4096 mandato
753 4041 870 4098 domini
904 4042 1012 4098 Karoli
1043 4042 1173 4098 illustris
1204 4043 1285 4114 regis
1317 4043 1482 4112 ilungarie,
1508 4044 1662 4100 mediante

395 4145 570 4201 testimonio
594 4144 667 4203 dicti
695 4147 832 4219 capituli,
857 4148 1047 4219 assignanda,
1071 4147 1278 4206 contradictor
1301 4150 1443 4216 extiterit,
1468 4165 1605 4206 asserens
1630 4167 1663 4206 se

395 4251 425 4306 in
449 4251 513 4322 ipsa
539 4253 730 4323 possessione
754 4255 801 4308 ius
824 4254 939 4310 habere
963 4271 1016 4311 seu
1039 4255 1076 4311 ad
1103 4257 1206 4328 ipsum
1229 4271 1267 4311 ex
1291 4256 1459 4312 collacione
1488 4257 1570 4326 regia
1593 4272 1662 4328 per-

396 4357 499 4423 tinere,
525 4358 689 4428 ipsumque
713 4359 873 4426 negocium
899 4361 927 4416 in
954 4361 1112 4432 presencia
1136 4359 1253 4417 domini
1278 4359 1423 4433 Stephani
1450 4361 1520 4417 bani
1541 4361 1662 4418 diucius

395 4464 528 4520 extiterit
553 4465 631 4520 inter·
662 4473 764 4536 partes
796 4467 988 4524 ventilatum.
1017 4467 1156 4523 Tandem
1179 4466 1262 4522 idem
1294 4481 1397 4522 comes
1424 4466 1588 4524 Farkasius
1612 4484 1662 4524 co—

396 4584 544 4638 gnoscens
561 4569 697 4640 prelatos
718 4571 800 4626 cives
817 4570 984 4628 Grecenses
1001 4573 1030 4628 in
1048 4579 1219 4630 memorata
1237 4573 1427 4644 possessione
1443 4573 1490 4629 ius
1507 4573 1661 4642 integrum

394 4675 517 4744 habere,
549 4677 633 4732 omni
666 4677 723 4732 iuri
755 4691 819 4746 suo,
850 4677 1098 4741 contradiceioni,
1123 4680 1168 4734 liti
1193 4685 1224 4734 et
1246 4679 1374 4735 materie
1397 4680 1560 4736 cuiuslibet
1585 4695 1661 4752 que-

394 4783 501 4838 stionis
534 4798 626 4853 super
658 4783 778 4856 prefata
808 4785 1000 4854 possessione
1031 4785 1153 4840 Cohilia
1182 4785 1262 4841 dicta
1287 4792 1392 4842 contra
1417 4786 1552 4858 prelatos
1576 4788 1662 4842 cives

394 4887 555 4944 suscitatas
578 4895 607 4944 et
631 4889 660 4945 in
686 4895 843 4960 posterum
868 4891 1058 4947 suscitandas
1083 4906 1189 4947 coram
1213 4890 1322 4948 eodem
1346 4893 1483 4964 capitulo
1507 4907 1563 4964 per
1582 4907 1615 4948 se
1631 4899 1662 4949 et

392 5007 452 5068 per
473 5007 545 5050 suos
568 5009 757 5053 successores
781 4996 908 5054 lineales
931 4998 1139 5055 renunciasset
1161 5013 1239 5072 pure
1259 5003 1289 5054 et
1305 4999 1336 5056 in
1352 5003 1417 5056 toto
1437 4996 1566 5054 eandem
1588 5013 1662 5072 pos·
