<?xml version="1.0" encoding="UTF-8"?>
<!DOCTYPE html PUBLIC "-//W3C//DTD XHTML 1.0 Transitional//EN"
    "http://www.w3.org/TR/xhtml1/DTD/xhtml1-transitional.dtd">
<html xmlns="http://www.w3.org/1999/xhtml" xml:lang="en" lang="en">
 <head>
  <title>
</title>
<meta http-equiv="Content-Type" content="text/html;charset=utf-8" />
  <meta name='ocr-system' content='tesseract 3.04.00' />
  <meta name='ocr-capabilities' content='ocr_page ocr_carea ocr_par ocr_line ocrx_word'/>
</head>
<body>
  <div class='ocr_page' id='page_1' title='image "./monumentahistor18laszgoog_0593.png"; bbox 0 0 3824 5806; ppageno 0'>
   <div class='ocr_carea' id='block_1_1' title="bbox 670 578 1096 659">
    <p class='ocr_par' dir='ltr' id='par_1_1' title="bbox 670 578 1096 659">
     <span class='ocr_line' id='line_1_1' title="bbox 670 578 1096 659; baseline -0.002 -20"><span class='ocrx_word' id='word_1_1' title='bbox 670 582 743 640; x_wconf 80' lang='lat' dir='ltr'>Dor.</span> <span class='ocrx_word' id='word_1_2' title='bbox 761 578 837 659; x_wconf 76' lang='lat'><em>378.</em></span> <span class='ocrx_word' id='word_1_3' title='bbox 865 615 901 624; x_wconf 94' lang='lat'><em>-</em></span> <span class='ocrx_word' id='word_1_4' title='bbox 928 581 983 639; x_wconf 89' lang='lat' dir='ltr'>An.</span> <span class='ocrx_word' id='word_1_5' title='bbox 1008 592 1096 658; x_wconf 78' lang='lat'><em>1395.</em></span> 
     </span>
    </p>
   </div>
   <div class='ocr_carea' id='block_1_2' title="bbox 842 834 929 902">
    <p class='ocr_par' dir='ltr' id='par_1_2' title="bbox 842 834 929 902">
     <span class='ocr_line' id='line_1_2' title="bbox 842 834 929 902; baseline 0 -4"><span class='ocrx_word' id='word_1_6' title='bbox 842 834 929 902; x_wconf 80' lang='grc'><strong>378.</strong></span> 
     </span>
    </p>
   </div>
   <div class='ocr_carea' id='block_1_3' title="bbox 358 992 863 1059">
    <p class='ocr_par' dir='ltr' id='par_1_3' title="bbox 358 992 863 1059">
     <span class='ocr_line' id='line_1_3' title="bbox 358 992 863 1059; baseline -0.002 -17"><span class='ocrx_word' id='word_1_7' title='bbox 358 995 434 1042; x_wconf 82' lang='lat' dir='ltr'>Anno</span> <span class='ocrx_word' id='word_1_8' title='bbox 455 1003 530 1056; x_wconf 83' lang='lat'>1395,</span> <span class='ocrx_word' id='word_1_9' title='bbox 553 1002 591 1042; x_wconf 84' lang='lat'>10.</span> <span class='ocrx_word' id='word_1_10' title='bbox 610 992 691 1059; x_wconf 90' lang='lat' dir='ltr'>Junii.</span> <span class='ocrx_word' id='word_1_11' title='bbox 710 992 863 1058; x_wconf 86' lang='lat' dir='ltr'>Zagrabiae.</span> 
     </span>
    </p>
   </div>
   <div class='ocr_carea' id='block_1_4' title="bbox 259 1139 1515 1215">
    <p class='ocr_par' dir='ltr' id='par_1_4' title="bbox 259 1139 1515 1215">
     <span class='ocr_line' id='line_1_4' title="bbox 259 1139 1515 1215; baseline -0.002 -17"><span class='ocrx_word' id='word_1_12' title='bbox 259 1139 422 1215; x_wconf 81' lang='lat' dir='ltr'><em>Capitulum</em></span> <span class='ocrx_word' id='word_1_13' title='bbox 441 1141 556 1214; x_wconf 81' lang='lat' dir='ltr'>aogrob.</span> <span class='ocrx_word' id='word_1_14' title='bbox 581 1140 614 1196; x_wconf 85' lang='lat' dir='ltr'>de</span> <span class='ocrx_word' id='word_1_15' title='bbox 635 1141 828 1198; x_wconf 79' lang='lat' dir='ltr'>controversia</span> <span class='ocrx_word' id='word_1_16' title='bbox 858 1147 997 1196; x_wconf 74' lang='lat' dir='ltr'>nortorum</span> <span class='ocrx_word' id='word_1_17' title='bbox 1011 1141 1200 1212; x_wconf 79' lang='lat' dir='ltr'><em>possessionis</em></span> <span class='ocrx_word' id='word_1_18' title='bbox 1222 1139 1381 1198; x_wconf 73' lang='lat' dir='ltr'>Petroruoa</span> <span class='ocrx_word' id='word_1_19' title='bbox 1404 1147 1515 1196; x_wconf 80' lang='lat' dir='ltr'>contra-</span> 
     </span>
    </p>
   </div>
   <div class='ocr_carea' id='block_1_5' title="bbox 622 1245 1148 1303">
    <p class='ocr_par' dir='ltr' id='par_1_5' title="bbox 622 1245 1148 1303">
     <span class='ocr_line' id='line_1_5' title="bbox 622 1245 1148 1303; baseline 0.002 -1"><span class='ocrx_word' id='word_1_20' title='bbox 622 1246 739 1303; x_wconf 82' lang='lat' dir='ltr'><em>dictores</em></span> <span class='ocrx_word' id='word_1_21' title='bbox 760 1245 804 1302; x_wconf 87' lang='lat' dir='ltr'>od</span> <span class='ocrx_word' id='word_1_22' title='bbox 823 1245 956 1303; x_wconf 67' lang='lat' dir='ltr'>melarione</span> <span class='ocrx_word' id='word_1_23' title='bbox 976 1246 1047 1303; x_wconf 84' lang='lat' dir='ltr'>boni</span> <span class='ocrx_word' id='word_1_24' title='bbox 1060 1253 1148 1303; x_wconf 85' lang='lat' dir='ltr'>oocot.</span> 
     </span>
    </p>
   </div>
   <div class='ocr_carea' id='block_1_6' title="bbox 231 1422 1575 4788">
    <p class='ocr_par' dir='ltr' id='par_1_6' title="bbox 231 1422 1575 4788">
     <span class='ocr_line' id='line_1_6' title="bbox 341 1422 1515 1501; baseline -0.003 -17"><span class='ocrx_word' id='word_1_25' title='bbox 341 1427 506 1501; x_wconf 86' lang='lat' dir='ltr'>Magnifico</span> <span class='ocrx_word' id='word_1_26' title='bbox 536 1429 605 1485; x_wconf 79' lang='lat' dir='ltr'>viro</span> <span class='ocrx_word' id='word_1_27' title='bbox 636 1426 762 1484; x_wconf 89' lang='lat' dir='ltr'>domino</span> <span class='ocrx_word' id='word_1_28' title='bbox 791 1425 917 1483; x_wconf 89' lang='lat' dir='ltr'>Detrico</span> <span class='ocrx_word' id='word_1_29' title='bbox 950 1425 1066 1496; x_wconf 88' lang='lat' dir='ltr'>Bubek‚</span> <span class='ocrx_word' id='word_1_30' title='bbox 1107 1425 1194 1497; x_wconf 89' lang='lat' dir='ltr'>regni</span> <span class='ocrx_word' id='word_1_31' title='bbox 1228 1422 1390 1482; x_wconf 88' lang='lat' dir='ltr'>Sclauonle</span> <span class='ocrx_word' id='word_1_32' title='bbox 1425 1423 1515 1496; x_wconf 90' lang='lat' dir='ltr'>ban0,</span> 
     </span>
     <span class='ocr_line' id='line_1_7' title="bbox 253 1529 1515 1606; baseline -0.004 -16"><span class='ocrx_word' id='word_1_33' title='bbox 253 1535 353 1592; x_wconf 90' lang='lat' dir='ltr'>amico</span> <span class='ocrx_word' id='word_1_34' title='bbox 386 1549 493 1592; x_wconf 92' lang='lat' dir='ltr'>eorum</span> <span class='ocrx_word' id='word_1_35' title='bbox 525 1532 714 1604; x_wconf 84' lang='lat' dir='ltr'>honoranda,</span> <span class='ocrx_word' id='word_1_36' title='bbox 746 1531 917 1606; x_wconf 91' lang='lat' dir='ltr'>capitulum</span> <span class='ocrx_word' id='word_1_37' title='bbox 947 1531 1075 1589; x_wconf 88' lang='lat' dir='ltr'>ecclesie</span> <span class='ocrx_word' id='word_1_38' title='bbox 1103 1529 1318 1602; x_wconf 90' lang='lat' dir='ltr'>zagrabiensis,</span> <span class='ocrx_word' id='word_1_39' title='bbox 1342 1529 1515 1586; x_wconf 86' lang='lat' dir='ltr'>amiciciam</span> 
     </span>
     <span class='ocr_line' id='line_1_8' title="bbox 253 1627 1515 1714; baseline -0.004 -18"><span class='ocrx_word' id='word_1_40' title='bbox 253 1645 393 1713; x_wconf 90' lang='lat' dir='ltr'>paratam</span> <span class='ocrx_word' id='word_1_41' title='bbox 424 1655 495 1697; x_wconf 91' lang='lat' dir='ltr'>curn</span> <span class='ocrx_word' id='word_1_42' title='bbox 527 1640 650 1697; x_wconf 89' lang='lat' dir='ltr'>honore.</span> <span class='ocrx_word' id='word_1_43' title='bbox 681 1638 810 1696; x_wconf 87' lang='lat' dir='ltr'><strong>Noverit</strong></span> <span class='ocrx_word' id='word_1_44' title='bbox 838 1642 941 1694; x_wconf 87' lang='lat' dir='ltr'>vestra</span> <span class='ocrx_word' id='word_1_45' title='bbox 968 1637 1208 1709; x_wconf 88' lang='lat' dir='ltr'>magnificencia,</span> <span class='ocrx_word' id='word_1_46' title='bbox 1233 1627 1342 1714; x_wconf 79' lang='lat' dir='ltr'>(quod)</span> <span class='ocrx_word' id='word_1_47' title='bbox 1365 1650 1436 1692; x_wconf 89' lang='lat' dir='ltr'>cum</span> <span class='ocrx_word' id='word_1_48' title='bbox 1460 1650 1515 1692; x_wconf 89' lang='lat' dir='ltr'>nos</span> 
     </span>
     <span class='ocr_line' id='line_1_9' title="bbox 253 1739 1514 1818; baseline -0.003 -17"><span class='ocrx_word' id='word_1_49' title='bbox 253 1747 338 1802; x_wconf 87' lang='lat' dir='ltr'>iuxta</span> <span class='ocrx_word' id='word_1_50' title='bbox 369 1747 573 1804; x_wconf 89' lang='lat' dir='ltr'>continencias</span> <span class='ocrx_word' id='word_1_51' title='bbox 595 1746 768 1802; x_wconf 90' lang='lat' dir='ltr'>litterarum</span> <span class='ocrx_word' id='word_1_52' title='bbox 792 1745 980 1802; x_wconf 85' lang='lat' dir='ltr'>serenissimi</span> <span class='ocrx_word' id='word_1_53' title='bbox 1003 1744 1153 1818; x_wconf 89' lang='lat' dir='ltr'>principis</span> <span class='ocrx_word' id='word_1_54' title='bbox 1176 1742 1294 1800; x_wconf 91' lang='lat' dir='ltr'>domini</span> <span class='ocrx_word' id='word_1_55' title='bbox 1315 1739 1514 1813; x_wconf 74' lang='lat' dir='ltr'>sigismundi,</span> 
     </span>
     <span class='ocr_line' id='line_1_10' title="bbox 253 1839 1515 1924; baseline -0.004 -16"><span class='ocrx_word' id='word_1_56' title='bbox 253 1851 303 1909; x_wconf 91' lang='lat' dir='ltr'>dei</span> <span class='ocrx_word' id='word_1_57' title='bbox 325 1853 429 1924; x_wconf 83' lang='lat' dir='ltr'>gracia</span> <span class='ocrx_word' id='word_1_58' title='bbox 453 1851 655 1910; x_wconf 87' lang='lat' dir='ltr'>illustrissimi</span> <span class='ocrx_word' id='word_1_59' title='bbox 678 1853 759 1924; x_wconf 90' lang='lat' dir='ltr'>regis</span> <span class='ocrx_word' id='word_1_60' title='bbox 782 1851 947 1923; x_wconf 89' lang='lat' dir='ltr'>Hungarie‚</span> <span class='ocrx_word' id='word_1_61' title='bbox 964 1851 1134 1922; x_wconf 88' lang='lat' dir='ltr'>Dalmacie,</span> <span class='ocrx_word' id='word_1_62' title='bbox 1150 1849 1277 1907; x_wconf 88' lang='lat' dir='ltr'>Croacie</span> <span class='ocrx_word' id='word_1_63' title='bbox 1292 1853 1346 1906; x_wconf 92' lang='lat' dir='ltr'>etc.</span> <span class='ocrx_word' id='word_1_64' title='bbox 1363 1839 1515 1905; x_wconf 89' lang='lat' dir='ltr'>marchio-</span> 
     </span>
     <span class='ocr_line' id='line_1_11' title="bbox 253 1954 1514 2031; baseline -0.005 -16"><span class='ocrx_word' id='word_1_65' title='bbox 253 1959 362 2031; x_wconf 88' lang='lat' dir='ltr'>nisque</span> <span class='ocrx_word' id='word_1_66' title='bbox 378 1957 694 2030; x_wconf 88' lang='lat' dir='ltr'>Brandemburgensis</span> <span class='ocrx_word' id='word_1_67' title='bbox 710 1963 764 2015; x_wconf 90' lang='lat' dir='ltr'>etc.</span> <span class='ocrx_word' id='word_1_68' title='bbox 781 1957 898 2014; x_wconf 91' lang='lat' dir='ltr'>domini</span> <span class='ocrx_word' id='word_1_69' title='bbox 914 1958 1011 2014; x_wconf 85' lang='lat' dir='ltr'>nostri</span> <span class='ocrx_word' id='word_1_70' title='bbox 1026 1956 1175 2014; x_wconf 87' lang='lat' dir='ltr'>naturalis</span> <span class='ocrx_word' id='word_1_71' title='bbox 1192 1954 1514 2024; x_wconf 90' lang='lat' dir='ltr'>reambulatoriarum,</span> 
     </span>
     <span class='ocr_line' id='line_1_12' title="bbox 253 2059 1515 2137; baseline -0.006 -15"><span class='ocrx_word' id='word_1_72' title='bbox 253 2065 364 2122; x_wconf 89' lang='lat' dir='ltr'>maiori</span> <span class='ocrx_word' id='word_1_73' title='bbox 387 2079 441 2122; x_wconf 92' lang='lat' dir='ltr'>suo</span> <span class='ocrx_word' id='word_1_74' title='bbox 465 2064 569 2136; x_wconf 91' lang='lat' dir='ltr'>sigillo</span> <span class='ocrx_word' id='word_1_75' title='bbox 593 2063 800 2137; x_wconf 89' lang='lat' dir='ltr'>sigillatarum</span> <span class='ocrx_word' id='word_1_76' title='bbox 824 2079 882 2137; x_wconf 93' lang='lat' dir='ltr'>pro</span> <span class='ocrx_word' id='word_1_77' title='bbox 905 2062 1013 2134; x_wconf 90' lang='lat' dir='ltr'>iudice,</span> <span class='ocrx_word' id='word_1_78' title='bbox 1037 2063 1144 2120; x_wconf 89' lang='lat' dir='ltr'>iuratis</span> <span class='ocrx_word' id='word_1_79' title='bbox 1167 2066 1197 2118; x_wconf 92' lang='lat' dir='ltr'>et</span> <span class='ocrx_word' id='word_1_80' title='bbox 1219 2059 1371 2118; x_wconf 87' lang='lat' dir='ltr'>universis</span> <span class='ocrx_word' id='word_1_81' title='bbox 1393 2059 1515 2116; x_wconf 89' lang='lat' dir='ltr'>civibus</span> 
     </span>
     <span class='ocr_line' id='line_1_13' title="bbox 252 2141 1575 2240; baseline -0.005 -13"><span class='ocrx_word' id='word_1_82' title='bbox 252 2170 385 2228; x_wconf 87' lang='lat' dir='ltr'>civitatis</span> <span class='ocrx_word' id='word_1_83' title='bbox 418 2170 532 2227; x_wconf 87' lang='lat' dir='ltr'>montis</span> <span class='ocrx_word' id='word_1_84' title='bbox 566 2169 751 2228; x_wconf 89' lang='lat' dir='ltr'>Grechensis</span> <span class='ocrx_word' id='word_1_85' title='bbox 785 2175 1006 2239; x_wconf 90' lang='lat' dir='ltr'>emanatarum,</span> <span class='ocrx_word' id='word_1_86' title='bbox 1039 2169 1129 2226; x_wconf 92' lang='lat' dir='ltr'>nobis</span> <span class='ocrx_word' id='word_1_87' title='bbox 1162 2182 1285 2240; x_wconf 90' lang='lat' dir='ltr'>quoque</span> <span class='ocrx_word' id='word_1_88' title='bbox 1318 2165 1514 2235; x_wconf 88' lang='lat' dir='ltr'>directarum,</span> <span class='ocrx_word' id='word_1_89' title='bbox 1566 2141 1575 2157; x_wconf 58' lang='lat'>⁸</span> 
     </span>
     <span class='ocr_line' id='line_1_14' title="bbox 252 2269 1514 2348; baseline -0.005 -16"><span class='ocrx_word' id='word_1_90' title='bbox 252 2291 384 2332; x_wconf 91' lang='lat' dir='ltr'>unacum</span> <span class='ocrx_word' id='word_1_91' title='bbox 412 2274 578 2348; x_wconf 72' lang='lat' dir='ltr'>Stephano</span> <span class='ocrx_word' id='word_1_92' title='bbox 601 2275 669 2332; x_wconf 88' lang='lat' dir='ltr'>filio</span> <span class='ocrx_word' id='word_1_93' title='bbox 699 2274 823 2332; x_wconf 86' lang='lat' dir='ltr'>Chernk</span> <span class='ocrx_word' id='word_1_94' title='bbox 854 2274 892 2331; x_wconf 91' lang='lat' dir='ltr'>de</span> <span class='ocrx_word' id='word_1_95' title='bbox 917 2275 1080 2344; x_wconf 90' lang='lat' dir='ltr'>Koznlcha,</span> <span class='ocrx_word' id='word_1_96' title='bbox 1104 2273 1229 2330; x_wconf 90' lang='lat' dir='ltr'>homine</span> <span class='ocrx_word' id='word_1_97' title='bbox 1252 2273 1346 2344; x_wconf 89' lang='lat' dir='ltr'>regi0,</span> <span class='ocrx_word' id='word_1_98' title='bbox 1370 2271 1401 2328; x_wconf 93' lang='lat' dir='ltr'>in</span> <span class='ocrx_word' id='word_1_99' title='bbox 1425 2269 1514 2327; x_wconf 90' lang='lat' dir='ltr'>dictis</span> 
     </span>
     <span class='ocr_line' id='line_1_15' title="bbox 252 2377 1514 2451; baseline -0.004 -13"><span class='ocrx_word' id='word_1_100' title='bbox 252 2382 363 2438; x_wconf 85' lang='lat' dir='ltr'>litteris</span> <span class='ocrx_word' id='word_1_101' title='bbox 387 2381 637 2439; x_wconf 89' lang='lat' dir='ltr'>reambulatorils</span> <span class='ocrx_word' id='word_1_102' title='bbox 661 2383 740 2439; x_wconf 89' lang='lat' dir='ltr'>iuter</span> <span class='ocrx_word' id='word_1_103' title='bbox 762 2381 840 2438; x_wconf 90' lang='lat' dir='ltr'>alios</span> <span class='ocrx_word' id='word_1_104' title='bbox 864 2381 1004 2437; x_wconf 88' lang='lat' dir='ltr'>homines</span> <span class='ocrx_word' id='word_1_105' title='bbox 1027 2380 1129 2451; x_wconf 87' lang='lat' dir='ltr'>regios</span> <span class='ocrx_word' id='word_1_106' title='bbox 1152 2377 1342 2449; x_wconf 89' lang='lat' dir='ltr'>conscriptos</span> <span class='ocrx_word' id='word_1_107' title='bbox 1370 2393 1514 2450; x_wconf 88' lang='lat' dir='ltr'>expresse</span> 
     </span>
     <span class='ocr_line' id='line_1_16' title="bbox 251 2482 1514 2557; baseline -0.004 -13"><span class='ocrx_word' id='word_1_108' title='bbox 251 2488 417 2557; x_wconf 73' lang='lat' dir='ltr'>nominato</span> <span class='ocrx_word' id='word_1_109' title='bbox 440 2492 582 2544; x_wconf 89' lang='lat' dir='ltr'>nostrum</span> <span class='ocrx_word' id='word_1_110' title='bbox 606 2488 762 2544; x_wconf 90' lang='lat' dir='ltr'>hominem</span> <span class='ocrx_word' id='word_1_111' title='bbox 785 2486 931 2544; x_wconf 88' lang='lat' dir='ltr'>videlicet</span> <span class='ocrx_word' id='word_1_112' title='bbox 949 2486 1163 2543; x_wconf 84' lang='lat' dir='ltr'>honorabilem</span> <span class='ocrx_word' id='word_1_113' title='bbox 1180 2489 1213 2542; x_wconf 89' lang='lat' dir='ltr'>et</span> <span class='ocrx_word' id='word_1_114' title='bbox 1226 2482 1394 2540; x_wconf 89' lang='lat' dir='ltr'>discretum</span> <span class='ocrx_word' id='word_1_115' title='bbox 1409 2483 1514 2540; x_wconf 86' lang='lat' dir='ltr'>virum</span> 
     </span>
     <span class='ocr_line' id='line_1_17' title="bbox 252 2589 1514 2676; baseline -0.002 -27"><span class='ocrx_word' id='word_1_116' title='bbox 252 2592 414 2650; x_wconf 91' lang='lat' dir='ltr'>dominum</span> <span class='ocrx_word' id='word_1_117' title='bbox 450 2593 622 2676; x_wconf 83' lang='lat' dir='ltr'>Johannem</span> <span class='ocrx_word' id='word_1_118' title='bbox 654 2593 819 2664; x_wconf 85' lang='lat' dir='ltr'>Lanceloti,</span> <span class='ocrx_word' id='word_1_119' title='bbox 843 2593 961 2650; x_wconf 92' lang='lat' dir='ltr'>socium</span> <span class='ocrx_word' id='word_1_120' title='bbox 988 2599 1018 2649; x_wconf 93' lang='lat' dir='ltr'>et</span> <span class='ocrx_word' id='word_1_121' title='bbox 1040 2591 1279 2649; x_wconf 85' lang='lat' dir='ltr'>concanonicum</span> <span class='ocrx_word' id='word_1_122' title='bbox 1302 2595 1451 2658; x_wconf 89' lang='lat' dir='ltr'>nostrum,</span> <span class='ocrx_word' id='word_1_123' title='bbox 1474 2589 1514 2646; x_wconf 92' lang='lat' dir='ltr'>ad</span> 
     </span>
     <span class='ocr_line' id='line_1_18' title="bbox 251 2695 1514 2772; baseline -0.002 -17"><span class='ocrx_word' id='word_1_124' title='bbox 251 2697 462 2772; x_wconf 81' lang='lat' dir='ltr'>infrascriptos</span> <span class='ocrx_word' id='word_1_125' title='bbox 485 2699 768 2756; x_wconf 90' lang='lat' dir='ltr'>reambulacionem</span> <span class='ocrx_word' id='word_1_126' title='bbox 792 2707 821 2756; x_wconf 91' lang='lat' dir='ltr'>et</span> <span class='ocrx_word' id='word_1_127' title='bbox 845 2705 998 2756; x_wconf 90' lang='lat' dir='ltr'>metarum</span> <span class='ocrx_word' id='word_1_128' title='bbox 1014 2698 1203 2755; x_wconf 89' lang='lat' dir='ltr'>ereccionem</span> <span class='ocrx_word' id='word_1_129' title='bbox 1220 2695 1392 2754; x_wconf 82' lang='lat' dir='ltr'>faciendam</span> <span class='ocrx_word' id='word_1_130' title='bbox 1408 2701 1514 2752; x_wconf 88' lang='lat' dir='ltr'>nostro</span> 
     </span>
     <span class='ocr_line' id='line_1_19' title="bbox 251 2801 1513 2878; baseline -0.004 -16"><span class='ocrx_word' id='word_1_131' title='bbox 251 2820 309 2878; x_wconf 94' lang='lat' dir='ltr'>pro</span> <span class='ocrx_word' id='word_1_132' title='bbox 332 2805 508 2862; x_wconf 88' lang='lat' dir='ltr'>testimonio</span> <span class='ocrx_word' id='word_1_133' title='bbox 539 2805 735 2862; x_wconf 83' lang='lat' dir='ltr'>duxissemus</span> <span class='ocrx_word' id='word_1_134' title='bbox 765 2804 991 2874; x_wconf 90' lang='lat' dir='ltr'>destinandum,</span> <span class='ocrx_word' id='word_1_135' title='bbox 1022 2805 1075 2876; x_wconf 91' lang='lat' dir='ltr'>qui</span> <span class='ocrx_word' id='word_1_136' title='bbox 1103 2801 1304 2876; x_wconf 91' lang='lat' dir='ltr'>postmodum</span> <span class='ocrx_word' id='word_1_137' title='bbox 1326 2801 1364 2860; x_wconf 92' lang='lat' dir='ltr'>ad</span> <span class='ocrx_word' id='word_1_138' title='bbox 1387 2817 1443 2858; x_wconf 91' lang='lat' dir='ltr'>nos</span> <span class='ocrx_word' id='word_1_139' title='bbox 1466 2817 1513 2858; x_wconf 89' lang='lat' dir='ltr'>re·</span> 
     </span>
     <span class='ocr_line' id='line_1_20' title="bbox 251 2901 1514 2984; baseline -0.003 -15"><span class='ocrx_word' id='word_1_140' title='bbox 251 2913 341 2983; x_wconf 88' lang='lat' dir='ltr'>versi,</span> <span class='ocrx_word' id='word_1_141' title='bbox 364 2913 454 2969; x_wconf 93' lang='lat' dir='ltr'>nobis</span> <span class='ocrx_word' id='word_1_142' title='bbox 476 2901 668 2970; x_wconf 85' lang='lat' dir='ltr'>concorditer</span> <span class='ocrx_word' id='word_1_143' title='bbox 691 2911 878 2969; x_wconf 90' lang='lat' dir='ltr'>retulerunt:</span> <span class='ocrx_word' id='word_1_144' title='bbox 902 2911 984 2983; x_wconf 92' lang='lat' dir='ltr'>quod</span> <span class='ocrx_word' id='word_1_145' title='bbox 1009 2911 1069 2984; x_wconf 91' lang='lat' dir='ltr'>ipsi</span> <span class='ocrx_word' id='word_1_146' title='bbox 1086 2909 1163 2966; x_wconf 83' lang='lat' dir='ltr'>feria</span> <span class='ocrx_word' id='word_1_147' title='bbox 1183 2915 1269 2966; x_wconf 85' lang='lat' dir='ltr'>sexta</span> <span class='ocrx_word' id='word_1_148' title='bbox 1285 2909 1427 2981; x_wconf 91' lang='lat' dir='ltr'>proxima</span> <span class='ocrx_word' id='word_1_149' title='bbox 1444 2913 1514 2980; x_wconf 92' lang='lat' dir='ltr'>post</span> 
     </span>
     <span class='ocr_line' id='line_1_21' title="bbox 251 3014 1512 3091; baseline -0.003 -15"><span class='ocrx_word' id='word_1_150' title='bbox 251 3019 363 3076; x_wconf 86' lang='lat' dir='ltr'>festum</span> <span class='ocrx_word' id='word_1_151' title='bbox 387 3019 609 3086; x_wconf 73' lang='lat' dir='ltr'>penthecostes,</span> <span class='ocrx_word' id='word_1_152' title='bbox 622 3034 702 3076; x_wconf 93' lang='lat' dir='ltr'>nunc</span> <span class='ocrx_word' id='word_1_153' title='bbox 719 3018 861 3091; x_wconf 85' lang='lat' dir='ltr'>proxime</span> <span class='ocrx_word' id='word_1_154' title='bbox 877 3017 1069 3090; x_wconf 89' lang='lat' dir='ltr'>preteritum,</span> <span class='ocrx_word' id='word_1_155' title='bbox 1085 3015 1124 3072; x_wconf 92' lang='lat' dir='ltr'>ad</span> <span class='ocrx_word' id='word_1_156' title='bbox 1141 3015 1234 3073; x_wconf 85' lang='lat' dir='ltr'>facies</span> <span class='ocrx_word' id='word_1_157' title='bbox 1249 3014 1387 3072; x_wconf 90' lang='lat' dir='ltr'>cuisdam</span> <span class='ocrx_word' id='word_1_158' title='bbox 1398 3029 1512 3088; x_wconf 89' lang='lat' dir='ltr'>posse·</span> 
     </span>
     <span class='ocr_line' id='line_1_22' title="bbox 250 3119 1513 3198; baseline -0.004 -16"><span class='ocrx_word' id='word_1_159' title='bbox 250 3125 344 3182; x_wconf 88' lang='lat' dir='ltr'>sionis</span> <span class='ocrx_word' id='word_1_160' title='bbox 369 3123 561 3198; x_wconf 84' lang='lat' dir='ltr'>prefatorum</span> <span class='ocrx_word' id='word_1_161' title='bbox 592 3123 711 3195; x_wconf 88' lang='lat' dir='ltr'>iudicis,</span> <span class='ocrx_word' id='word_1_162' title='bbox 742 3125 914 3182; x_wconf 91' lang='lat' dir='ltr'>iuratorum</span> <span class='ocrx_word' id='word_1_163' title='bbox 936 3130 966 3180; x_wconf 89' lang='lat' dir='ltr'>et</span> <span class='ocrx_word' id='word_1_164' title='bbox 990 3123 1206 3180; x_wconf 88' lang='lat' dir='ltr'>universorum</span> <span class='ocrx_word' id='word_1_165' title='bbox 1230 3121 1347 3178; x_wconf 88' lang='lat' dir='ltr'>civium</span> <span class='ocrx_word' id='word_1_166' title='bbox 1369 3119 1449 3178; x_wconf 91' lang='lat' dir='ltr'>dicte</span> <span class='ocrx_word' id='word_1_167' title='bbox 1472 3123 1513 3177; x_wconf 93' lang='lat' dir='ltr'>ci·</span> 
     </span>
     <span class='ocr_line' id='line_1_23' title="bbox 251 3227 1513 3302; baseline -0.002 -15"><span class='ocrx_word' id='word_1_168' title='bbox 251 3231 356 3288; x_wconf 88' lang='lat' dir='ltr'>vitatis</span> <span class='ocrx_word' id='word_1_169' title='bbox 380 3231 493 3288; x_wconf 90' lang='lat' dir='ltr'>montis</span> <span class='ocrx_word' id='word_1_170' title='bbox 516 3231 687 3302; x_wconf 89' lang='lat' dir='ltr'>Grecensis,</span> <span class='ocrx_word' id='word_1_171' title='bbox 711 3230 875 3287; x_wconf 89' lang='lat' dir='ltr'>Petrouina</span> <span class='ocrx_word' id='word_1_172' title='bbox 896 3236 1013 3294; x_wconf 80' lang='lat' dir='ltr'>vocate,</span> <span class='ocrx_word' id='word_1_173' title='bbox 1034 3229 1143 3285; x_wconf 90' lang='lat' dir='ltr'>vicinis</span> <span class='ocrx_word' id='word_1_174' title='bbox 1167 3233 1196 3284; x_wconf 91' lang='lat' dir='ltr'>et</span> <span class='ocrx_word' id='word_1_175' title='bbox 1212 3227 1431 3285; x_wconf 90' lang='lat' dir='ltr'>commetaneis</span> <span class='ocrx_word' id='word_1_176' title='bbox 1450 3228 1513 3284; x_wconf 89' lang='lat' dir='ltr'>suis</span> 
     </span>
     <span class='ocr_line' id='line_1_24' title="bbox 251 3334 1513 3408; baseline -0.004 -14"><span class='ocrx_word' id='word_1_177' title='bbox 251 3337 404 3394; x_wconf 89' lang='lat' dir='ltr'>universis</span> <span class='ocrx_word' id='word_1_178' title='bbox 427 3336 504 3394; x_wconf 89' lang='lat' dir='ltr'>inibi</span> <span class='ocrx_word' id='word_1_179' title='bbox 528 3337 665 3408; x_wconf 86' lang='lat' dir='ltr'>legitime</span> <span class='ocrx_word' id='word_1_180' title='bbox 681 3337 857 3394; x_wconf 88' lang='lat' dir='ltr'>convocatis</span> <span class='ocrx_word' id='word_1_181' title='bbox 873 3341 902 3392; x_wconf 90' lang='lat' dir='ltr'>et</span> <span class='ocrx_word' id='word_1_182' title='bbox 919 3335 1114 3407; x_wconf 89' lang='lat' dir='ltr'>presentibus</span> <span class='ocrx_word' id='word_1_183' title='bbox 1130 3335 1334 3404; x_wconf 81' lang='lat' dir='ltr'>accessissent,</span> <span class='ocrx_word' id='word_1_184' title='bbox 1351 3334 1513 3406; x_wconf 89' lang='lat' dir='ltr'>ipsamque</span> 
     </span>
     <span class='ocr_line' id='line_1_25' title="bbox 252 3438 1512 3517; baseline -0.003 -17"><span class='ocrx_word' id='word_1_185' title='bbox 252 3444 478 3517; x_wconf 88' lang='lat' dir='ltr'>possessionem</span> <span class='ocrx_word' id='word_1_186' title='bbox 513 3443 677 3500; x_wconf 84' lang='lat' dir='ltr'>Petrouina</span> <span class='ocrx_word' id='word_1_187' title='bbox 700 3458 717 3499; x_wconf 93' lang='lat' dir='ltr'>a</span> <span class='ocrx_word' id='word_1_188' title='bbox 742 3450 829 3514; x_wconf 90' lang='lat' dir='ltr'>parte</span> <span class='ocrx_word' id='word_1_189' title='bbox 861 3441 1061 3515; x_wconf 89' lang='lat' dir='ltr'>possessionis</span> <span class='ocrx_word' id='word_1_190' title='bbox 1091 3439 1235 3509; x_wconf 89' lang='lat' dir='ltr'>Ladislal,</span> <span class='ocrx_word' id='word_1_191' title='bbox 1263 3438 1321 3495; x_wconf 91' lang='lat' dir='ltr'>filii</span> <span class='ocrx_word' id='word_1_192' title='bbox 1349 3438 1512 3507; x_wconf 89' lang='lat' dir='ltr'>Valentini,</span> 
     </span>
     <span class='ocr_line' id='line_1_26' title="bbox 252 3544 1513 3620; baseline -0.002 -14"><span class='ocrx_word' id='word_1_193' title='bbox 252 3549 349 3620; x_wconf 91' lang='lat' dir='ltr'>Pauli,</span> <span class='ocrx_word' id='word_1_194' title='bbox 374 3549 433 3606; x_wconf 88' lang='lat' dir='ltr'>filil</span> <span class='ocrx_word' id='word_1_195' title='bbox 463 3549 555 3620; x_wconf 88' lang='lat' dir='ltr'>Petri,</span> <span class='ocrx_word' id='word_1_196' title='bbox 586 3549 714 3620; x_wconf 87' lang='lat' dir='ltr'>Nicolai,</span> <span class='ocrx_word' id='word_1_197' title='bbox 750 3548 808 3605; x_wconf 90' lang='lat' dir='ltr'>filii</span> <span class='ocrx_word' id='word_1_198' title='bbox 839 3546 929 3604; x_wconf 87' lang='lat' dir='ltr'>Nouk</span> <span class='ocrx_word' id='word_1_199' title='bbox 959 3552 990 3604; x_wconf 92' lang='lat' dir='ltr'>et</span> <span class='ocrx_word' id='word_1_200' title='bbox 1011 3546 1152 3616; x_wconf 91' lang='lat' dir='ltr'>Dionisii,</span> <span class='ocrx_word' id='word_1_201' title='bbox 1175 3544 1234 3602; x_wconf 88' lang='lat' dir='ltr'>filii</span> <span class='ocrx_word' id='word_1_202' title='bbox 1256 3545 1338 3603; x_wconf 90' lang='lat' dir='ltr'>Petri</span> <span class='ocrx_word' id='word_1_203' title='bbox 1361 3544 1400 3602; x_wconf 92' lang='lat' dir='ltr'>de</span> <span class='ocrx_word' id='word_1_204' title='bbox 1422 3545 1513 3603; x_wconf 90' lang='lat' dir='ltr'>Also-</span> 
     </span>
     <span class='ocr_line' id='line_1_27' title="bbox 250 3650 1511 3727; baseline -0.004 -15"><span class='ocrx_word' id='word_1_205' title='bbox 250 3656 427 3727; x_wconf 85' lang='lat' dir='ltr'>lumnycha,</span> <span class='ocrx_word' id='word_1_206' title='bbox 459 3656 545 3712; x_wconf 87' lang='lat' dir='ltr'>iuxta</span> <span class='ocrx_word' id='word_1_207' title='bbox 574 3653 873 3712; x_wconf 88' lang='lat' dir='ltr'>demonstracionem</span> <span class='ocrx_word' id='word_1_208' title='bbox 904 3652 1114 3726; x_wconf 90' lang='lat' dir='ltr'>predictorum</span> <span class='ocrx_word' id='word_1_209' title='bbox 1146 3650 1254 3708; x_wconf 90' lang='lat' dir='ltr'>iudicis</span> <span class='ocrx_word' id='word_1_210' title='bbox 1284 3656 1314 3708; x_wconf 89' lang='lat' dir='ltr'>et</span> <span class='ocrx_word' id='word_1_211' title='bbox 1341 3652 1511 3708; x_wconf 90' lang='lat' dir='ltr'>iuratorum</span> 
     </span>
     <span class='ocr_line' id='line_1_28' title="bbox 251 3757 1512 3833; baseline -0.003 -15"><span class='ocrx_word' id='word_1_212' title='bbox 251 3762 331 3819; x_wconf 90' lang='lat' dir='ltr'>dicte</span> <span class='ocrx_word' id='word_1_213' title='bbox 362 3761 495 3818; x_wconf 84' lang='lat' dir='ltr'>civitatis</span> <span class='ocrx_word' id='word_1_214' title='bbox 526 3766 674 3833; x_wconf 90' lang='lat' dir='ltr'>quantum</span> <span class='ocrx_word' id='word_1_215' title='bbox 707 3761 736 3817; x_wconf 93' lang='lat' dir='ltr'>in</span> <span class='ocrx_word' id='word_1_216' title='bbox 761 3761 817 3817; x_wconf 90' lang='lat' dir='ltr'>illa</span> <span class='ocrx_word' id='word_1_217' title='bbox 841 3767 929 3833; x_wconf 90' lang='lat' dir='ltr'>parte</span> <span class='ocrx_word' id='word_1_218' title='bbox 951 3760 1010 3816; x_wconf 90' lang='lat' dir='ltr'>hoc</span> <span class='ocrx_word' id='word_1_219' title='bbox 1033 3757 1127 3814; x_wconf 93' lang='lat' dir='ltr'>modo</span> <span class='ocrx_word' id='word_1_220' title='bbox 1150 3757 1404 3826; x_wconf 87' lang='lat' dir='ltr'>reambulassent,</span> <span class='ocrx_word' id='word_1_221' title='bbox 1428 3757 1512 3829; x_wconf 89' lang='lat' dir='ltr'>quod</span> 
     </span>
     <span class='ocr_line' id='line_1_29' title="bbox 251 3863 1513 3942; baseline -0.005 -17"><span class='ocrx_word' id='word_1_222' title='bbox 251 3869 355 3942; x_wconf 91' lang='lat' dir='ltr'>primo</span> <span class='ocrx_word' id='word_1_223' title='bbox 379 3868 563 3941; x_wconf 91' lang='lat' dir='ltr'>incepissent</span> <span class='ocrx_word' id='word_1_224' title='bbox 585 3883 603 3923; x_wconf 93' lang='lat' dir='ltr'>a</span> <span class='ocrx_word' id='word_1_225' title='bbox 627 3865 761 3939; x_wconf 91' lang='lat' dir='ltr'>quodam</span> <span class='ocrx_word' id='word_1_226' title='bbox 783 3867 879 3922; x_wconf 91' lang='lat' dir='ltr'>dumo</span> <span class='ocrx_word' id='word_1_227' title='bbox 894 3867 1078 3938; x_wconf 85' lang='lat' dir='ltr'>lipowgerm</span> <span class='ocrx_word' id='word_1_228' title='bbox 1096 3869 1273 3936; x_wconf 90' lang='lat' dir='ltr'>nuncupato</span> <span class='ocrx_word' id='word_1_229' title='bbox 1289 3879 1307 3919; x_wconf 93' lang='lat' dir='ltr'>a</span> <span class='ocrx_word' id='word_1_230' title='bbox 1322 3864 1415 3936; x_wconf 85' lang='lat' dir='ltr'>plaga</span> <span class='ocrx_word' id='word_1_231' title='bbox 1435 3863 1513 3920; x_wconf 91' lang='lat' dir='ltr'>occi-</span> 
     </span>
     <span class='ocr_line' id='line_1_30' title="bbox 251 3969 1513 4045; baseline -0.004 -15"><span class='ocrx_word' id='word_1_232' title='bbox 251 3973 376 4045; x_wconf 88' lang='lat' dir='ltr'>dentali,</span> <span class='ocrx_word' id='word_1_233' title='bbox 400 3971 511 4030; x_wconf 90' lang='lat' dir='ltr'>deinde</span> <span class='ocrx_word' id='word_1_234' title='bbox 533 3973 573 4030; x_wconf 90' lang='lat' dir='ltr'>ad</span> <span class='ocrx_word' id='word_1_235' title='bbox 597 3971 725 4029; x_wconf 90' lang='lat' dir='ltr'>eandem</span> <span class='ocrx_word' id='word_1_236' title='bbox 751 3974 877 4045; x_wconf 87' lang='lat' dir='ltr'>plagam</span> <span class='ocrx_word' id='word_1_237' title='bbox 893 3970 1116 4028; x_wconf 91' lang='lat' dir='ltr'>occidentalem</span> <span class='ocrx_word' id='word_1_238' title='bbox 1132 3970 1344 4042; x_wconf 89' lang='lat' dir='ltr'>pervenissent</span> <span class='ocrx_word' id='word_1_239' title='bbox 1360 3969 1400 4026; x_wconf 90' lang='lat' dir='ltr'>ad</span> <span class='ocrx_word' id='word_1_240' title='bbox 1416 3985 1513 4025; x_wconf 89' lang='lat' dir='ltr'>unum</span> 
     </span>
     <span class='ocr_line' id='line_1_31' title="bbox 250 4075 1512 4149; baseline -0.004 -13"><span class='ocrx_word' id='word_1_241' title='bbox 250 4080 453 4136; x_wconf 90' lang='lat' dir='ltr'>monticulum</span> <span class='ocrx_word' id='word_1_242' title='bbox 478 4079 663 4136; x_wconf 90' lang='lat' dir='ltr'>Gorichicha</span> <span class='ocrx_word' id='word_1_243' title='bbox 687 4084 840 4148; x_wconf 89' lang='lat' dir='ltr'>vocatum,</span> <span class='ocrx_word' id='word_1_244' title='bbox 864 4077 977 4134; x_wconf 89' lang='lat' dir='ltr'>abhinc</span> <span class='ocrx_word' id='word_1_245' title='bbox 999 4076 1039 4133; x_wconf 92' lang='lat' dir='ltr'>ad</span> <span class='ocrx_word' id='word_1_246' title='bbox 1060 4077 1161 4149; x_wconf 92' lang='lat' dir='ltr'>ipsam</span> <span class='ocrx_word' id='word_1_247' title='bbox 1185 4076 1310 4148; x_wconf 89' lang='lat' dir='ltr'>plagam</span> <span class='ocrx_word' id='word_1_248' title='bbox 1327 4075 1427 4132; x_wconf 91' lang='lat' dir='ltr'>eundo</span> <span class='ocrx_word' id='word_1_249' title='bbox 1444 4091 1512 4148; x_wconf 90' lang='lat' dir='ltr'>per·</span> 
     </span>
     <span class='ocr_line' id='line_1_32' title="bbox 250 4181 1512 4259; baseline -0.005 -16"><span class='ocrx_word' id='word_1_250' title='bbox 250 4187 405 4246; x_wconf 86' lang='lat' dir='ltr'>venissent</span> <span class='ocrx_word' id='word_1_251' title='bbox 427 4185 466 4243; x_wconf 90' lang='lat' dir='ltr'>ad</span> <span class='ocrx_word' id='word_1_252' title='bbox 489 4185 644 4259; x_wconf 87' lang='lat' dir='ltr'>quendam</span> <span class='ocrx_word' id='word_1_253' title='bbox 668 4185 798 4242; x_wconf 89' lang='lat' dir='ltr'>domum</span> <span class='ocrx_word' id='word_1_254' title='bbox 822 4184 1071 4257; x_wconf 87' lang='lat' dir='ltr'>thopolowgerm</span> <span class='ocrx_word' id='word_1_255' title='bbox 1096 4186 1249 4252; x_wconf 89' lang='lat' dir='ltr'>vocatum,</span> <span class='ocrx_word' id='word_1_256' title='bbox 1266 4181 1336 4238; x_wconf 91' lang='lat' dir='ltr'>inde</span> <span class='ocrx_word' id='word_1_257' title='bbox 1359 4181 1512 4238; x_wconf 89' lang='lat' dir='ltr'>tendendo</span> 
     </span>
     <span class='ocr_line' id='line_1_33' title="bbox 231 4286 1513 4366; baseline -0.004 -16"><span class='ocrx_word' id='word_1_258' title='bbox 231 4293 328 4358; x_wconf 85' lang='lat' dir='ltr'>,inter</span> <span class='ocrx_word' id='word_1_259' title='bbox 351 4293 427 4350; x_wconf 89' lang='lat' dir='ltr'>duas</span> <span class='ocrx_word' id='word_1_260' title='bbox 450 4293 568 4366; x_wconf 86' lang='lat' dir='ltr'>plagas,</span> <span class='ocrx_word' id='word_1_261' title='bbox 599 4292 717 4349; x_wconf 92' lang='lat' dir='ltr'>scilicet</span> <span class='ocrx_word' id='word_1_262' title='bbox 738 4290 960 4348; x_wconf 89' lang='lat' dir='ltr'>occidentalem</span> <span class='ocrx_word' id='word_1_263' title='bbox 984 4294 1014 4347; x_wconf 92' lang='lat' dir='ltr'>et</span> <span class='ocrx_word' id='word_1_264' title='bbox 1036 4287 1322 4362; x_wconf 88' lang='lat' dir='ltr'>septemtrionalem</span> <span class='ocrx_word' id='word_1_265' title='bbox 1346 4286 1513 4345; x_wconf 88' lang='lat' dir='ltr'>tendissent</span> 
     </span>
     <span class='ocr_line' id='line_1_34' title="bbox 249 4393 1513 4472; baseline -0.004 -16"><span class='ocrx_word' id='word_1_266' title='bbox 249 4399 289 4456; x_wconf 90' lang='lat' dir='ltr'>ad</span> <span class='ocrx_word' id='word_1_267' title='bbox 312 4398 466 4472; x_wconf 90' lang='lat' dir='ltr'>quendam</span> <span class='ocrx_word' id='word_1_268' title='bbox 490 4405 628 4456; x_wconf 91' lang='lat' dir='ltr'>meatum</span> <span class='ocrx_word' id='word_1_269' title='bbox 651 4415 730 4470; x_wconf 88' lang='lat' dir='ltr'>aque</span> <span class='ocrx_word' id='word_1_270' title='bbox 752 4397 922 4471; x_wconf 89' lang='lat' dir='ltr'>Lopaticha</span> <span class='ocrx_word' id='word_1_271' title='bbox 944 4395 1148 4469; x_wconf 88' lang='lat' dir='ltr'>appellatum,</span> <span class='ocrx_word' id='word_1_272' title='bbox 1175 4393 1288 4450; x_wconf 87' lang='lat' dir='ltr'>abhinc</span> <span class='ocrx_word' id='word_1_273' title='bbox 1311 4393 1410 4450; x_wconf 87' lang='lat' dir='ltr'>eundo</span> <span class='ocrx_word' id='word_1_274' title='bbox 1434 4393 1513 4451; x_wconf 91' lang='lat' dir='ltr'>inter</span> 
     </span>
     <span class='ocr_line' id='line_1_35' title="bbox 250 4499 1512 4578; baseline -0.006 -16"><span class='ocrx_word' id='word_1_275' title='bbox 250 4505 404 4578; x_wconf 89' lang='lat' dir='ltr'>predictas</span> <span class='ocrx_word' id='word_1_276' title='bbox 412 4503 489 4561; x_wconf 90' lang='lat' dir='ltr'>duas</span> <span class='ocrx_word' id='word_1_277' title='bbox 503 4505 613 4578; x_wconf 88' lang='lat' dir='ltr'>plagas</span> <span class='ocrx_word' id='word_1_278' title='bbox 626 4505 708 4562; x_wconf 90' lang='lat' dir='ltr'>ultra</span> <span class='ocrx_word' id='word_1_279' title='bbox 718 4502 875 4577; x_wconf 90' lang='lat' dir='ltr'>quandam</span> <span class='ocrx_word' id='word_1_280' title='bbox 883 4502 1090 4559; x_wconf 88' lang='lat' dir='ltr'>Verthacham</span> <span class='ocrx_word' id='word_1_281' title='bbox 1099 4516 1155 4573; x_wconf 91' lang='lat' dir='ltr'>per</span> <span class='ocrx_word' id='word_1_282' title='bbox 1167 4499 1323 4572; x_wconf 91' lang='lat' dir='ltr'>quandam</span> <span class='ocrx_word' id='word_1_283' title='bbox 1331 4499 1512 4556; x_wconf 89' lang='lat' dir='ltr'>Dobrauam</span> 
     </span>
     <span class='ocr_line' id='line_1_36' title="bbox 249 4605 1511 4684; baseline -0.006 -16"><span class='ocrx_word' id='word_1_284' title='bbox 249 4610 401 4669; x_wconf 89' lang='lat' dir='ltr'>tendendo</span> <span class='ocrx_word' id='word_1_285' title='bbox 424 4610 464 4668; x_wconf 89' lang='lat' dir='ltr'>ad</span> <span class='ocrx_word' id='word_1_286' title='bbox 486 4610 614 4684; x_wconf 88' lang='lat' dir='ltr'>plagam</span> <span class='ocrx_word' id='word_1_287' title='bbox 630 4610 854 4668; x_wconf 89' lang='lat' dir='ltr'>occidentalem</span> <span class='ocrx_word' id='word_1_288' title='bbox 869 4609 1031 4666; x_wconf 90' lang='lat' dir='ltr'>intrassent</span> <span class='ocrx_word' id='word_1_289' title='bbox 1047 4608 1077 4664; x_wconf 92' lang='lat' dir='ltr'>in</span> <span class='ocrx_word' id='word_1_290' title='bbox 1094 4605 1253 4679; x_wconf 86' lang='lat' dir='ltr'>quoddam</span> <span class='ocrx_word' id='word_1_291' title='bbox 1269 4605 1377 4662; x_wconf 90' lang='lat' dir='ltr'>chreth</span> <span class='ocrx_word' id='word_1_292' title='bbox 1397 4609 1427 4662; x_wconf 91' lang='lat' dir='ltr'>et</span> <span class='ocrx_word' id='word_1_293' title='bbox 1442 4621 1511 4678; x_wconf 92' lang='lat' dir='ltr'>per·</span> 
     </span>
     <span class='ocr_line' id='line_1_37' title="bbox 249 4710 1511 4788; baseline -0.006 -14"><span class='ocrx_word' id='word_1_294' title='bbox 249 4718 404 4774; x_wconf 89' lang='lat' dir='ltr'>venissent</span> <span class='ocrx_word' id='word_1_295' title='bbox 426 4715 467 4774; x_wconf 89' lang='lat' dir='ltr'>ad</span> <span class='ocrx_word' id='word_1_296' title='bbox 489 4716 620 4774; x_wconf 87' lang='lat' dir='ltr'>fluvium</span> <span class='ocrx_word' id='word_1_297' title='bbox 643 4715 836 4774; x_wconf 88' lang='lat' dir='ltr'>Pezschenak</span> <span class='ocrx_word' id='word_1_298' title='bbox 858 4719 1070 4788; x_wconf 91' lang='lat' dir='ltr'>nuncupatum</span> <span class='ocrx_word' id='word_1_299' title='bbox 1093 4729 1150 4787; x_wconf 92' lang='lat' dir='ltr'>per</span> <span class='ocrx_word' id='word_1_300' title='bbox 1172 4712 1276 4786; x_wconf 89' lang='lat' dir='ltr'>ipsum</span> <span class='ocrx_word' id='word_1_301' title='bbox 1293 4712 1400 4769; x_wconf 91' lang='lat' dir='ltr'>chreth</span> <span class='ocrx_word' id='word_1_302' title='bbox 1417 4710 1511 4768; x_wconf 92' lang='lat' dir='ltr'>ssuen·</span> 
     </span>
    </p>
   </div>
   <div class='ocr_carea' id='block_1_7' title="bbox 250 4818 1603 4896">
    <p class='ocr_par' dir='ltr' id='par_1_7' title="bbox 250 4818 1603 4896">
     <span class='ocr_line' id='line_1_38' title="bbox 250 4818 1603 4896; baseline -0.006 -15"><span class='ocrx_word' id='word_1_303' title='bbox 250 4831 321 4893; x_wconf 91' lang='lat' dir='ltr'>tem,</span> <span class='ocrx_word' id='word_1_304' title='bbox 351 4822 461 4881; x_wconf 89' lang='lat' dir='ltr'>deinde</span> <span class='ocrx_word' id='word_1_305' title='bbox 492 4839 601 4880; x_wconf 88' lang='lat' dir='ltr'>versus</span> <span class='ocrx_word' id='word_1_306' title='bbox 632 4822 758 4896; x_wconf 88' lang='lat' dir='ltr'>plagam</span> <span class='ocrx_word' id='word_1_307' title='bbox 789 4820 1075 4895; x_wconf 87' lang='lat' dir='ltr'>septemtrionalem</span> <span class='ocrx_word' id='word_1_308' title='bbox 1106 4818 1207 4877; x_wconf 89' lang='lat' dir='ltr'>eundo</span> <span class='ocrx_word' id='word_1_309' title='bbox 1237 4819 1452 4892; x_wconf 81' lang='lat' dir='ltr'>&#39;pervenissent</span> <span class='ocrx_word' id='word_1_310' title='bbox 1471 4818 1510 4874; x_wconf 92' lang='lat' dir='ltr'>ad</span> <span class='ocrx_word' id='word_1_311' title='bbox 1601 4861 1603 4864; x_wconf 91' lang='lat'>.</span> 
     </span>
    </p>
   </div>
   <div class='ocr_carea' id='block_1_8' title="bbox 249 4924 1512 5108">
    <p class='ocr_par' dir='ltr' id='par_1_8' title="bbox 249 4924 1512 5108">
     <span class='ocr_line' id='line_1_39' title="bbox 249 4924 1510 5003; baseline -0.006 -15"><span class='ocrx_word' id='word_1_312' title='bbox 249 4929 408 5003; x_wconf 90' lang='lat' dir='ltr'>quoddam</span> <span class='ocrx_word' id='word_1_313' title='bbox 443 4935 568 5003; x_wconf 89' lang='lat' dir='ltr'>pratum</span> <span class='ocrx_word' id='word_1_314' title='bbox 600 4929 788 4986; x_wconf 90' lang='lat' dir='ltr'>Kouacheua</span> <span class='ocrx_word' id='word_1_315' title='bbox 817 4927 934 5000; x_wconf 88' lang='lat' dir='ltr'>lazyna,</span> <span class='ocrx_word' id='word_1_316' title='bbox 958 4925 1069 4984; x_wconf 89' lang='lat' dir='ltr'>deinde</span> <span class='ocrx_word' id='word_1_317' title='bbox 1092 4927 1303 5000; x_wconf 88' lang='lat' dir='ltr'>pervenissent</span> <span class='ocrx_word' id='word_1_318' title='bbox 1337 4924 1375 4981; x_wconf 91' lang='lat' dir='ltr'>ad</span> <span class='ocrx_word' id='word_1_319' title='bbox 1410 4925 1510 4981; x_wconf 90' lang='lat' dir='ltr'>lutum</span> 
     </span>
     <span class='ocr_line' id='line_1_40' title="bbox 249 5030 1512 5108; baseline -0.006 -15"><span class='ocrx_word' id='word_1_320' title='bbox 249 5051 398 5108; x_wconf 87' lang='lat' dir='ltr'>magnum</span> <span class='ocrx_word' id='word_1_321' title='bbox 422 5037 453 5093; x_wconf 93' lang='lat' dir='ltr'>in</span> <span class='ocrx_word' id='word_1_322' title='bbox 477 5034 634 5108; x_wconf 88' lang='lat' dir='ltr'>quoddam</span> <span class='ocrx_word' id='word_1_323' title='bbox 658 5034 765 5092; x_wconf 90' lang='lat' dir='ltr'>chreth</span> <span class='ocrx_word' id='word_1_324' title='bbox 789 5033 957 5106; x_wconf 86' lang='lat' dir='ltr'>Zeminyalr</span> <span class='ocrx_word' id='word_1_325' title='bbox 980 5033 1183 5107; x_wconf 89' lang='lat' dir='ltr'>appellatum,</span> <span class='ocrx_word' id='word_1_326' title='bbox 1204 5032 1316 5089; x_wconf 92' lang='lat' dir='ltr'>abhinc</span> <span class='ocrx_word' id='word_1_327' title='bbox 1339 5030 1439 5088; x_wconf 89' lang='lat' dir='ltr'>eundo</span> <span class='ocrx_word' id='word_1_328' title='bbox 1455 5045 1512 5103; x_wconf 92' lang='lat' dir='ltr'>per</span> 
     </span>
    </p>
   </div>
   <div class='ocr_carea' id='block_1_9' title="bbox 0 0 1916 5806">
    <p class='ocr_par' dir='ltr' id='par_1_9' title="bbox 0 0 1916 5806">
     <span class='ocr_line' id='line_1_41' title="bbox 0 0 1916 5806; baseline 0 1"><span class='ocrx_word' id='word_1_329' title='bbox 0 0 1916 5806; x_wconf 95' lang='lat' dir='ltr'> </span> 
     </span>
    </p>
   </div>
  </div>
 </body>
</html>
