3728 5806
377 523 438 576 270
796 506 872 565 Doc.
897 503 968 564 282.
996 540 1033 549 -
1058 505 1116 564 An.
1140 501 1230 583 1378.

374 704 492 761 octavis
523 705 553 760 in
595 704 710 762 eisdem
742 721 846 763 coram
877 706 968 764 nobis
998 721 1089 762 causa
1120 705 1150 762 in
1182 704 1333 777 premissa
1360 703 1455 760 finem
1486 703 1642 775 reoepturi

374 824 554 883 comparere
577 810 725 870 deberent
748 811 871 882 directe,
902 828 958 885 per
980 817 1139 868 anotatum
1165 815 1398 883 procuratorem
1426 807 1500 864 dicti
1522 807 1641 864 domini

374 917 513 990 episcopi
535 917 626 974 nobis
649 917 892 986 exhibebantur;
915 917 1087 990 prescripte
1103 923 1206 973 autem
1233 923 1337 988 partes
1362 914 1492 971 eandem
1514 927 1639 970 causam

374 1021 414 1078 ad
437 1027 562 1080 octavas
586 1021 656 1080 festi
680 1022 762 1080 beati
785 1023 894 1106 Jacobi
917 1023 1051 1098 apostoli
1082 1039 1163 1079 nunc
1194 1026 1340 1078 venturas
1363 1036 1420 1094 per
1441 1035 1497 1077 nos
1521 1019 1642 1076 differri

374 1129 584 1202 postulabant,
607 1144 666 1201 pro
689 1145 726 1186 eo
748 1129 788 1186 ad
811 1130 937 1188 easdem
960 1135 1085 1187 octavas
1108 1129 1204 1186 sancti
1227 1128 1337 1211 Jacobi
1360 1126 1508 1184 duximus
1530 1139 1642 1198 proro-

374 1235 451 1306 gari.
473 1234 648 1292 Voluerunt
678 1236 774 1292 eciam
806 1236 913 1292 eedem
945 1240 1058 1309 partes,
1088 1243 1123 1293 ut
1152 1234 1226 1292 dicti
1257 1233 1359 1303 iudex,
1391 1233 1485 1290 iurati
1508 1237 1537 1288 et
1558 1232 1643 1288 cives

374 1340 477 1413 ipsam
507 1355 632 1396 causam
664 1341 705 1398 ab
732 1340 849 1398 eisdem
872 1342 989 1398 octavis
1020 1358 1076 1398 nec
1106 1342 1218 1399 litteris
1249 1340 1416 1412 regalibus,
1444 1354 1501 1394 nec
1522 1337 1642 1409 regina·

375 1447 458 1504 libus
482 1448 534 1504 vel
557 1447 679 1504 racione
702 1447 854 1504 exercitus
877 1463 976 1520 neque
1001 1448 1106 1520 aliqua
1128 1447 1191 1504 alia
1214 1447 1324 1519 quavis
1340 1445 1460 1502 cautela
1476 1444 1641 1502 adinventa

374 1553 506 1611 ulterius
528 1554 626 1626 possit
648 1554 819 1627 prorogari.
842 1554 959 1610 Datum
984 1555 1014 1611 in
1037 1553 1207 1625 Vysegrad‚
1231 1558 1341 1610 octavo
1364 1551 1415 1609 die
1432 1551 1555 1608 termini
1570 1566 1643 1623 pre-

374 1660 479 1718 notati.
503 1658 592 1716 Anno
608 1659 726 1716 domini
749 1657 945 1716 MCCCLXX
967 1667 1085 1718 octavo.

465 1776 605 1841 Originale
624 1776 650 1826 iu
669 1776 767 1826 charta.
787 1775 817 1826 In
836 1776 935 1826 archiv.
955 1778 1035 1826 Acad.
1055 1776 1149 1827 Scieut.
1169 1777 1238 1828 Slav.
1257 1776 1350 1826 merid.

968 1991 1054 2055 282.

483 2115 560 2162 Anno
582 2115 655 2172 1378,
679 2123 717 2176 19.
737 2113 796 2163 mai.
816 2114 969 2178 Zagrabiae.

377 2241 483 2298 Pettns
508 2241 612 2298 anar
633 2241 732 2310 banus,
755 2243 851 2298 comiti
871 2249 899 2298 et
918 2243 1057 2300 indicibus
1086 2244 1221 2301 nobilium
1251 2245 1398 2302 comitatus
1429 2245 1577 2307 crisiensis.
1607 2251 1643 2300 ut

376 2347 410 2403 de
433 2347 556 2420 nefariis
579 2348 688 2404 actr'bns
710 2349 835 2404 Domnii
855 2349 995 2422 officialis¹
1013 2351 1136 2423 capituli
1156 2352 1271 2424 zugrab.
1296 2352 1403 2407 cibibus
1432 2350 1638 2408 Grechensibus

776 2455 867 2511 illatis
892 2456 1068 2527 investigent,
1084 2459 1235 2534 praeemit.

465 2599 572 2657 Petrus
596 2599 705 2669 Zudar‚
729 2600 817 2672 regni
840 2597 1003 2656 Sclauonie
1029 2601 1136 2658 banus.
1167 2601 1334 2659 Nobilibus
1361 2601 1438 2659 viris
1461 2602 1567 2658 comiti
1589 2599 1641 2656 vel

375 2705 551 2762 vicecomiti
573 2711 603 2761 el
626 2704 780 2762 iudicibus
803 2705 958 2763 nobilium
981 2707 1146 2764 comitatus
1169 2709 1330 2778 orbiensis,
1351 2706 1555 2764 dileccionem
1570 2722 1639 2764 cum

376 2811 482 2868 salute.
507 2811 620 2868 Dicunt
643 2812 733 2868 nobis
757 2811 858 2882 iudex,
891 2812 982 2869 iurati
1004 2818 1033 2869 et
1058 2814 1193 2870 universi
1217 2815 1300 2870 cives
1323 2815 1437 2871 montis
1460 2813 1642 2870 Grechensis

376 2918 465 2989 gravi
490 2923 519 2974 et
542 2917 736 2974 lamentabili
767 2933 837 2974 cum
871 2919 1005 2991 querela,
1039 2919 1122 2992 quod
1150 2919 1255 2992 Duym
1279 2919 1422 2977 officialis
1446 2918 1642 2976 dominorum

376 3024 415 3082 de
446 3024 584 3098 capitulo
614 3025 806 3096 zagrabiensi
837 3025 875 3082 de
906 3027 1033 3099 speciali
1063 3031 1211 3101 precepto
1241 3033 1271 3084 et
1293 3027 1441 3084 mandato
1463 3026 1644 3084 eorumdem

376 3130 584 3202 dominorum,
616 3129 693 3188 feria
724 3132 832 3203 quinta
862 3133 1006 3205 proxima
1036 3139 1107 3206 post
1134 3132 1248 3191 festum
1274 3134 1370 3190 sancti
1393 3132 1540 3191 Stanizlai
1564 3148 1643 3188 mar-

376 3237 452 3306 tiris,
483 3237 625 3309 proxime
656 3237 848 3310 preteritum,
879 3239 1024 3295 manibus
1053 3240 1181 3296 armatis
1212 3245 1241 3296 et
1272 3239 1478 3312 potenciariis,
1514 3253 1643 3296 unacum

376 3341 439 3398 suis
463 3341 679 3414 complicibus,
703 3342 884 3400 Pertoldum
908 3344 1010 3401 civem
1034 3344 1188 3402 dictorum
1210 3345 1326 3402 civium
1351 3346 1381 3402 in
1405 3345 1536 3418 publica
1551 3351 1643 3400 strata

376 3462 430 3503 seu
455 3448 506 3503 via
530 3447 561 3504 in
585 3448 739 3505 territorio
762 3448 860 3521 ipsius
890 3449 1023 3507 civitatis
1055 3450 1235 3522 insidiando,
1264 3449 1341 3507 dum
1363 3450 1447 3506 idem
1472 3449 1642 3520 Pertoldus‚

376 3553 453 3609 hora
481 3552 605 3625 quando
626 3553 664 3610 ad
688 3568 746 3610 ave
770 3555 867 3611 Maria
886 3555 1073 3627 pulsaretur,
1089 3572 1146 3629 per
1162 3557 1346 3628 peticionem
1362 3555 1482 3613 domini
1497 3556 1643 3639 Johaunis

377 3659 515 3715 canonici
530 3659 666 3716 albensis
696 3661 832 3732 ecclesie,
856 3667 949 3733 prout
972 3661 1055 3718 idem
1079 3661 1169 3718 Petro
1193 3661 1351 3718 sacerdote
1375 3667 1496 3719 rectore
1519 3663 1644 3718 ecclesie

376 3764 468 3820 beate
491 3765 685 3836 Margarethe
719 3766 848 3837 virginis
879 3765 917 3823 dc
948 3768 1098 3824 suburbio
1121 3767 1289 3825 Grechensi
1313 3773 1342 3824 et
1366 3769 1517 3840 magistro
1545 3769 1642 3833 Petro,

377 3869 444 3928 filio
460 3871 584 3929 Martini
601 3870 638 3928 de
654 3871 788 3943 Chechy,
805 3871 867 3929 fide
882 3888 937 3929 sua
954 3873 1117 3944 mediante,
1134 3872 1243 3930 eadem
1259 3888 1315 3930 suo
1331 3873 1425 3930 morlo
1441 3873 1645 3942 affirmasset,

378 3981 408 4033 et
440 3977 503 4048 qui,
536 3977 652 4035 scilicet
681 3977 852 4048 canonicus,
887 3984 981 4052 prout
1011 3981 1192 4052 peregrinus
1224 3986 1296 4037 tunc
1327 3981 1357 4036 in
1388 3979 1484 4037 domo
1508 3979 1645 4037 eiusdem

378 4083 516 4140 Pertoldi
546 4083 761 4156 descendisset,
793 4099 851 4157 pro
881 4085 1077 4159 apportando
1101 4087 1173 4142 vino
1196 4085 1236 4143 ad
1259 4086 1389 4143 domum
1413 4085 1540 4144 domine
1561 4087 1646 4168 Jalsa

378 4195 494 4260 vocate,
518 4192 634 4248 sororis
658 4191 796 4249 eiusdem
820 4192 966 4262 Pertoldi,
997 4193 1141 4250 similiter
1163 4193 1332 4250 concivisse
1354 4193 1496 4265 ipsorum
1521 4193 1644 4262 civium,

378 4297 563 4367 accessisset,
593 4302 753 4370 repertum
783 4298 998 4371 captivassent,
1029 4304 1225 4372 captumque,
1254 4299 1448 4366 wineratum‚
1476 4299 1645 4372 spoliatum

378 4407 408 4460 et
431 4403 599 4460 enormiter
622 4419 679 4476 per
702 4403 805 4476 ipsum
830 4404 933 4475 Duym
958 4405 1166 4476 verberatum,
1191 4404 1266 4462 diris
1289 4405 1351 4461 suis
1375 4405 1508 4461 vinculis
1532 4404 1645 4461 manci-

378 4513 489 4580 passet,
520 4524 613 4580 quern
645 4507 728 4566 idem
759 4509 872 4580 Duym,
904 4510 934 4566 in
965 4510 1116 4578 manibus,
1149 4509 1281 4584 pedibus
1304 4516 1334 4566 et
1360 4509 1443 4566 collo
1475 4509 1644 4568 distensum

378 4613 545 4670 crudeliter
568 4613 783 4672 tormentando
814 4631 870 4688 per
894 4615 1023 4672 modum
1054 4617 1153 4673 crucis
1184 4617 1330 4674 tenuisset
1360 4622 1389 4672 et
1417 4632 1500 4674 nuuc
1532 4623 1645 4674 teneret

378 4719 542 4790 alligatum
573 4721 658 4778 omni
682 4737 737 4778 sua
760 4722 824 4779 sinc
855 4722 957 4795 culpa,
989 4723 1092 4796 ipsum
1121 4722 1151 4779 in
1176 4727 1299 4780 centum
1323 4721 1445 4778 florenis
1476 4721 1644 4796 pactando;

378 4825 433 4882 lite
463 4831 567 4883 tamen
597 4829 675 4885 inter
707 4829 791 4901 ipsos
815 4827 958 4886 dominos
981 4827 1019 4885 de
1041 4828 1179 4901 capitulo
1202 4833 1233 4885 et
1255 4828 1337 4886 cives
1359 4826 1521 4900 pendente.
1546 4827 1644 4902 Super

378 4946 440 5002 quo
464 4937 599 4988 vestram
620 4933 814 4990 nobilitatem
831 4935 1026 5007 presentibus
1043 4933 1178 5007 petimus
1193 4933 1365 5006 diligenter,
1382 4939 1533 5006 quatenus
1550 4949 1643 4992 unum
