3600 5804
611 587 684 645 Doc.
709 597 775 664 217.
802 621 838 628 —
864 587 1034 666 An.1349.
1388 607 1445 670 19⁵

180 787 263 861 passi
287 786 441 857 iniuriam,
465 801 589 859 semper
611 791 715 844 tamen
739 787 847 860 previa
870 787 1001 844 racione.
1025 785 1116 859 Quod
1140 787 1166 844 si
1182 803 1220 844 ex
1236 785 1346 845 eodem
1362 788 1447 846 clero

180 893 249 964 quis
272 892 370 948 alium
394 908 432 948 ex
456 893 533 966 ipso,
557 891 651 948 modo
675 892 781 964 aliquo
805 908 842 949 ex
866 892 1035 964 premissis,
1058 891 1231 964 offenderit,
1254 909 1333 966 pene
1355 895 1447 952 unius

178 1014 281 1055 marce
304 1003 334 1054 et
354 1012 390 1054 se
414 996 581 1068 vindicans,
604 1003 639 1054 ut
662 997 842 1072 predicitur,
865 997 967 1055 medie
989 1013 1094 1054 marce
1117 1013 1153 1056 eo
1176 999 1246 1072 ipso
1272 999 1445 1070 subiaceat;

180 1119 314 1176 quarum
336 1105 454 1162 solucio
485 1105 552 1161 sive
583 1103 755 1161 satisfaccio
784 1103 822 1161 de
853 1103 970 1161 eisdem
1003 1103 1114 1161 debeat
1137 1103 1276 1178 expediri
1301 1105 1448 1164 modoet

179 1209 288 1268 ordine
310 1210 505 1284 supradictis
529 1210 626 1269 salvis
649 1225 774 1283 semper
803 1210 891 1283 penis
921 1209 991 1267 aliis
1022 1225 1040 1267 a
1070 1211 1137 1267 iure
1168 1209 1301 1285 proditis
1323 1212 1355 1270 in
1378 1228 1448 1286 pre-

178 1317 289 1374 missis.
312 1316 468 1374 Volumus
491 1322 604 1386 autem,
629 1322 662 1373 ut
685 1321 787 1373 custos
818 1317 979 1389 utriusque
1011 1315 1212 1374 ecclesiarum
1235 1317 1447 1391 predictarum

180 1423 353 1480 soluciones
377 1439 415 1480 ex
438 1423 606 1496 premissis,
630 1427 733 1480 nostre
761 1437 883 1479 camere
906 1421 1035 1494 debitas,
1058 1431 1164 1480 nostro
1188 1423 1312 1482 nomine
1336 1423 1448 1482 debeat

179 1529 217 1586 ad
241 1545 274 1586 se
298 1529 446 1604 recipere,
470 1527 677 1602 dispensando
701 1529 865 1602 pecuniam
898 1543 936 1584 ex
966 1528 1026 1585 hiis
1056 1529 1193 1586 solutam
1215 1545 1274 1602 pro
1296 1529 1447 1588 reforma·

179 1636 265 1692 cione
288 1635 445 1692 librorum
468 1636 520 1692 vel
543 1635 679 1693 aliorum
701 1635 881 1692 utensilium
906 1635 1045 1708 ipsamm
1061 1636 1260 1693 ecclesiarum
1284 1637 1370 1694 iuxta
1385 1636 1447 1695 ior·

177 1757 263 1799 mam
285 1742 384 1800 nostri
406 1741 553 1800 mandati.
576 1741 644 1798 Hoc
667 1747 757 1800 cauto
781 1747 811 1798 et
835 1755 990 1813 expresso
1007 1740 1091 1814 quod
1107 1742 1133 1798 si
1149 1742 1218 1814 quis
1242 1758 1279 1800 ex
1302 1743 1445 1816 superius

176 1847 354 1920 designatis,
378 1839 581 1906 'solucionem
611 1863 690 1923 pene
721 1861 816 1920 quarn
846 1845 989 1904 debuerit
1019 1845 1099 1906 infra
1130 1847 1195 1906 dies
1221 1849 1333 1921 viginti
1355 1865 1373 1906 a
1396 1849 1465 1918 die¹

177 1955 264 2012 illate
288 1955 399 2012 iniurie
421 1970 483 2012 non
506 1953 613 2012 fecerit
629 1969 665 2011 eo
681 1952 776 2011 modo
799 1959 833 2010 ut
853 1953 1031 2027 predicitur,
1056 1961 1167 2012 extunc
1190 1955 1323 2013 vicarius
1339 1963 1444 2014 noster

176 2065 317 2118 teneatur
339 2063 442 2135 ipsam
464 2062 656 2119 solucionem
679 2061 818 2135 plenarie
849 2065 1034 2133 extorquere
1064 2061 1104 2118 ab
1127 2061 1245 2132 eodem,
1269 2069 1299 2119 et
1322 2063 1448 2136 insuper

179 2167 276 2240 possit
300 2172 330 2224 et
353 2167 465 2226 debeat
487 2168 598 2241 punire
621 2166 800 2224 huiusmodi
831 2172 1046 2224 contumacem
1077 2168 1257 2240 quemlibet,
1285 2168 1445 2241 gravando

179 2288 253 2330 eum
275 2273 435 2332 solucione
458 2273 635 2346 pecuniaria
661 2273 712 2330 vel
743 2272 806 2329 alio
837 2271 940 2342 modo,
971 2277 1066 2347 prout
1092 2273 1152 2331 sibi
1175 2273 1334 2332 videbitur
1354 2289 1446 2348 expe·

177 2377 253 2436 dire.
276 2379 313 2436 Et
334 2384 369 2436 ut
391 2379 498 2436 nullus
521 2383 664 2452 pretextu
688 2379 864 2451 ignorancie
886 2395 918 2435 se
941 2379 1064 2436 racione
1087 2381 1312 2452 premissorum
1343 2381 1446 2438 valeat

177 2500 333 2557 excusare,
357 2491 516 2559 presentes
539 2485 570 2542 in
590 2485 659 2542 loco
683 2485 812 2559 publico
835 2485 1046 2543 sacristiamm
1068 2486 1278 2560 predictarum
1301 2487 1445 2544 ecclesia-

176 2605 249 2646 rum
272 2596 449 2648 nostrarum
471 2591 617 2648 iussimus
640 2590 776 2664 appendi
799 2607 857 2664 pro
881 2597 1021 2666 ternpore
1045 2599 1229 2666 opportuno.
1252 2593 1369 2650 Datum
1395 2592 1445 2650 die

177 2697 395 2754 terciodecimo
419 2697 534 2755 mensis
557 2697 673 2755 marcii.
700 2699 789 2755 Anno
813 2696 931 2765 domini
954 2697 1121 2755 MCCCXL
1143 2703 1260 2756 octavo.

267 2834 288 2882 E
306 2833 378 2884 libro
398 2835 562 2885 Statutorum
582 2833 693 2899 capituli
711 2833 897 2899 zagrabiensis,
917 2840 985 2899 part.
1005 2833 1050 2884 IV.
1071 2850 1090 2884 c.
1112 2833 1441 2900 xxv1.Joan.Tka1eie.

177 2921 247 2972 Mon
267 2921 326 2972 hist.
347 2922 426 2986 episc.
445 2923 550 2987 zagrab.
572 2921 605 2972 11.
623 2937 648 2986 p.
672 2932 727 2983 144

772 3207 853 3276 217.

284 3369 361 3416 Anno
383 3375 457 3428 1349,
476 3379 500 3428 9.
519 3365 593 3432 Julii.
613 3365 765 3432 Zagrabiae.

194 3491 357 3566 Capitulum
380 3494 497 3567 zagrab.
521 3495 743 3551 constitutionem
759 3494 870 3570 Jacobi
894 3496 1016 3570 episcopi
1036 3497 1153 3568 zagrab.
1178 3505 1278 3554 contra
1300 3497 1438 3570 litigiosos

412 3611 413 3615 ’
646 3601 746 3671 latam,
768 3603 974 3660 transsummit.

267 3761 329 3820 Nos
353 3762 526 3836 capitulum
554 3763 761 3836 zagrabiensis
788 3764 924 3822 ecclesie.
956 3763 1171 3837 Significamus
1192 3770 1298 3822 tenore
1321 3781 1445 3838 presen-

177 3869 259 3926 cium
282 3869 397 3942 quibus
419 3868 545 3942 expedit
561 3869 722 3940 universis,
739 3869 822 3943 quod
842 3885 921 3928 anno
937 3869 1055 3927 domini
1075 3869 1242 3927 MCCCXL
1260 3885 1349 3942 non0,
1366 3870 1443 3928 feria

179 3975 283 4046 quinta
300 3975 445 4048 proxima
459 3980 531 4048 post
545 3983 670 4032 octavas
686 3973 755 4033 festi
772 3975 935 4032 beatorum
952 3976 1033 4033 Petri
1057 3980 1086 4032 et
1109 3975 1198 4032 Pauli
1217 3977 1444 4051 apostolorum,

179 4079 369 4138 honorabilis
399 4081 449 4138 vir
477 4079 620 4138 dominus
649 4082 812 4164 Johannes
845 4081 1077 4139 archidiaconus
1109 4081 1147 4138 de
1178 4082 1327 4153 Guerche,
1362 4099 1443 4140 nunc

179 4185 304 4243 ecclesie
327 4191 432 4244 nostre
454 4187 526 4244 sede
557 4194 684 4245 vacante
713 4188 744 4244 in
767 4188 982 4262 spiritualibus
1004 4195 1034 4246 et
1058 4188 1283 4261 temporalibus
1309 4189 1443 4247 vicarius

179 4294 330 4363 generalis
359 4294 435 4351 iuris
467 4293 617 4352 beneficio
648 4310 704 4367 per
731 4309 786 4351 nos
810 4293 983 4368 deputatus,
1007 4295 1038 4351 in
1061 4294 1158 4351 nostri
1191 4295 1350 4367 presencia
1373 4309 1444 4368 per-

179 4402 325 4458 sonaliter
358 4401 540 4458 constitutus
570 4402 702 4458 anobis
729 4402 830 4474 peciit,
854 4407 1005 4474 quatenus
1029 4406 1167 4457 tenorem
1190 4399 1351 4457 cuiusdam
1374 4416 1444 4458 con-

179 4507 348 4565 stitucionis
371 4507 451 4564 edite
474 4514 503 4564 et
527 4507 725 4579 promulgate
755 4523 812 4580 per
836 4507 1047 4564 venerabilem
1071 4512 1192 4579 patrem
1216 4505 1378 4563 dominum
1393 4507 1444 4589 Ja-

180 4612 289 4670 cobum
313 4613 391 4670 olim
413 4612 540 4670 ecclesie
556 4618 659 4669 nostre
675 4613 857 4686 episcopum
873 4619 902 4670 et
919 4614 1075 4687 prelatum
1092 4612 1263 4669 faceremus
1278 4613 1443 4671 transcribi

180 4722 208 4774 et
229 4723 336 4776 nostro
359 4718 465 4790 sigillo
488 4719 668 4790 consignari.
692 4717 915 4791 Cuiusquidem
939 4725 1027 4776 tenor
1050 4719 1120 4776 talis
1141 4723 1201 4775 est:
1218 4711 1292 4796 (vid.
1308 4735 1354 4790 nr,
1374 4717 1442 4776 216.

181 4838 255 4881 anno
283 4825 376 4899 1348,
403 4839 449 4898 13.
473 4818 602 4901 marcii.)

265 4960 379 5010 Elibro
399 4945 697 5026 Statutorum'capituli
724 4961 908 5026 zagrabiensis,
931 4977 955 5026 p.
981 4961 1026 5010 IV.
1054 4976 1073 5009 c.
1102 4959 1204 5009 XXVI.
1230 4959 1304 5024 Joan.
1325 4957 1441 5011 Tkaleic'.

182 5045 246 5098 Mon.
265 5047 327 5098 hist.
347 5049 426 5114 episc.
446 5051 550 5115 zagrab.
571 5049 604 5100 ΙΙ.
627 5060 683 5112 144.

1325 5152 1339 5184 η
