3728 5806
348 539 408 614 328
435 561 439 568 ·
766 537 839 594 Doc.
858 547 932 613 352.
960 569 997 578 —
1023 536 1078 593 An.
1104 547 1191 611 1391.

348 735 541 792 decimarum
572 735 611 792 de
641 734 741 792 vineis
772 733 920 791 territorii
950 732 1012 790 vici
1043 731 1223 789 latinorum
1254 747 1289 788 ac
1320 731 1440 804 campis
1471 737 1502 788 et
1523 731 1614 788 terris

346 839 589 913 Bakanyapolya
618 847 648 896 et
679 838 793 911 Ztruga
824 839 991 912 appellatis
1022 839 1229 896 iuramentum
1254 837 1417 910 corporale
1440 838 1472 894 in
1496 837 1614 893 oetavis

346 946 416 1004 festi
440 945 668 1020 purificacionis
691 945 821 1016 virginis
844 945 978 1016 gloriose
1002 960 1082 1001 nunc
1106 944 1243 1000 venturis
1267 945 1297 1000 in
1321 943 1402 1000 dicta
1419 943 1614 1015 zagrabiensi

346 1053 474 1110 ecclesia
489 1067 594 1108 coram
611 1051 786 1108 testimonio
803 1055 916 1120 vestm,
934 1049 1016 1121 quod
1035 1065 1090 1122 per
1104 1064 1160 1106 vos
1172 1055 1301 1122 propter
1313 1050 1432 1106 bonurn
1446 1049 1530 1121 pacis
1545 1063 1614 1120 par-

346 1159 429 1215 cium
453 1157 664 1231 predictarum
684 1171 790 1214 amore
808 1157 981 1214 communis
997 1157 1116 1214 iusticie
1131 1155 1339 1213 amicabiliter
1356 1156 1472 1212 honore
1489 1169 1615 1226 semper

347 1279 409 1336 quo
433 1261 520 1320 decet
551 1263 705 1336 premisso
735 1263 904 1319 transmitti
934 1262 1097 1335 postulans
1127 1261 1374 1318 adiudicavimus
1409 1260 1476 1318 iore
1500 1260 1615 1332 deponi

346 1368 523 1426 debendum
546 1383 634 1424 more
658 1369 750 1424 solito
773 1368 804 1425 in
828 1368 944 1424 talibus
968 1367 1035 1424 fieri
1059 1373 1213 1424 consueto,
1243 1367 1301 1424 Pro
1324 1381 1361 1424 eo
1385 1375 1504 1423 vestras
1526 1380 1615 1421 reve-

345 1474 456 1532 rendas
479 1475 509 1531 in
534 1473 658 1530 Christo
681 1474 902 1531 honoraciones
926 1473 1121 1547 presentibus
1144 1479 1284 1546 petemus
1307 1473 1474 1530 affectuose
1498 1479 1527 1527 et
1543 1471 1615 1528 dili·

345 1587 459 1653 genter,
484 1587 634 1652 quatenus
658 1585 796 1636 vestrum
817 1579 946 1636 mittatis
963 1579 1120 1636 hominem
1137 1579 1176 1636 ad
1193 1579 1344 1653 premissa
1360 1593 1417 1651 pro
1436 1577 1615 1634 testimonio

346 1685 408 1742 fide
439 1685 578 1758 dignum,
610 1700 715 1742 coram
743 1701 805 1757 quo
829 1685 1014 1757 preallegati
1037 1685 1155 1742 domini
1179 1685 1218 1742 de
1241 1685 1323 1742 dicto
1347 1685 1485 1758 capitulo
1508 1698 1614 1755 zagra·

346 1793 452 1862 biensi,
476 1791 622 1848 videlicet
645 1789 707 1848 duo
730 1791 761 1848 in
784 1791 986 1863 dignitatibus
1010 1791 1101 1864 positi
1133 1797 1162 1848 et
1186 1791 1239 1846 alii
1263 1789 1324 1846 duo
1341 1789 1500 1862 simplices
1523 1804 1614 1845 cano·

346 1899 406 1956 uici
430 1898 621 1972 prebendati,
656 1905 789 1970 quatuor
813 1899 953 1970 ipsorum
977 1898 1159 1954 innumero
1183 1912 1321 1970 persone,
1345 1897 1421 1952 hora
1447 1897 1613 1952 terciarum

346 2020 457 2077 magne
481 2005 581 2076 misse,
605 2005 636 2061 in
659 2004 754 2060 choro
778 2004 1007 2076 suprapelliciis
1034 2003 1132 2060 induti
1163 2011 1194 2059 et
1224 2003 1337 2059 stolam
1368 2003 1399 2058 in
1422 2003 1505 2058 collo
1529 2002 1612 2058 etin

347 2110 491 2166 manibus
514 2115 667 2181 gestantes
691 2117 721 2165 et
744 2109 775 2165 in
799 2108 901 2165 stallis
925 2109 1061 2182 propriis
1077 2124 1170 2180 super
1187 2107 1302 2164 eisdem
1319 2107 1447 2164 decimis
1464 2107 1502 2163 de
1518 2107 1612 2163 Daui·

349 2213 442 2271 dolch
465 2230 501 2271 ac
524 2223 606 2272 recta
630 2222 660 2271 et
682 2214 786 2286 equali
810 2213 975 2271 medietate
998 2213 1189 2271 decimarum
1212 2215 1250 2271 de
1274 2215 1372 2271 vineis
1388 2215 1535 2271 territorii
1551 2214 1611 2270 vici

346 2321 548 2390 Latinorum;
567 2336 661 2393 super
685 2321 804 2394 campis
827 2327 930 2376 autem
954 2329 983 2376 et
1007 2321 1096 2378 terris
1120 2320 1359 2394 Bakanyapolya
1382 2329 1412 2376 et
1428 2319 1542 2391 Ztruga
1558 2334 1611 2375 vo·

345 2427 421 2484 catis
443 2427 475 2483 in
498 2425 576 2483 facie
599 2425 738 2483 eiusdem
762 2433 843 2483 terre
866 2425 1107 2499 Balronyapolya
1130 2433 1238 2484 vocate
1258 2427 1355 2483 semel
1371 2433 1491 2483 tantum
1509 2426 1610 2498 quoad

345 2533 455 2590 ambas
479 2532 647 2605 particulas
672 2537 824 2589 terrarum
857 2531 1066 2605 predictarum
1092 2524 1233 2610 (eisdem)
1257 2531 1391 2589 dominis
1414 2531 1453 2587 de
1476 2532 1613 2604 capitulo

346 2639 451 2695 valere
474 2647 504 2695 et
527 2638 699 2710 suffragare
734 2653 791 2710 pro
821 2653 866 2710 eo,
899 2639 972 2710 quia
1002 2654 1063 2695 uno
1094 2647 1124 2695 et
1150 2638 1260 2696 eodem
1292 2639 1342 2696 die
1365 2655 1459 2712 super
1482 2645 1612 2710 utraque

347 2745 501 2818 particula
532 2749 686 2801 terrarum
717 2743 928 2818 predictarum
959 2745 1062 2817 ipsum
1090 2746 1298 2802 iuramentum
1322 2744 1452 2802 comode
1475 2753 1613 2817 prestare

347 2857 377 2906 et
400 2849 555 2924 deponere
578 2865 639 2907 non
661 2855 796 2923 possent,
825 2851 1095 2923 iuramentumque
1119 2859 1252 2923 quatuor
1274 2851 1385 2907 talium
1410 2865 1612 2923 personarum

346 2955 484 3030 prefatas
515 2957 684 3030 particulas
715 2963 797 3012 terre
831 2965 962 3029 propter
992 2957 1132 3029 ipsarum
1163 2957 1364 3029 exiguitatem
1395 2964 1496 3029 potest
1530 2956 1612 3012 licite

346 3061 623 3136 comprehendere;
647 3062 792 3119 similiter
812 3061 874 3118 duo
897 3063 928 3119 in
952 3060 1166 3140 digni(tatibus
1189 3056 1295 3138 positi)
1318 3069 1348 3119 et
1371 3063 1425 3119 alii
1445 3062 1508 3118 duo
1524 3077 1612 3118 cano·

346 3170 407 3228 nici
430 3167 622 3242 prebendati,
647 3173 780 3240 quatuor
803 3169 944 3241 ipsorum
970 3183 1109 3228 numero.
1133 3170 1265 3242 cingulis
1289 3168 1455 3235 dissolutis,
1480 3168 1613 3242 pedibus

346 3275 546 3333 discalceatis.
570 3275 785 3346 capitibusque
806 3275 844 3332 de
861 3275 970 3332 eadem
985 3281 1068 3332 terra
1083 3283 1281 3349 apponentes,
1298 3274 1493 3332 decrevimus
1509 3275 1612 3348 ipsum

345 3382 554 3438 iuramentum
586 3379 687 3436 facere
719 3389 748 3438 et
777 3380 932 3454 deponere
967 3380 1099 3438 debeant
1130 3388 1160 3438 et
1193 3389 1362 3451 teneantur,
1397 3396 1433 3437 eo
1468 3379 1614 3437 videlicet

346 3485 450 3557 modo,
475 3485 559 3558 quod
583 3484 689 3542 eedem
715 3485 835 3543 decime
858 3485 897 3543 de
919 3485 1095 3544 Dauidolch
1119 3502 1154 3544 ac
1177 3493 1262 3544 recta
1281 3493 1313 3544 et
1328 3487 1447 3558 equalis
1463 3485 1613 3543 medietas

346 3591 537 3649 decimarum
569 3585 620 3668 (de
648 3591 747 3648 vineis
781 3585 940 3668 terrijtorii
971 3592 1031 3650 vici
1063 3592 1244 3650 Latinorum
1274 3609 1310 3649 ac
1341 3593 1445 3666 campi
1478 3599 1507 3650 et
1531 3600 1612 3649 terre

345 3695 587 3770 Bakanyapolya
617 3703 647 3753 et
678 3696 791 3768 Ztruga
822 3698 988 3771 appellate,
1020 3699 1096 3772 ipsis
1127 3699 1260 3756 dominis
1284 3698 1321 3755 de
1346 3699 1484 3772 capitulo
1507 3713 1611 3770 zagra-

348 3803 447 3860 biensi
477 3819 558 3860 nunc
589 3804 784 3875 presentibus
816 3805 969 3877 pertinere
1001 3805 1134 3862 debeant
1164 3813 1193 3863 et
1219 3807 1449 3863 successoribus
1473 3807 1613 3878 ipsorum

347 3909 385 3966 de
408 3909 474 3965 iure
497 3923 533 3965 ac
556 3907 655 3965 eciam
678 3908 948 3982 predecessoribus
965 3909 1148 3968 eorumdem
1171 3911 1374 3984 pertinuerint
1397 3911 1435 3968 de
1452 3913 1518 3969 iure
1542 3911 1614 3968 abs·

303 3991 308 4000 ’
345 4030 405 4088 que
428 4013 537 4072 fraude
559 4020 589 4072 et
612 4015 754 4087 ipsorum
776 4031 880 4073 mense
903 4017 1079 4090 capitulari,
1105 4023 1135 4074 et
1158 4018 1284 4089 posthec
1309 4019 1410 4090 ipsam
1434 4018 1614 4076 huiusmodi

345 4121 582 4178 iuramentalem
606 4115 848 4198 (deposicionem
871 4115 901 4198 a)
924 4123 1016 4180 robis
1039 4123 1071 4180 in
1094 4123 1206 4180 vestris
1223 4123 1333 4180 litteris
1349 4129 1480 4196 propter
1495 4124 1614 4180 bonurn

346 4227 431 4300 pacis
461 4225 610 4299 parcium,
634 4235 668 4284 ut
696 4227 875 4301 predicitur,
904 4228 1124 4301 predictarum,
1149 4228 1276 4286 domino
1307 4237 1411 4287 nostro
1441 4231 1507 4302 regi
1538 4229 1615 4287 fide-

345 4333 418 4392 liter
440 4337 470 4389 et
493 4332 583 4389 nobis
606 4333 735 4390 rescribi
766 4333 929 4392 humilime
962 4335 1165 4408 postulamus.
1186 4335 1303 4392 Datum
1325 4334 1485 4407 Zagrabie,
1509 4336 1539 4393 in
1562 4351 1616 4393 oc·

345 4441 425 4498 tavis
448 4438 517 4497 testi
548 4439 689 4496 omnium
720 4449 904 4500 sanctorum.
932 4443 1022 4500 Anno
1045 4441 1164 4500 domini
1188 4442 1357 4499 millesimo
1379 4441 1457 4498 CCC
1480 4457 1615 4516 nonage-

346 4547 427 4604 simo
454 4546 565 4619 primo.

432 4681 454 4730 E
477 4687 642 4746 transumpto
667 4681 745 4748 capit.
771 4682 951 4746 quinqueeccl.
972 4699 1039 4733 anuo
1068 4693 1141 4746 1392.
1167 4683 1197 4734 In
1217 4684 1286 4733 arch.
1313 4683 1428 4749 archiep.
1451 4683 1609 4740 Decimalia,

345 4769 407 4820 fasc.
430 4769 450 4820 1.
469 4785 508 4820 nr.
529 4777 552 4824 7.
