3824 5806
407 531 466 605 368
822 531 898 588 *Dae
915 526 991 607 385.
1019 565 1055 573 -
1081 531 1136 607 An
1161 545 1249 609 1395.

405 729 443 786 ad
461 730 562 804 ipsam
578 731 782 792 lomnicham
805 736 1004 805 spectantem,
1021 731 1115 790 iidem
1131 739 1249 790 actores
1276 733 1423 791 hactenus
1445 732 1673 808 reambulando

405 835 443 893 ad
477 838 702 914 possessionem
733 852 842 894 eorum
870 837 1034 896 Petrouina
1064 838 1235 912 predictam
1266 844 1466 912 occupassent
1498 843 1528 895 et
1557 839 1671 911 reapli-

406 949 532 1012 cassem,
556 943 746 1016 demumque
770 943 865 1001 iidem
888 943 1032 1001 similiter
1055 948 1157 1001 vester
1178 952 1209 1000 et
1232 950 1335 1002 noster
1350 945 1490 1002 homines
1506 959 1564 1017 pro
1580 949 1670 1018 parte

405 1047 560 1106 dictorum
583 1049 614 1107 in
638 1065 762 1107 causam
785 1055 973 1106 atractorum
995 1049 1032 1106 ad
1051 1049 1202 1122 premissa
1217 1055 1247 1108 et
1263 1048 1458 1123 infrascripta
1472 1049 1670 1124 perficienda

403 1161 437 1210 ut
459 1153 637 1228 predicitur,
662 1155 812 1224 destinati,
841 1154 951 1212 exinde
974 1155 1013 1212 ad
1036 1170 1091 1214 nos
1114 1157 1230 1214 reversi
1254 1157 1343 1214 nobis
1366 1171 1500 1214 consona
1523 1171 1599 1213 voce
1622 1173 1670 1212 re-

405 1259 550 1331 tulerunt,
574 1260 657 1334 quod
681 1261 740 1336 ipsi
764 1267 874 1318 octavo
897 1259 947 1318 die
970 1260 1044 1318 dicti
1075 1259 1144 1318 festi
1176 1262 1257 1319 beati
1286 1263 1410 1319 Martini
1433 1261 1618 1320 confessoris
1639 1269 1671 1318 et

404 1365 473 1422 aliis
496 1365 606 1424 diebus
629 1366 669 1424 ad
692 1367 724 1424 id
746 1368 827 1441 aptis
850 1382 982 1424 unacum
1008 1365 1134 1440 prelatis
1164 1373 1268 1426 vestro
1299 1375 1329 1424 et
1360 1373 1466 1425 nostro
1490 1367 1669 1425 hominibus

406 1486 463 1545 pro
487 1471 563 1546 ipsis
585 1473 741 1530 actoribus
772 1472 811 1529 ad
843 1472 951 1530 eadem
983 1471 1122 1530 facienda
1154 1474 1342 1532 transmissis
1372 1473 1410 1530 ad
1445 1472 1557 1531 faciem
1589 1472 1671 1530 dicte

402 1578 604 1650 possessionis
627 1577 797 1635 Lomniclra
827 1583 942 1649 vocate,
974 1579 1083 1636 vicinis
1114 1585 1145 1637 et
1175 1581 1394 1638 commetaneis
1424 1581 1488 1638 suis
1516 1580 1671 1636 universis

403 1683 480 1742 inibi
504 1683 655 1755 legittime
677 1683 853 1741 convocatis
877 1689 906 1740 et
929 1685 1071 1758 partibus
1094 1687 1289 1759 presentibus
1311 1687 1516 1756 accessissent,
1540 1691 1570 1742 et
1598 1701 1669 1742 ean·

406 1787 478 1844 dem
502 1789 726 1862 possessionem
750 1789 904 1846 dictorum
929 1789 960 1848 in
983 1805 1106 1848 causam
1136 1796 1336 1850 attractorum
1364 1792 1533 1850 Lomnicha
1556 1808 1670 1849 nuncu·

406 1899 512 1970 patam
536 1912 593 1969 per
616 1901 713 1952 metas
737 1901 767 1953 et
790 1912 897 1954 cursus
921 1898 1049 1956 metales
1065 1899 1150 1956 iuxta
1165 1897 1465 1958 demonstracionem
1488 1898 1670 1956 eorumdem

408 2003 439 2059 in
464 2017 589 2080 causam
618 2007 820 2060 attractorum
844 2018 862 2060 a
885 2009 973 2077 parte
1000 2006 1201 2078 possessionis
1224 2005 1379 2064 dictorum
1402 2011 1543 2064 actorum
1566 2006 1671 2064 Petro

408 2108 480 2164 uina
496 2108 653 2182 appellate
669 2108 773 2166 taliter
788 2109 1051 2168 reambulassent:
1067 2110 1151 2183 quod
1167 2112 1271 2184 primo
1287 2112 1471 2186 incepissent
1486 2113 1517 2170 in
1533 2111 1670 2185 quodam

407 2212 502 2271 lluvio
526 2213 686 2272 Chemech
710 2221 821 2272 vocato
843 2215 924 2272 circa
947 2217 1083 2289 stipitem
1101 2216 1187 2290 topol
1212 2223 1355 2274 vocatam
1377 2223 1407 2274 et
1423 2219 1486 2276 exit
1501 2233 1558 2290 per
1573 2232 1669 2290 quan-

406 2319 479 2376 dam
511 2321 690 2378 valliculam
715 2327 745 2378 et
769 2323 853 2378 venit
884 2322 968 2378 iuxta
999 2323 1160 2380 ecclesiam
1188 2324 1387 2382 sanctiPetri
1410 2333 1441 2382 et
1464 2323 1669 2398 pervenitad

408 2423 537 2482 ssuvium
562 2425 762 2499 Lipouchyna
786 2433 939 2498 vocatum,
970 2429 998 2485 in
1024 2443 1086 2501 quo
1109 2429 1186 2486 iacet
1210 2435 1240 2486 et
1262 2429 1401 2487 decurrit
1423 2429 1582 2503 quoddam
1604 2445 1672 2486 mo-

407 2531 568 2588 lendinum
592 2531 630 2588 de
653 2531 825 2604 Petrouina,
856 2533 968 2590 abhinc
999 2534 1184 2592 transeundo
1211 2551 1269 2608 per
1296 2535 1428 2593 eundem
1460 2534 1591 2592 fluvium
1614 2551 1672 2608 per

407 2636 564 2694 modicum
589 2639 728 2712 spacium
753 2654 860 2695 versus
889 2639 1060 2711 meridiem,
1085 2646 1115 2697 et
1138 2639 1176 2697 de
1199 2640 1308 2698 eodem
1333 2641 1427 2699 iluvio
1450 2640 1590 2699 exeundo
1613 2656 1672 2713 per

406 2741 564 2813 quoddam
588 2757 721 2814 parvum
746 2741 895 2800 fossatum
919 2743 959 2800 ad
982 2751 1102 2818 partem
1119 2746 1301 2804 orientalem
1321 2753 1350 2804 et
1373 2747 1455 2804 cadit
1475 2747 1507 2803 in
1529 2746 1670 2808 rivulum

407 2846 566 2904 Chemech
598 2849 793 2922 appellatum
824 2857 853 2906 et
877 2849 915 2907 de
938 2850 1047 2908 eodem
1079 2851 1174 2909 ssuvio
1202 2869 1256 2910 seu
1283 2853 1387 2910 rivulo
1410 2853 1473 2909 exit
1497 2867 1670 2924 perunum

406 2951 556 3010 fossatum
579 2959 609 3011 et
633 2955 716 3012 venit
739 2955 888 3013 adunam
907 2957 989 3014 viam
1005 2958 1166 3032 publicam
1183 2975 1289 3018 versus
1311 2958 1521 3016 Krauarzlram
1537 2963 1671 3027 euntem,

406 3064 436 3114 et
459 3060 599 3132 pervenit
622 3059 662 3117 ad
685 3061 842 3132 quandam
866 3062 1004 3120 Mlakam
1035 3080 1090 3138 per
1122 3066 1239 3122 bonum
1271 3066 1420 3138 spacium,
1444 3071 1474 3122 et
1498 3063 1671 3122 abeodem

408 3163 511 3222 Mlaka
534 3165 719 3224 transeundo
744 3169 947 3240 pervenitad
972 3185 1065 3227 unam
1095 3172 1240 3228 arborem
1271 3171 1357 3242 tolla,
1382 3171 1591 3244 Podgorelech
1617 3185 1672 3227 vo·

408 3276 517 3344 catam,
539 3287 690 3344 cruceque
713 3274 874 3346 signatam,
898 3275 968 3332 inde
989 3276 1175 3335 transeundo
1199 3294 1255 3351 per
1278 3278 1395 3336 bonurn
1418 3278 1559 3352 spacium
1587 3277 1673 3334 venit

406 3375 447 3432 ad
467 3390 560 3433 unam
584 3378 666 3434 viam
684 3379 851 3452 publicam,
868 3397 928 3453 que
943 3381 1025 3439 cadit
1040 3382 1071 3439 in
1094 3383 1262 3455 quemdam
1286 3383 1424 3441 rivulum
1444 3383 1672 3453 Hramecbinye

407 3489 625 3556 nuncupatum.
649 3484 686 3541 Et
709 3484 785 3542 dum
801 3485 894 3543 iidem
911 3487 1079 3546 secundum
1096 3490 1301 3547 ostensionem
1316 3489 1472 3548 dictorum
1495 3491 1525 3547 in
1545 3503 1671 3546 causam

406 3591 610 3645 attractorum
633 3589 709 3647 locis
732 3591 871 3648 eiusdem
901 3594 1104 3666 possessionis
1134 3595 1312 3667 Lomnycha
1342 3597 1452 3653 revisis
1482 3601 1512 3652 et
1542 3596 1670 3665 intuitis

407 3692 514 3750 eadem
541 3694 608 3751 loca
631 3696 726 3768 signis
750 3697 916 3755 metalibus
933 3701 1121 3772 consignare,
1145 3702 1307 3774 ipsamque
1331 3703 1555 3775 possessionem
1580 3701 1672 3757 Lom-

406 3799 496 3875 nicha
519 3800 635 3858 eisdem
660 3802 689 3859 in
713 3818 837 3860 causam
857 3806 994 3862 attractis
1012 3821 1048 3863 eo
1064 3807 1138 3877 iure,
1156 3823 1218 3880 quo
1234 3808 1309 3880 ipsis
1324 3807 1493 3864 dinoscitur
1515 3807 1669 3880 pertinere

407 3911 539 3962 statuere
562 3907 730 3965 voluissent
755 3909 981 3982 possidendam,
999 3927 1073 3969 mox
1089 3911 1201 3986 prelati
1218 3919 1335 3970 actores
1356 3913 1533 3971 huiusmodi
1552 3928 1671 3986 posses·

406 4011 537 4068 sionarie
561 4013 811 4084 reambulacioni,
829 4023 982 4073 metarum
998 4019 1147 4076 ereccioni
1171 4026 1199 4076 et
1220 4020 1381 4077 statucioni
1403 4019 1520 4076 eisdem
1537 4020 1567 4077 in
1583 4013 1667 4096 (cau-

407 4131 473 4172 sam
497 4110 647 4194 attractis)
671 4121 935 4194 contradixissent,
965 4124 1139 4194 asserend0,
1171 4125 1252 4198 quod
1286 4127 1455 4182 maximam
1480 4126 1666 4198 particulam

407 4227 487 4280 terre
518 4223 658 4296 ipsorum
689 4233 828 4285 actorum
860 4228 899 4286 ad
931 4230 1032 4303 ipsam
1063 4232 1287 4304 possessionem
1316 4225 1493 4310 Pe(trouina
1515 4225 1672 4307 vocatam)

406 4327 501 4386 iidem
525 4329 554 4386 in
579 4345 703 4388 causam
726 4335 834 4392 atracti
853 4336 897 4392 sic
917 4337 1144 4395 reambulando
1159 4337 1196 4396 ad
1213 4339 1438 4412 possessionem
1455 4353 1561 4395 eorum
1579 4337 1673 4394 Lom-

406 4435 505 4505 nycha
529 4435 701 4508 predictam
733 4451 933 4513 occupassent
956 4447 987 4500 et
1009 4445 1260 4518 reapplicassent,
1284 4449 1449 4517 propterea
1465 4444 1546 4500 dicta
1564 4445 1672 4516 porcio

409 4543 649 4614 possessionarie
683 4545 834 4621 partibus,
865 4549 908 4605 sic
940 4555 974 4606 ut
1004 4552 1202 4623 premittitur,
1234 4552 1313 4608 inter
1346 4567 1378 4607 se
1410 4550 1669 4620 discordantibus,

406 4644 445 4701 ad
470 4646 528 4703 tria
551 4649 668 4705 scilicet
691 4655 793 4707 aratra
815 4667 847 4708 se
869 4654 1035 4711 extendens
1052 4657 1083 4713 in
1100 4657 1153 4713 lite
1168 4656 1372 4714 remansisset.
1397 4655 1429 4712 ln
1453 4655 1669 4728 cuiusquidem

406 4752 540 4823 litigiose
572 4755 726 4828 porcionis
757 4759 996 4829 possessionarie
1028 4760 1113 4832 facie,
1146 4761 1282 4835 quedam
1313 4762 1441 4819 ecclesia
1470 4767 1593 4818 murata
1617 4777 1670 4818 seu

406 4857 530 4930 lapidea
553 4860 690 4930 ligneum
722 4861 840 4920 habens
870 4865 1079 4938 pigmenium,
1100 4870 1223 4926 nomine
1256 4869 1351 4926 sancti
1385 4868 1473 4935 Petri,
1497 4873 1576 4924 esset
1600 4883 1671 4925 con·

406 4968 530 5024 structa.
553 4965 586 5022 ln
610 4983 670 5038 qua
694 4969 791 5024 eciam
813 4973 1054 5042 possessionarie
1076 4975 1222 5046 porcione
1238 4974 1345 5032 decem
1362 4973 1540 5046 iobagioncs
1564 4981 1594 5030 et
1610 4990 1670 5030 una
