3600 5804
357 558 417 614 226
778 555 850 612 Doc.
874 568 944 630 243.
972 586 1009 596 -
1035 554 1091 611 An.
1115 548 1203 628 1361.

354 754 577 827 premissorum
609 754 782 810 litterarum
813 751 967 824 regalium
997 765 1145 823 generose
1171 750 1272 808 eidem
1304 750 1441 824 capitulo
1463 764 1616 808 concessa·

353 875 424 914 rum
455 858 494 915 de
525 859 642 915 eisdem
673 857 872 916 dominorum
902 857 985 929 regis
1017 865 1047 914 et
1077 857 1182 929 regine
1214 857 1372 914 voluntate
1403 863 1434 913 et
1464 870 1617 924 consensu,

353 969 417 1021 tam
445 979 504 1037 pro
536 971 623 1038 parte
650 969 762 1035 nostra,
790 978 886 1037 quam
912 977 970 1037 pro
998 968 1086 1037 parte
1116 961 1327 1035 predictorum
1358 963 1475 1020 civium
1505 969 1534 1018 et
1565 962 1618 1018 ho·

354 1070 471 1142 spitum
496 1070 534 1126 de
557 1069 660 1127 Grech
676 1069 876 1127 solummodo
906 1069 937 1126 in
961 1069 1029 1143 ipso
1053 1069 1185 1126 articulo
1208 1069 1385 1142 calumpnie
1407 1075 1438 1124 et
1461 1069 1526 1125 eius
1551 1083 1619 1138 gra-

353 1177 540 1246 vaminibus,
561 1176 692 1233 nexibus
719 1181 749 1232 et
776 1175 943 1232 honeribus
967 1174 1128 1248 expeditos
1151 1175 1274 1248 penitus
1301 1181 1330 1231 et
1357 1190 1413 1248 per
1435 1175 1540 1231 omnia
1565 1175 1620 1230 ab·

354 1281 472 1338 solutos
507 1279 700 1337 reddidimus
736 1287 767 1338 et
793 1281 1015 1352 commisimus,
1046 1295 1120 1352 ymo
1149 1280 1310 1338 reddimus
1339 1286 1369 1338 et
1398 1281 1620 1337 committimus

354 1387 549 1458 presencium
573 1387 652 1444 serie
675 1386 846 1456 mediante;
869 1384 1016 1459 predictis
1040 1392 1145 1444 autem
1167 1385 1270 1455 iudici,
1294 1386 1400 1444 iuratis
1421 1392 1452 1442 et
1467 1386 1618 1442 universis

354 1491 475 1548 civibus
499 1497 529 1548 et
553 1491 729 1565 hospitibus
753 1489 832 1548 dicte
849 1491 982 1548 civitatis
1005 1489 1189 1549 Grecbensis
1206 1506 1376 1564 eorumque
1392 1492 1620 1549 successoribus

354 1598 535 1654 auctoritate
558 1594 727 1654 eorundem
760 1595 958 1654 dominorum
989 1597 1070 1668 regis
1093 1602 1123 1653 et
1146 1597 1251 1669 regine
1273 1612 1310 1653 ac
1331 1603 1437 1654 nostra
1460 1595 1617 1654 iudiciaria

354 1709 504 1776 potestate
528 1704 559 1760 in
582 1703 734 1777 premisso
766 1701 966 1760 solummodo
999 1702 1177 1776 calumpnie
1205 1702 1336 1760 articulo
1366 1703 1429 1760 iam
1457 1704 1560 1777 sopito
1582 1720 1618 1760 ex

353 1824 434 1864 nunc
455 1813 643 1881 perpetuum
666 1808 829 1865 silencium
852 1806 999 1864 duximus
1023 1807 1257 1881 imponendum.
1281 1807 1342 1866 Sed
1365 1809 1438 1882 quia
1454 1809 1515 1882 ipsi
1535 1809 1617 1866 ciues

355 1920 384 1970 et
408 1914 546 1986 hospites
571 1912 762 1971 Grecbenses
785 1914 815 1970 in
841 1918 905 1970 tam
929 1913 1076 1985 longinka
1104 1914 1166 1972 litis
1196 1915 1400 1972 ventilacione
1424 1921 1453 1972 et
1476 1930 1620 1989 prosecu-

327 2019 442 2088 ,cione
465 2018 602 2091 predicte
633 2033 723 2074 cause
753 2019 886 2074 maiores
918 2018 1042 2090 labores
1072 2021 1213 2094 perpessi
1242 2021 1386 2092 extitisse,
1418 2020 1622 2094 copiososque

354 2140 560 2198 expensarum
584 2129 727 2197 sumptus
750 2122 858 2180 iecisse
888 2122 1136 2198 dinoscebantur,
1167 2125 1237 2184 ideo
1260 2126 1298 2183 de
1325 2126 1471 2184 mandato
1495 2133 1525 2183 et
1549 2143 1618 2200 pre·

354 2237 443 2303 cepto
463 2230 674 2302 predictorum
698 2229 896 2287 dominorum
919 2231 1002 2303 regis
1025 2237 1055 2290 et
1077 2233 1183 2304 regine
1197 2233 1410 2290 commisimus
1429 2239 1460 2289 et
1476 2233 1621 2290 commit·

354 2335 457 2406 timus
482 2341 515 2392 ut
537 2335 620 2392 idem
634 2335 805 2409 capitulum
823 2335 951 2393 ecclesie
967 2337 1174 2408 zagrabiensis
1189 2337 1306 2395 eisdem
1323 2339 1445 2396 civibus
1461 2337 1500 2395 de
1517 2337 1620 2396 Grech

354 2442 577 2514 quinquaginta
609 2457 728 2498 marcas
759 2441 913 2498 budenses
944 2442 975 2498 in
1004 2443 1160 2517 promptis
1190 2443 1333 2512 denariis
1364 2443 1562 2501 medietatem
1590 2445 1621 2501 in

352 2548 470 2605 octavis
493 2547 562 2604 festi
586 2547 669 2604 beati
691 2547 799 2628 Jacobi
822 2547 957 2621 apostoli
978 2554 1008 2604 et
1030 2547 1229 2606 medietatem
1254 2549 1284 2606 in
1306 2549 1423 2606 octavis
1448 2547 1519 2606 festi
1535 2549 1619 2606 beati

353 2654 523 2725 Mychaelis
547 2653 725 2725 archangeli
749 2659 820 2727 post
843 2669 909 2710 sese
931 2661 1153 2728 consequenter
1183 2657 1416 2713 occurrentibus
1440 2656 1621 2728 persoluere

353 2764 513 2815 teneantur
536 2773 641 2815 coram
672 2759 770 2829 nobis,
801 2774 914 2832 penam
945 2759 1035 2833 dupli
1066 2760 1219 2818 incursuri
1247 2761 1273 2818 si
1306 2761 1443 2832 aliquem
1466 2759 1624 2818 dictorum

353 2864 557 2920 terminorum
581 2864 764 2920 obmiserint
786 2864 817 2920 in
841 2865 999 2922 solvendo.
1016 2866 1049 2923 ln
1065 2867 1152 2923 cuius
1167 2867 1212 2924 rei
1229 2867 1439 2924 testimonium
1462 2874 1622 2939 presentes

353 2971 472 3026 litteras
495 2975 616 3026 nostras
640 2970 853 3043 privilegiales
876 2971 1037 3044 pendentis
1061 2980 1091 3028 et
1113 2974 1258 3030 autentici
1281 2973 1378 3045 sigilli
1400 2973 1499 3030 nostri
1522 2974 1622 3030 muni-

354 3076 437 3133 mine
453 3077 616 3134 roboratas
632 3075 732 3134 eidem
749 3078 887 3150 capitulo
902 3079 1095 3150 zagrabiensi
1111 3079 1258 3136 duximus
1273 3077 1492 3136 concedendas.
1505 3078 1621 3137 Datum

354 3183 385 3239 in
400 3182 600 3254 Wyssegrad,
625 3183 777 3255 vigesimo
801 3183 851 3241 die
862 3191 1044 3242 octavarum
1061 3185 1122 3244 diei
1138 3187 1277 3243 cinerum
1292 3185 1512 3259 predictarum.
1531 3190 1621 3244 Anno

354 3284 472 3350 doniini
496 3287 605 3345 MCCC
628 3289 820 3360 sexagesimo
844 3291 954 3362 primo.

442 3422 464 3470 E
477 3427 642 3486 transumpto
656 3421 787 3472 Ludovici
800 3421 872 3488 regis
885 3423 1040 3488 Hungariae
1053 3439 1120 3475 anno
1137 3426 1210 3484 1361.
1224 3425 1254 3475 In
1267 3426 1337 3475 arch.
1352 3397 1408 3476 ven..
1422 3427 1501 3491 capit.
1515 3430 1620 3494 zagrab.

353 3509 414 3560 fasc.
435 3522 476 3571 24.
496 3526 535 3559 nr.
554 3524 578 3572 4.

931 3725 1020 3791 243.

460 3884 536 3932 Anno
558 3883 631 3941 1361,
651 3882 674 3931 6.
694 3881 816 3947 Augusti.
836 3883 989 3948 Zagrabiae.

354 4007 517 4066 ludovicus
539 4011 716 4082 Hungariue
746 4018 792 4068 etc.
824 4029 887 4080 rex,
917 4012 1083 4067 senteutiam
1105 4011 1257 4087 johannis
1284 4013 1439 4083 tooarm'ci,
1462 4033 1521 4088 qua
1544 4016 1621 4088 cupi-

354 4117 444 4172 tulum
460 4115 576 4186 zogrob.
594 4135 613 4171 a
625 4117 799 4188 gravamine
814 4117 983 4186 calumniae,
999 4117 1029 4172 in
1045 4133 1133 4174 causa
1153 4125 1253 4175 contra
1268 4119 1410 4176 ciuitatem
1432 4118 1621 4178 Grecbensem

668 4240 754 4296 quum
778 4222 888 4294 agebat,
912 4222 1078 4294 absnlmher,
1101 4231 1198 4280 ratam
1221 4225 1311 4282 habet.

441 4366 614 4424 Lodouicus
637 4365 687 4424 dei
710 4369 813 4440 gracia
833 4384 889 4424 rex
905 4367 1070 4440 Hungarie‚
1088 4369 1257 4440 Dalmacie,
1274 4369 1410 4441 Croacie,
1426 4371 1533 4443 Rame,
1552 4371 1620 4430 Ser-

353 4472 411 4542 uie,
436 4471 576 4542 Gallicie,
599 4473 792 4544 Lodomerie,
816 4473 965 4531 Cumania
997 4473 1202 4548 Bulgarieque
1225 4492 1288 4547 rex,
1313 4476 1458 4550 princeps
1486 4476 1619 4536 Salerni·

354 4583 443 4636 tanus
466 4584 496 4634 et
519 4578 653 4636 Honoris
676 4571 735 4656 (ac)
759 4580 873 4636 montis
897 4580 993 4637 sancti
1016 4580 1128 4652 Angeli
1152 4579 1304 4638 dominus
1326 4581 1480 4639 Omnibus
1504 4583 1617 4641 Christi

353 4683 500 4742 fidelibus
516 4685 710 4758 presentibus
727 4686 844 4759 pariter
859 4691 888 4742 et
905 4684 1016 4744 futuris
1032 4687 1226 4759 presencium
1243 4688 1388 4745 noticiam
1405 4689 1558 4746 habituris
1573 4705 1618 4746 sa-

354 4791 452 4848 lutem
475 4791 507 4848 in
529 4792 669 4849 omnium
693 4793 855 4849 salvatore.
889 4792 934 4848 De
965 4792 1158 4862 singulorum
1190 4793 1368 4867 provisione
1395 4795 1461 4852 sive
1486 4795 1617 4852 comodo

353 4897 487 4967 solliciti,
510 4897 590 4955 circa
614 4905 750 4954 sanctam
775 4903 906 4954 matrem
930 4897 1104 4968 ecclesiam,
1126 4914 1220 4971 quam
1243 4899 1328 4956 cultu
1346 4915 1532 4958 veneramur
1547 4918 1614 4975 pre-

354 4991 454 5076 cipu0,
478 5019 585 5060 curam
608 5003 757 5060 debemus
780 5003 960 5076 impendere
983 5003 1158 5076 specialem,
1182 5011 1215 5062 ut
1240 5005 1270 5062 in
1294 5021 1329 5062 ea
1345 5005 1403 5064 deo
1433 5006 1616 5065 famulantes
