3728 5806
614 549 688 608 Doc.
709 544 782 627 264.
809 581 847 592 —
872 549 928 606 An.
952 558 1037 625 1377.
1393 561 1452 615 25⁵

185 753 294 806 minen
317 747 441 806 easdem
472 747 511 805 de
542 749 641 806 verbo
672 747 711 806 ad
741 748 874 806 verbum
906 749 1069 806 transcribi
1093 753 1123 806 et
1147 748 1336 822 appensione
1358 747 1455 804 nostri

185 855 286 926 sigilli
307 855 383 912 novi
406 853 535 912 fecimus
558 855 753 912 communiri.
777 854 894 911 Datum
917 860 1028 912 octavo
1052 852 1102 910 die
1126 851 1195 910 festi
1215 853 1355 910 omniurn
1371 867 1457 909 sanc-

186 967 301 1018 torum.
326 961 416 1018 Anno
438 960 556 1018 domini
580 962 750 1019 millesimo
772 961 987 1018 tercentesimo
1010 960 1239 1032 septuagesimo
1262 965 1357 1017 sexto.

279 1095 420 1160 Originale
448 1095 474 1145 in
498 1096 655 1146 membrana.
682 1095 712 1146 In
735 1095 844 1146 archivo
869 1095 944 1160 regni
965 1095 1037 1145 CSD.
1065 1097 1121 1143 Act.
1142 1099 1259 1144 convent.
1287 1093 1456 1144 Remetensis.

186 1181 251 1232 fasc.
273 1193 294 1232 1.
316 1199 354 1233 nr.
375 1193 397 1242 3.

780 1399 870 1466 264.

296 1543 373 1590 Anno
395 1547 469 1600 1377.
489 1551 529 1590 22.
549 1540 651 1606 aprilis.
674 1541 827 1605 Zagrabiae.

187 1669 241 1725 Fr.
264 1677 417 1726 conventus
438 1688 460 1727 s.
485 1669 613 1740 Mcolue',
636 1670 695 1726 ortt.
713 1669 941 1738 predicabatur,
965 1670 1076 1742 legatas
1090 1668 1232 1726 silidam
1248 1669 1355 1730 rubeas.
1372 1668 1457 1725 Dra·

350 1777 470 1848 goslauo
493 1777 551 1834 cini
578 1776 742 1845 Grechensrss
765 1783 841 1834 (crta
864 1776 916 1833 sub
937 1776 1108 1848 obligatione
1130 1776 1288 1850 conferunt.

280 1921 345 1978 Nos
369 1915 481 1978 fratres
503 1929 671 1980 conventus
694 1923 790 1980 sancti
815 1922 932 1979 Nicolai
958 1921 995 1978 de
1012 1921 1172 1994 Zagrabia,
1188 1919 1305 1978 ordinis
1327 1919 1458 1977 fratrum

190 2027 433 2098 Predicatorum,
458 2027 617 2086 videlicet:
642 2029 736 2086 frater
758 2029 921 2110 Jobannes,
945 2029 1031 2101 prior
1054 2043 1089 2084 ac
1116 2027 1208 2084 ceteri
1225 2026 1342 2082 iratres
1360 2024 1458 2096 Signi·

189 2133 323 2192 ficamus
347 2135 461 2207 quibus
484 2134 609 2208 expedit
633 2135 786 2192 universis
818 2135 1011 2207 presencium
1045 2149 1100 2206 per
1123 2140 1270 2200 tenorem,
1295 2131 1377 2204 quod
1403 2147 1458 2188 nos

188 2240 269 2298 duas
294 2241 399 2298 vineas
423 2241 515 2298 simul
541 2241 658 2298 iunctas
690 2258 746 2314 per
778 2241 909 2310 Kuseeh‚
943 2240 1046 2297 fratris
1077 2237 1169 2313 Span,
1193 2239 1270 2295 civis
1294 2237 1331 2295 de
1355 2243 1459 2294 monte

188 2345 303 2414 Grech‚
328 2348 549 2404 testamentarii
573 2347 647 2404 iuris
671 2347 762 2404 titulo
794 2346 833 2403 ad
864 2347 1034 2404 claustrum
1068 2345 1222 2419 prefatum
1247 2345 1385 2416 legitime
1408 2343 1460 2400 de-

190 2453 318 2510 volutas
352 2459 383 2510 et
417 2453 601 2510 iudicialiter
631 2455 780 2525 obtentas
812 2455 890 2510 inter
917 2453 994 2510 duas
1022 2453 1087 2509 vias
1118 2453 1148 2509 in
1176 2452 1331 2509 territorio
1358 2450 1459 2508 Grech

189 2559 366 2630 existentes,
391 2575 460 2616 cum
484 2560 629 2616 omnibus
660 2561 780 2617 iuribus
810 2565 840 2617 et
870 2560 1056 2617 utilitatibus
1087 2560 1158 2628 suis,
1186 2557 1369 2629 DragozlaO,
1394 2555 1460 2612 filio

189 2665 287 2734 lwan,
311 2665 371 2721 civi
396 2665 534 2737 predicte
557 2666 690 2723 civitatis
720 2673 750 2723 et
781 2683 835 2738 per
866 2681 938 2723 eum
962 2665 1024 2722 suis
1048 2663 1225 2734 heredibus
1248 2662 1460 2735 heredumque

189 2784 322 2827 suorum
345 2773 574 2828 successoribus
597 2777 627 2828 et
650 2773 789 2845 posteris,
822 2771 965 2828 dedimus
988 2772 1053 2829 iure
1076 2777 1227 2844 perpetuo
1250 2767 1460 2842 possidendas,

189 2876 340 2934 tenendas
363 2882 393 2934 et
416 2877 574 2935 habendas
598 2878 648 2936 vel
672 2879 855 2951 cuicumque
884 2878 1017 2935 voluerit
1049 2875 1257 2949 disponendas
1280 2875 1367 2933 iuxta
1390 2889 1461 2931 con·

190 2981 387 3040 svetudinem
412 2990 443 3041 et
466 2983 677 3042 condicionem
700 2984 780 3041 dicte
804 2983 937 3041 civitatis
957 2983 1157 3057 aprobatam;
1182 2982 1224 3039 ita
1248 2987 1358 3052 tamen,
1376 2979 1459 3053 quod

192 3087 352 3163 predictus
374 3090 576 3162 Dragozlaus,
600 3090 684 3147 filius
707 3090 800 3160 Iu’an,
824 3107 881 3164 per
903 3107 944 3160 se,
976 3105 1110 3162 suosque
1138 3087 1266 3146 heredes
1289 3094 1319 3144 et
1341 3101 1459 3144 succes-

190 3210 278 3252 sores
301 3196 442 3268 ipsarum
465 3198 627 3254 vinearum
650 3199 778 3270 quosvis
802 3211 994 3270 possessores
1017 3197 1047 3253 in
1071 3194 1209 3252 futurum
1234 3193 1331 3251 dictas
1355 3194 1460 3250 vineas

192 3299 397 3374 possidentes,
422 3301 557 3376 prefatas
587 3304 692 3360 vineas
722 3302 799 3360 duas
831 3304 909 3360 bene
940 3303 1042 3359 colere
1072 3315 1188 3358 necnon
1221 3300 1351 3372 singulis
1375 3299 1462 3356 annis

161 3439 164 3444 ·
191 3407 233 3464 dc
256 3409 330 3465 vino
353 3409 557 3481 ipsarummet
588 3409 719 3467 duarum
752 3411 913 3467 vinearum
944 3409 974 3466 in
1005 3407 1161 3466 vindemie
1188 3413 1328 3480 ternpore
1351 3406 1461 3478 viginti

192 3521 223 3571 et
246 3529 345 3572 unum
368 3515 528 3586 eubulum,
552 3516 610 3574 lroc
634 3522 688 3586 est,
716 3516 822 3574 decern
854 3515 986 3573 cubulos
1017 3515 1081 3572 vini
1112 3513 1150 3571 de
1174 3529 1242 3583 una,
1265 3519 1295 3570 et
1317 3512 1461 3570 undecim

192 3621 327 3677 cubulos
358 3622 422 3678 vini
453 3621 492 3679 de
522 3622 583 3679 alia
614 3637 730 3694 earum,
760 3623 955 3679 recusacione
979 3623 1097 3693 absque
1123 3620 1216 3690 omni,
1242 3619 1346 3675 salvos
1369 3623 1399 3674 et
1421 3617 1462 3673 ab

193 3725 279 3782 omni
303 3726 512 3785 decimacione
535 3728 696 3801 expeditos
719 3729 750 3786 in
775 3734 901 3786 vectura
931 3727 1060 3801 propria
1082 3726 1119 3783 ad
1149 3726 1266 3783 dictum
1291 3725 1460 3781 claustrum

193 3831 384 3904 deducendo,
408 3831 557 3891 tratribus
580 3834 692 3908 prelati
720 3835 846 3892 claustri
871 3840 1020 3908 perpetue
1040 3833 1114 3890 dare
1129 3836 1159 3888 et
1175 3831 1404 3888 amministrare
1420 3834 1462 3885 te·

194 3939 320 3996 nebitur
343 3945 374 3995 et
396 3938 531 4012 debebit,
555 3956 591 3997 ac
614 3941 710 3998 eciam
733 3940 829 3998 futuri
851 3941 953 4014 quivis
978 3953 1169 4013 possessores
1185 3937 1337 3994 dictarum
1360 3935 1463 3992 vinea-

194 4059 265 4102 rum
289 4046 357 4119 pari
388 4046 511 4104 racione
541 4049 727 4106 tenebuntur
758 4053 788 4105 et
819 4047 977 4104 debebunt
1007 4044 1046 4102 ad
1079 4043 1177 4113 idem;
1214 4043 1271 4099 hoc
1296 4041 1462 4108 interiecto,

198 4151 283 4224 quod
306 4152 333 4210 si
356 4168 413 4226 per
427 4152 592 4225 grandines
607 4159 660 4211 aut
675 4154 745 4212 anni
761 4153 937 4212 sterilitates
953 4153 983 4209 in
999 4149 1127 4224 pretatis
1142 4149 1240 4206 vineis
1263 4146 1381 4204 tructus
1402 4159 1463 4201 non

197 4259 384 4330 proveniret,
409 4265 481 4316 tunc
504 4259 588 4317 idern
612 4260 805 4332 Dragozlaus
828 4275 863 4317 ac
886 4273 994 4316 omnes
1010 4257 1164 4314 dictarum
1181 4257 1340 4314 vinearum
1357 4256 1461 4329 quivis

198 4360 293 4421 sutori
316 4379 508 4437 possessores
532 4371 692 4424 teneantur
715 4367 745 4423 in
769 4365 837 4424 loro
859 4365 897 4423 de
921 4366 1003 4423 bono
1034 4365 1107 4421 vino
1140 4362 1276 4437 prefatos
1300 4363 1410 4435 viginti
1434 4369 1464 4419 et

197 4485 294 4528 unum
318 4471 469 4528 eubulum
493 4487 595 4530 emere
619 4479 649 4530 et
671 4471 709 4530 ad
741 4473 911 4530 claustrum
941 4477 1158 4540 memoratum,
1192 4469 1287 4527 modo
1310 4485 1372 4542 quo
1395 4485 1464 4542 pre·

200 4578 341 4648 mittitur,
365 4577 543 4636 conducere.
567 4578 635 4652 Que
658 4579 764 4636 omnia
786 4577 869 4636 idem
899 4577 1092 4650 Dragozlaus
1125 4593 1181 4650 per
1213 4593 1244 4634 se
1272 4575 1411 4634 facienda
1433 4581 1463 4632 et

200 4698 255 4756 per
277 4683 351 4741 illos
376 4683 416 4741 ad
440 4699 652 4757 quoscumque
676 4684 756 4742 dicte
781 4685 868 4743 vinee
899 4700 955 4758 per
985 4700 1056 4742 eurn
1081 4683 1329 4752 devolverentur,
1361 4682 1463 4740 fienda

198 4797 230 4846 ut
252 4791 452 4864 premittitur,
486 4793 661 4865 assumpsit.
696 4793 777 4849 Mete
810 4807 885 4849 vero
920 4791 1074 4848 dictarum
1106 4791 1267 4847 vinearum
1290 4796 1360 4846 sunt
1392 4790 1463 4846 iste:

199 4901 327 4968 aparte
351 4911 410 4953 una
433 4903 477 4954 est
513 4897 602 4954 vinea
625 4897 778 4955 colendini
803 4903 951 4965 sutorum,
976 4911 994 4952 a
1017 4901 1105 4970 parte
1135 4897 1197 4953 alia
1228 4901 1392 4953 estonum
1416 4911 1464 4952 ce·

199 5017 302 5060 rasum
333 5003 418 5061 iuxta
446 5003 667 5061 domunculam
699 5003 851 5060 vinealem
885 5017 941 5076 per
973 5003 1148 5059 Korconem
1181 5007 1395 5060 constructam.
1431 5002 1463 5059 ln
