3600 5804
405 541 463 599 126
773 540 846 598 Doc.
870 554 938 618 142.
964 556 1031 620 143.
1061 577 1097 584 -
1123 543 1178 600 An.
1204 540 1293 620 1328.

401 739 553 812 premisso
576 737 679 809 modu,
703 737 856 796 decimam
880 740 996 798 scilicet
1019 742 1159 798 omnium
1183 757 1335 814 agnorum,
1364 751 1393 802 et
1420 744 1551 802 edorum
1573 749 1655 818 atque

400 860 503 917 apum,
528 843 684 916 sumenti,
708 845 847 917 siliginis,
871 861 976 916 avene,
999 847 1094 905 ordei.
1119 849 1199 906 milii
1230 855 1259 906 et
1290 850 1511 924 cuiuscumque
1539 851 1656 908 alterius

402 951 485 1008 bladi
510 952 539 1008 in
563 952 668 1021 orreis,
686 951 749 1008 vini
765 956 869 1008 autem
886 952 915 1008 in
932 953 1075 1020 cellariis,
1091 969 1127 1010 ac
1145 969 1311 1028 porcorum
1333 958 1515 1014 annualium
1530 963 1559 1012 et
1576 957 1654 1024 intra,

399 1057 509 1124 dand0,
541 1056 621 1114 facta
651 1056 814 1128 dicacione,
842 1056 882 1114 ad
905 1058 1142 1130 requisicionem
1165 1059 1389 1118 decimatorum
1422 1077 1550 1118 suorum
1576 1061 1655 1117 annis

398 1163 528 1235 singulis
551 1163 731 1237 persolvere
752 1163 890 1220 debeatis
918 1170 948 1220 et
977 1164 1064 1221 aliud
1096 1163 1196 1222 facere
1226 1167 1315 1223 nullo
1346 1167 1440 1224 modo
1472 1168 1654 1242 presumatis,

398 1269 593 1343 Quicumque
615 1275 718 1326 autem
750 1275 889 1326 vestrum
921 1285 1007 1326 secus
1039 1269 1139 1328 facere
1171 1274 1402 1346 presumpserit
1435 1279 1606 1332 contentam
1627 1274 1653 1330 in

398 1375 544 1449 predictis
567 1376 664 1432 literis
688 1376 760 1432 bani
783 1380 812 1431 et
836 1383 1002 1448 propterea
1024 1377 1198 1434 ordinatam
1215 1393 1328 1451 penam
1345 1379 1487 1436 incurrat
1505 1379 1653 1436 Presentes

396 1489 500 1539 autem
523 1497 593 1538 cum
618 1482 707 1538 nobis
739 1480 852 1538 luerint
882 1487 1039 1556 reportate
1070 1489 1175 1540 nostro
1206 1485 1373 1558 privilegio
1399 1485 1652 1542 confirmabimus.

397 1589 512 1646 Datum
531 1589 562 1644 in
575 1587 756 1660 wysegrad,
769 1588 799 1644 in
812 1589 929 1644 octavis
942 1603 1033 1662 pasce
1046 1588 1171 1646 domini.
1195 1592 1248 1647 An.
1261 1589 1399 1648 eiusdem
1415 1591 1652 1649 MCCClGiVill.

483 1706 595 1756 Eiibro
619 1704 708 1770 privil.
735 1711 846 1770 eppalus
870 1706 973 1770 zagrab.
994 1705 1038 1756 iol.
1063 1715 1093 1768 ιο
1120 1706 1150 1756 In
1168 1707 1278 1758 archivo
1297 1708 1471 1773 archieppisc.
1491 1709 1591 1775 zagrab.

988 1937 1072 2004 142.

501 2065 576 2112 Anno
599 2062 673 2119 1328,
695 2070 715 2110 t.
737 2060 807 2110 maii.
828 2059 857 2109 In
877 2059 1015 2124 Viiegrad.

488 2191 612 2248 Carolus
634 2189 811 2261 Hungonoc
832 2197 879 2245 otc.
903 2207 965 2258 rex,
987 2190 1059 2258 fines
1077 2191 1283 2262 possessionum
1306 2191 1435 2248 ecclesiae
1458 2193 1571 2264 zogrob.

887 2295 1065 2352 reombulori
1085 2296 1166 2353 tabet.

482 2423 616 2481 Karolus
639 2421 689 2480 dei
711 2423 815 2494 gracia
837 2437 892 2479 rex
914 2422 1080 2494 Hungarie.
1103 2422 1264 2482 Fidelibus
1287 2426 1349 2483 suis
1369 2425 1505 2500 capitulo
1528 2423 1646 2482 ecclesie

393 2531 528 2588 albensis
557 2529 689 2586 salutern
725 2533 754 2586 et
784 2529 928 2600 graciam.
961 2528 1042 2602 Quia
1072 2545 1162 2586 cause
1193 2531 1393 2589 ecclesiarum
1427 2549 1483 2605 per
1516 2545 1646 2589 morosas

393 2637 555 2695 eitaciones
586 2635 772 2707 plerumque
803 2635 974 2707 periclitari
1004 2636 1192 2708 contingunt,
1225 2636 1369 2695 fidelitati
1400 2645 1500 2696 vestre
1523 2637 1645 2695 firmiter

394 2743 591 2817 precipimus,
623 2746 772 2814 quatenus
803 2739 1063 2813 quandocumque
1093 2748 1122 2798 et
1150 2744 1432 2817 quocienscumque
1454 2761 1471 2801 a
1494 2745 1563 2801 data
1585 2757 1646 2815 pre·

391 2849 528 2906 sencium
552 2863 608 2920 per
631 2846 701 2903 anni
725 2846 877 2902 circulum
901 2862 958 2920 per
980 2845 1141 2904 dominum
1173 2849 1354 2906 Ladizlaum
1377 2850 1426 2908 dei
1459 2851 1561 2922 gracia
1589 2848 1646 2920 epi·

392 2970 521 3028 scopum
538 2952 769 3024 zagrubiensem
795 2957 824 3008 et
848 2952 1018 3024 capitulum
1043 2953 1180 3010 eiusdem
1204 2955 1332 3012 ecclesie
1359 2961 1518 3013 eteorum
1541 2969 1644 3028 procu·

390 3067 508 3118 ratores
543 3059 662 3116 fueritis
697 3057 837 3130 requisiti
872 3057 910 3114 ad
945 3058 1117 3129 eitaciones,
1156 3059 1381 3132 inquisiciones‚
1418 3061 1644 3134 prohibiciones,

390 3165 651 3239 recaptivaciones
682 3171 712 3220 et
741 3163 1008 3220 reambulaciones
1043 3165 1281 3237 possessionum,
1316 3182 1352 3224 ac
1385 3167 1425 3224 ad
1455 3168 1515 3224 alia
1547 3165 1644 3224 omnia

390 3270 614 3345 prosequenda,
644 3285 705 3343 que
735 3269 765 3326 in
798 3269 912 3326 talibus
944 3270 1139 3342 processibus
1170 3271 1256 3329 iuxta
1285 3274 1372 3346 regni
1402 3272 1642 3331 consvetudinem

390 3378 458 3436 fieri
488 3381 722 3448 consveverunt,
758 3383 897 3433 vestrum
931 3376 1060 3433 mittatis
1095 3378 1254 3435 hominem
1288 3395 1347 3452 pro
1382 3381 1552 3437 testimonio
1588 3377 1643 3435 fide

390 3485 528 3556 dignum,
560 3498 622 3556 quo
653 3486 803 3556 presente,
832 3482 967 3564 Jacobus
997 3481 1068 3538 aule
1092 3491 1195 3540 nostre
1218 3485 1424 3556 thavarnicus,
1445 3487 1496 3542 vel
1518 3485 1641 3550 lwaheu

389 3589 473 3647 tilius
503 3587 631 3658 Thome,
663 3587 721 3644 filii
747 3586 878 3658 Beriuoy
902 3587 940 3644 de
964 3585 1099 3660 Garygh,
1124 3589 1218 3647 homo
1241 3596 1353 3662 noster,
1377 3593 1481 3649 omnia
1504 3591 1643 3665 premissa

390 3704 419 3754 et
442 3695 563 3768 singula
588 3694 809 3767 premissorum
835 3699 1006 3766 exequatur
1028 3693 1103 3751 iuris
1126 3695 1234 3752 ordine
1256 3697 1432 3768 observato,
1455 3703 1486 3754 et
1507 3703 1576 3770 post
1594 3697 1642 3753 hec

389 3802 487 3858 tocius
509 3800 582 3857 facti
605 3800 716 3856 seriem
741 3799 886 3871 quociens
909 3815 1032 3856 necesse
1056 3799 1148 3857 tuerit
1164 3807 1193 3858 et
1209 3801 1351 3860 videritis
1367 3803 1521 3876 expedire,
1536 3803 1641 3860 tociens

388 3908 478 3964 nobis
501 3907 531 3964 in
562 3907 672 3964 vestris
704 3906 813 3962 litteris
844 3905 979 3962 fideliter
1009 3906 1193 3963 rescribatis.
1219 3907 1335 3964 Datum
1359 3909 1389 3966 in
1413 3908 1594 3982 Vyssegrad
1615 3907 1639 3962 in

387 4014 505 4071 octavis
529 4013 611 4070 beati
635 4013 762 4083 Georgii
785 4011 928 4068 martiris.
953 4014 1042 4068 Anno
1066 4011 1184 4069 domini
1208 4013 1458 4071 MCCCXXVlll.

475 4131 497 4180 E
516 4129 578 4180 libr.
598 4130 690 4180 Statut.
711 4129 788 4194 capit.
808 4131 912 4194 zagrab.
932 4145 957 4194 p.
978 4129 1023 4180 IV.
1043 4146 1064 4179 c.
1085 4131 1129 4180 IV.
1149 4133 1240 4198 Joann.
1261 4131 1376 4182 Tkaldid.
1397 4133 1465 4182 Mon.
1490 4133 1549 4184 hist.
1569 4132 1638 4198 episc.

386 4219 490 4283 zagrab.
510 4217 543 4268 11.
563 4234 588 4283 p.
611 4219 666 4267 116.

975 4395 1060 4460 143.

489 4521 566 4569 Anno
588 4519 661 4577 1328,
682 4529 723 4578 24.
743 4517 802 4567 mai.
822 4517 852 4567 In
871 4518 1010 4584 Visegrad.

390 4647 512 4704 Carolus
527 4645 703 4718 Hungorioc
720 4653 768 4702 etc.
784 4664 838 4702 rex
858 4645 979 4702 decimos
1000 4647 1231 4703 marturr'narum
1251 4645 1435 4707 iamdudum
1451 4651 1639 4722 oqglcctorum,

730 4753 811 4824 episc.
835 4751 950 4826 zogrob.
971 4748 1125 4810 solvendos
1147 4771 1212 4823 esse,
1235 4753 1308 4810 droit.

472 4893 606 4952 Karolus
628 4894 678 4953 dei
701 4896 803 4967 gracia
827 4911 882 4952 rex
905 4895 1047 4966 Vngarie.
1069 4895 1228 4953 Fidelibus
1244 4897 1307 4953 suis
1324 4895 1436 4968 Mykch
1454 4898 1535 4955 bano
1551 4897 1640 4954 tocius

383 5001 553 5072 Sclauonie,
577 5007 607 5058 et
629 5001 699 5058 aliis
719 5016 778 5074 pro
801 5007 942 5075 tempore
965 5002 1145 5074 constitutis,
1162 5001 1337 5074 Cruciferis‚
1361 5003 1536 5078 abbatibus,
1552 5003 1639 5061 comi·
