3854 5806
411 773 562 830 tributum
586 771 625 828 de
648 771 766 828 salibus
788 775 819 826 et
841 768 880 826 de
903 783 972 827 cera
996 784 1032 826 ac
1062 768 1132 826 aliis
1163 769 1290 827 minutis
1313 771 1415 843 rebus
1438 773 1486 830 his
1509 774 1681 867 similibus,

411 883 483 939 dicti
507 881 590 937 cives
613 883 643 934 et
665 877 803 949 hospites
827 875 955 949 propria
978 889 1033 932 sua
1064 890 1136 932 cum
1166 877 1309 948 potencia
1340 879 1552 937 constituendo
1575 887 1678 940 extor-

411 993 547 1061 querent,
572 986 689 1042 vellent
712 983 789 1040 scire
813 976 898 1054 quali
922 981 1044 1038 racione
1065 980 1226 1039 mediante.
1250 983 1287 1039 Et
1303 999 1339 1040 eo
1356 983 1438 1041 dicto
1454 985 1570 1042 ibidem
1585 989 1678 1046 nobis

416 1097 534 1151 litteras
562 1090 773 1165 privilegiales
804 1089 932 1162 capituli
962 1089 1089 1146 ecclesie
1118 1090 1255 1147 albensis
1284 1106 1365 1148 anno
1395 1093 1436 1149 ab
1466 1094 1678 1152 incarnacione

414 1199 532 1256 domini
556 1195 639 1253 MCC
661 1195 888 1269 septuagesimo
911 1194 1046 1252 secundo
1069 1201 1235 1267 emanatas,
1258 1195 1392 1254 formam
1416 1205 1447 1254 et
1469 1199 1607 1258 tenorem
1624 1199 1678 1258 do

413 1306 488 1362 mini
514 1303 635 1361 Andree
658 1301 740 1372 regis
763 1301 907 1358 similiter
929 1301 1060 1358 illustris
1092 1301 1250 1374 quondam
1278 1303 1359 1376 regis
1383 1303 1549 1376 ilungarie,
1577 1305 1678 1363 excel-

413 1411 503 1468 lentis
526 1409 685 1478 memorie,
707 1409 737 1464 in
753 1423 833 1464 anno
853 1406 972 1464 domini
989 1399 1127 1484 MCC(X)
1156 1408 1292 1482 septimo
1313 1411 1455 1480 emanati,
1473 1411 1560 1468 cuius
1583 1414 1677 1470 series

412 1533 519 1574 cursus
542 1521 695 1572 metarum
719 1513 948 1587 possessionum
972 1519 1002 1570 et
1025 1519 1179 1570 terrarum
1202 1513 1292 1571 dicte.
1306 1515 1435 1573 ecclesie
1456 1531 1512 1589 per
1535 1517 1676 1576 ordinem

411 1623 578 1679 denotabat
601 1621 691 1678 nobis
714 1619 972 1678 demonstrarunt.
1004 1619 1038 1676 In
1061 1633 1124 1691 quo
1155 1620 1234 1676 inter
1263 1626 1363 1678 cetera
1384 1623 1674 1696 reperimus‚,quod

411 1727 566 1802 quandam
591 1733 704 1784 terram
730 1725 844 1783 Kasina
866 1731 1009 1782 vocatam
1033 1723 1162 1798 quidam
1183 1725 1279 1782 homo
1301 1727 1425 1784 nomine
1442 1727 1500 1784 Vta
1516 1744 1595 1786 cum
1611 1731 1675 1786 suis

412 1835 559 1892 iratribus
582 1833 661 1891 dicte
685 1833 812 1890 ecclesie
835 1831 1026 1903 zagrabiensi
1050 1829 1238 1902 contulisset,
1262 1832 1348 1890 cuius
1371 1839 1453 1890 mete
1467 1834 1605 1892 seriatim
1623 1835 1675 1893 de·

410 1943 567 1998 clarantur
586 1939 752 2014 privilegio
776 1939 806 1995 in
830 1936 947 1995 eodem.
971 1935 1094 2009 Quibus
1117 1936 1207 1995 dictis
1230 1944 1260 1996 et
1283 1939 1424 2012 partibus
1450 1945 1556 1997 tenore
1578 1941 1674 2014 ipsius

410 2047 567 2121 privilegii
590 2059 773 2102 accursum
797 2048 951 2100 metarum
983 2041 1063 2100 dicte
1096 2045 1281 2116 possesionis
1314 2045 1428 2102 Kasina
1460 2052 1567 2105 vocate
1603 2063 1674 2121 par·

409 2153 491 2210 tibus
514 2151 687 2210 luculenter
710 2149 865 2224 expositis,
890 2149 1073 2222 preallegati
1103 2148 1227 2207 Nikolet
1250 2149 1406 2223 quondam
1427 2151 1520 2209 iudex
1543 2161 1573 2210 et
1595 2154 1672 2236 Jarre

408 2259 573 2330 aurifaber,
596 2275 677 2316 nunc
700 2258 783 2316 cives
806 2257 897 2314 iurati
921 2255 959 2313 de
982 2255 1091 2313 eadem
1112 2255 1223 2326 Grech,
1245 2262 1310 2314 tam
1334 2272 1392 2330 pro
1411 2273 1444 2315 se
1459 2260 1673 2332 personaliter,

409 2381 502 2440 quarn
526 2380 598 2422 cum
620 2362 841 2437 procuratoriis
865 2361 975 2420 litteris
998 2362 1114 2419 civium
1135 2367 1166 2420 et
1189 2363 1409 2435 hospitumde
1432 2363 1535 2423 Grecb
1550 2365 1674 2438 predic·

408 2479 512 2530 torum
536 2485 594 2545 pro
616 2469 733 2528 eisdem
756 2469 931 2542 hospitibus
955 2483 1061 2526 coram
1080 2469 1170 2526 nobis
1193 2469 1403 2543 comparendo
1425 2470 1456 2528 in
1480 2472 1670 2530 contrarium

408 2579 548 2636 omniurn
564 2577 787 2651 premissorum
802 2574 1028 2649 responderunt
1044 2590 1080 2631 eo
1097 2574 1206 2632 modo:
1233 2575 1317 2648 quod
1333 2576 1400 2650 ipse
1416 2577 1567 2650 particule
1591 2584 1672 2636 terre

408 2699 485 2757 quas
506 2683 622 2740 dictum
653 2681 825 2756 capitulum
854 2680 893 2738 ad
916 2681 1139 2754 possessionem
1163 2696 1251 2740 suam
1274 2682 1389 2740 Kasina
1408 2688 1554 2740 'vocatam
1578 2685 1672 2757 perti·

407 2806 479 2847 nere
502 2795 532 2847 et
555 2789 652 2846 dictos
675 2789 813 2862 hospites
836 2786 941 2844 dicunt
964 2801 1138 2860 occupasse,
1163 2787 1299 2860 Kobilya
1322 2795 1352 2845 et
1374 2788 1437 2845 alio
1459 2790 1593 2846 nominis
1617 2805 1671 2846 vn·

407 2896 519 2952 cabulo
543 2894 683 2964 Kraloth‚
707 2895 780 2951 item
804 2891 952 2964 Scyuibla
975 2907 1028 2948 seu
1052 2891 1127 2950 Nart
1151 2897 1355 2967 nuncupatur,
1379 2899 1410 2951 et
1433 2895 1535 2969 ipsam
1551 2911 1671 2968 posses-

407 3004 524 3059 sionem
555 3001 692 3072 Kubilya
723 2999 935 3056 serenissimus
966 2999 1109 3072 princeps
1133 2998 1277 3057 dominus
1304 2998 1476 3070 Ladizlaus,
1511 3000 1669 3072 quondam

407 3108 536 3165 illustris
560 3123 614 3164 rex
637 3106 804 3178 Hungarie,
835 3105 999 3162 recolende
1027 3105 1184 3176 memorie,
1216 3105 1317 3178 ipsam
1345 3119 1421 3163 vero
1443 3108 1669 3179 possessionem

406 3213 576 3272 Sciuiblam
593 3211 737 3269 dominus
752 3211 827 3268 Bela
842 3228 895 3269 rex
912 3211 1002 3269 dictis
1018 3211 1192 3284 hospitibus
1208 3212 1421 3270 contullissent
1437 3213 1503 3270 iure
1519 3221 1671 3287 perpetuo

405 3318 613 3392 possidendas,
642 3333 719 3391 quas
749 3333 768 3375 a
797 3324 938 3392 ternpore
968 3317 1147 3375 collacionis
1178 3333 1303 3390 semper
1333 3317 1409 3376 dicti·
1437 3318 1574 3390 hospites
1605 3321 1670 3377 sine

403 3425 533 3482 alicuius
556 3423 801 3481 contradiccione
825 3423 952 3497 pacifice
975 3422 1190 3496 possedissent,
1215 3429 1245 3480 et
1272 3423 1354 3496 quod
1379 3439 1459 3496 aqua
1483 3423 1511 3480 in
1536 3424 1667 3497 prealle

403 3539 475 3602 gato
498 3530 612 3588 fossato
636 3546 761 3588 currens
784 3529 824 3587 ad
847 3536 962 3587 terram
985 3528 1138 3586 dictorum
1162 3529 1320 3602 hospitum
1345 3531 1529 3586 cucurrisset
1552 3537 1581 3586 et
1605 3545 1669 3588 me·

403 3645 482 3694 asset
506 3643 536 3694 et
555 3637 675 3694 nullam
699 3637 825 3694 omnino
856 3636 1100 3694 destruccionem
1132 3635 1246 3692 faceret
1277 3637 1306 3692 in
1338 3641 1420 3693 terra
1447 3637 1573 3709 capituli
1600 3653 1669 3710 pre-

403 3743 514 3811 notati;
538 3750 567 3798 et
590 3742 673 3815 quod
698 3757 755 3815 pro
780 3743 1011 3799 mensuracione
1034 3742 1108 3798 salis
1130 3748 1223 3814 atque
1254 3757 1322 3798 cere
1345 3757 1381 3798 ac
1403 3741 1535 3799 aliarum
1562 3759 1664 3800 rerum

402 3849 448 3904 bis
471 3849 621 3905 similium
645 3863 736 3904 causa
759 3849 932 3908 communis
962 3847 1081 3904 iusticie
1108 3853 1201 3920 atque
1226 3849 1297 3904 boni
1330 3849 1360 3905 in
1384 3847 1488 3905 medio
1510 3850 1557 3905 sui
1582 3848 1666 3906 ordi·

401 3959 522 4011 nassent
546 3954 626 4027 quod
653 3953 735 4011 dicto
758 3955 895 4027 capitulo
919 3960 949 4010 et
972 3955 1099 4010 ecclesie
1121 3969 1228 4011 eorum
1254 3955 1284 4010 in
1306 3954 1395 4011 nullo
1427 3953 1589 4026 derogaret
1613 3969 1668 4011 nec

401 4061 509 4118 tributi
532 4061 671 4134 ipsorum
695 4059 900 4134 preiudicium
922 4059 1048 4132 aliquod
1065 4065 1231 4132 generaret.
1257 4060 1290 4116 Et
1310 4075 1347 4116 eo
1363 4059 1445 4117 dicto
1462 4060 1663 4133 privilegium

400 4168 586 4224 serenissimi
610 4167 759 4241 principis
782 4166 940 4240 quondam
963 4167 1082 4224 domini
1105 4165 1251 4239 Stephani
1277 4165 1374 4224 incliti
1390 4167 1471 4239 regis
1495 4165 1665 4237 Hungarie,

402 4273 488 4330 beate
513 4274 670 4343 memorie,
694 4273 752 4330 sub
772 4287 851 4330 anno
868 4271 985 4330 domini
1002 4271 1085 4329 MCC
1105 4273 1331 4346 septuagesimo
1352 4277 1538 4340 emanatum,
1555 4271 1666 4329 contir-

400 4394 487 4436 mans
512 4379 712 4452 privilegium
735 4379 892 4451 magnifici
916 4379 1064 4451 principis
1088 4379 1205 4436 domini
1229 4378 1305 4448 llele,
1322 4377 1430 4435 eadem
1449 4378 1553 4450 gracia
1568 4391 1666 4448 quon-

399 4485 470 4541 dam
495 4485 625 4542 illustris
648 4486 729 4557 regis
752 4485 918 4558 ilungarie,
941 4500 1021 4542 anno
1036 4485 1095 4542 sub
1112 4486 1322 4542 incarnacione
1339 4483 1456 4541 domini
1478 4483 1561 4539 MCC
1578 4483 1667 4556 quin·

398 4591 579 4662 quagesimo
598 4597 708 4647 octavo
732 4599 907 4648 emanatum
931 4591 1021 4648 nobis
1044 4589 1276 4660 demonstrarit,
1300 4591 1330 4647 in
1354 4591 1467 4662 quibus
1492 4589 1666 4661 reperimus

398 4695 481 4768 quod
506 4694 649 4752 dominus
672 4694 845 4769 Stephanus
862 4697 959 4753 banus
975 4698 1072 4753 tocius
1089 4695 1251 4753 Sclauonie
1267 4701 1296 4753 et
1311 4697 1489 4770 capitaneus
1506 4693 1664 4751 Stiriensis

397 4803 549 4875 accipiens
573 4801 752 4859 mandatum
776 4803 894 4862 domini
921 4803 990 4860 bele
1013 4805 1094 4876 regis
1114 4803 1254 4861 debitum
1272 4803 1431 4875 hospitum
1450 4801 1663 4875 predictorum

396 4907 528 4964 annuale
550 4907 596 4964 ad·
621 4907 766 4966 ducentas
796 4908 1010 4968 tantummodo
1042 4925 1152 4982 pensas
1183 4913 1304 4966 monete
1326 4909 1444 4966 usualis
1476 4907 1663 4964 condescen-

339 4994 341 4998 ’
396 5013 497 5071 dendo
520 5015 723 5072 commisisset
747 5017 776 5072 in
802 5016 882 5073 t'esto
906 5017 991 5073 beati
1019 5017 1139 5074 Martini
1168 5015 1357 5074 confessoris
1387 5017 1480 5072 bano
1499 5029 1562 5088 pro
1584 5021 1662 5072 tern-
