3600 5804
519 523 591 580 Doc.
616 518 683 600 163.
711 555 748 564 —
771 521 827 580 An.
851 535 938 598 1335.
1305 538 1363 598 143

117 723 218 798 grabie‚
248 723 278 780 in
308 721 461 778 dominica
494 721 639 796 proxima
668 713 751 798 (post
782 718 894 777 festum
920 719 1003 778 beati
1037 719 1177 776 Bamabe
1211 710 1366 794 apostoli.)
1448 791 1450 798 γ

117 835 193 888 Anno
214 827 328 886 domini
351 827 521 884 millesimo
544 825 711 884 CCCXXX
734 825 836 884 tercio.

192 944 327 1012 Originale
348 944 374 994 in
393 945 552 1002 membrana,
572 944 649 994 valde
667 943 790 1002 lacerum,
811 942 932 1008 sigillum
946 957 960 990 a
974 947 1049 1006 tergo
1063 943 1143 990 anulo
1156 956 1318 1007 oppressum.
1338 941 1368 991 ln

116 1035 209 1086 archivo
227 1034 272 1084 lib.
291 1049 346 1099 reg.
367 1032 438 1082 civit.
459 1033 564 1098 zagrab.
584 1032 704 1082 Lacunas
723 1029 801 1081 huius
819 1029 1001 1096 supplevimus
1020 1045 1052 1078 ex
1066 1029 1126 1078 aliis
1139 1029 1237 1079 litteris
1251 1030 1367 1079 eiusdem

116 1124 182 1188 regis,
200 1138 229 1172 ex
248 1123 340 1172 eodem
358 1121 476 1176 archivo.
495 1137 547 1185 que
566 1122 599 1170 de
617 1122 701 1172 verbo
719 1119 753 1169 ad
766 1119 878 1169 verbum
891 1118 932 1168 his
945 1119 1114 1175 concordant,
1135 1133 1217 1180 usque
1236 1119 1269 1166 ad
1289 1133 1366 1168 voces

118 1211 262 1276 ,recipiendi
286 1209 400 1260 habeant
425 1208 602 1267 facultatem“‚
626 1209 688 1258 dein
711 1207 897 1273 subiungitur:
918 1213 1015 1272 „prout
1034 1205 1084 1255 hoc
1103 1204 1173 1255 idem
1188 1206 1365 1256 mediantibus

117 1299 189 1349 literis
211 1298 306 1349 nostris
331 1299 424 1364 sigillo
450 1305 541 1348 nostro
571 1299 665 1347 anuleo
691 1295 859 1361 consignatis
883 1294 982 1344 eisdem
1010 1293 1135 1343 duximus
1163 1295 1366 1343 concedendum.

116 1389 199 1438 Datum
215 1387 351 1453 Zagrabie.
372 1387 438 1437 feria
457 1387 550 1450 quinta
569 1385 692 1452 proxima
712 1390 771 1450 post
796 1383 892 1433 festum
915 1382 986 1432 beati
1010 1382 1130 1432 Bamabe
1149 1382 1271 1446 apostoli.
1292 1385 1367 1431 Anno

116 1476 202 1526 domini
220 1475 402 1526 MCCCXXX
421 1476 529 1525 terci0.“

691 1687 775 1754 163.

207 1835 280 1882 Anno
301 1840 376 1890 1333,
398 1839 437 1886 17.
455 1830 537 1897 Juuii,
556 1829 709 1896 Zagrabiae.

149 1958 259 2016 Carolus
281 1959 458 2032 Hungarabe
479 1966 527 2016 etc.
550 1977 613 2027 rex,
635 1958 708 2015 cives
737 1955 910 2014 Grechenses
932 1975 952 2012 a
974 1955 1193 2030 quibuscumque
1215 1956 1328 2014 tributis

590 2064 746 2138 exigendis,
768 2065 874 2121 eximit.

192 2227 251 2285 Nos
274 2228 410 2286 Karolus
432 2227 482 2285 dei
505 2228 609 2300 gracia
638 2243 693 2285 rex
728 2227 894 2300 Hungarie.
925 2223 1143 2297 significamus
1166 2231 1271 2284 tenore
1299 2241 1368 2300 pre-

117 2333 238 2391 sencium
261 2335 375 2407 quibus
398 2334 523 2408 expedit
545 2335 705 2404 universis¹
723 2333 872 2391 memorie
892 2331 1153 2401 commendantes
1176 2331 1259 2405 quod
1276 2333 1368 2390 iudex

117 2445 143 2494 et
162 2437 262 2497 fideles
285 2441 369 2497 cives
392 2456 428 2497 ac
447 2440 585 2514 hospites
608 2440 705 2497 nostri
728 2439 766 2496 de
789 2444 894 2497 monte
917 2437 1071 2506 Grecensi‚
1096 2439 1134 2495 ad
1158 2445 1261 2496 nostre
1278 2440 1365 2497 celsi·

117 2543 218 2602 tudinis
239 2546 415 2604 accedentes
439 2547 639 2620 presenciam,
656 2545 863 2603 exbibuerunt
877 2545 968 2602 uobis
984 2543 1144 2618 quoddam
1167 2545 1368 2619 privilegium

117 2653 289 2710 serenissimi
312 2654 463 2727 principis
483 2651 601 2710 domini
624 2651 704 2724 Bele,
728 2652 814 2724 olym
846 2651 943 2709 incliti
971 2651 1053 2724 regis
1076 2651 1242 2723 ilungarie‚
1266 2652 1317 2708 avi
1339 2657 1369 2710 et

118 2759 309 2830 progenitoris
331 2761 429 2818 nostri
452 2759 615 2831 karissimi,
639 2760 669 2817 in
693 2759 779 2816 cuius
803 2763 907 2816 tenore
931 2759 1010 2815 inter
1025 2762 1125 2815 cetera
1145 2758 1368 2829 continebatur,

118 2869 148 2918 ut
167 2864 221 2938 ipsi
242 2865 322 2924 iufra
344 2865 465 2939 regales
489 2865 638 2923 terminos
653 2865 770 2923 tributa
785 2865 817 2922 in
832 2865 921 2922 nullo
944 2863 1013 2921 loco
1037 2864 1159 2921 solvere
1183 2869 1367 2934 tenerentur,

119 2970 278 3030 celsitudini
301 2986 404 3030 nostre
427 2973 588 3030 humiliter
611 2973 829 3045 supplicantes
853 2977 887 3027 ut
910 2969 1176 3042 quemadmodum
1199 2971 1299 3044 ipsam
1318 2971 1370 3027 ha-

119 3074 199 3133 beant
220 3079 447 3151 privilegiatam
471 3079 656 3150 libertatem,
681 3079 724 3136 sic
747 3082 777 3134 et
796 3092 852 3135 nos
871 3078 955 3150 ipsos
979 3076 1008 3133 in
1033 3075 1142 3133 eadem
1165 3077 1309 3137 libertate
1333 3091 1370 3134 ex

119 3181 291 3255 benignitate
313 3185 399 3257 regia
423 3185 623 3257 dignaremur
654 3199 845 3242 conservare.
876 3183 940 3240 Nos
970 3183 1080 3256 itaque,
1113 3183 1167 3255 qui
1199 3199 1236 3240 ex
1268 3183 1371 3240 innata

120 3289 266 3347 nobilitate
288 3291 373 3363 regia
397 3292 513 3348 cunctis
536 3291 625 3348 nobis
655 3290 790 3348 fideliter
820 3290 966 3347 subiectis
996 3289 1154 3347 libertates
1181 3305 1238 3363 per
1261 3305 1371 3362 proge-

120 3393 221 3481 nitores
243 3403 270 3454 et
293 3396 526 3471 predecessores
550 3404 671 3454 nostros
702 3413 791 3470 reges
822 3396 981 3468 Hungarie
1012 3411 1171 3452 concessas
1194 3411 1255 3453 non
1280 3395 1370 3453 dimi·

120 3515 210 3572 nuere,
232 3503 303 3575 quin
327 3503 436 3576 pocius
459 3509 659 3576 augmentare
689 3509 838 3574 tenemur,
869 3503 1056 3576 premissum
1087 3502 1253 3560 articulum
1277 3503 1371 3559 liber·

122 3607 182 3664 tatis
203 3609 273 3682 ipsis
295 3609 443 3668 fidelibus
466 3610 588 3668 civibus
611 3610 724 3667 nostris
747 3609 914 3680 firmantes
939 3609 1133 3682 presentibus
1156 3609 1302 3666 duximus
1322 3610 1367 3666 in-

121 3713 290 3773 novandum.
313 3717 410 3789 Igitur
434 3717 524 3773 vobis
548 3717 629 3774 bano
653 3717 750 3775 tocius
781 3714 951 3786 Sclauonie,
982 3715 1158 3787 comitibus,
1186 3716 1369 3786 castellanis,

121 3819 265 3879 nobilibus
287 3829 317 3879 et
340 3821 506 3880 cuiuslibet
529 3829 625 3880 status
656 3829 685 3880 et
715 3822 872 3895 dignitatis
903 3821 1082 3879 hominibus
1115 3823 1231 3880 tributa
1255 3823 1369 3879 haben·

123 3923 202 3996 tibus,
224 3942 390 4002 eorumque
415 3929 584 3986 tributariis
608 3929 687 3985 intra
711 3929 858 3985 terminos
882 3928 967 4000 regni
991 3928 1088 3984 nostri
1104 3927 1285 3997 constitutis
1303 3927 1370 4000 qui·

124 4029 172 4086 bus
192 4041 342 4106 presentes
363 4033 570 4098 ostendentur,
594 4032 726 4091 firmiter
748 4034 937 4107 precipimus
954 4049 1011 4106 per
1026 4037 1192 4107 presentes,
1217 4040 1368 4106 quatenus

124 4135 157 4191 ab
183 4137 253 4211 ipsis
283 4140 404 4196 civibus
427 4139 540 4196 nostris
563 4137 769 4198 Grecensibus
791 4147 820 4196 et
843 4140 937 4196 rebus
961 4138 1143 4196 eorumdem
1167 4139 1368 4211 quibuslibet,

125 4244 385 4318 quocienscumque
420 4261 477 4319 per
514 4246 582 4302 loca
611 4246 800 4303 tributorum
833 4250 1008 4303 vestrorum
1038 4246 1203 4303 transitum
1234 4244 1368 4316 fecerint,

126 4348 232 4407 nubum
253 4353 405 4409 tributum
428 4351 550 4424 exigere
574 4351 719 4422 debeatis,
743 4351 796 4409 sed
813 4352 897 4426 ipsos
913 4352 1012 4409 libere
1027 4357 1056 4409 et
1072 4352 1189 4425 absque
1205 4351 1368 4411 exaccione

126 4453 270 4514 tributaria
293 4459 433 4530 qualibet
456 4458 541 4515 abire
565 4458 767 4531 permittatis;
791 4473 877 4516 secus
908 4459 987 4514 sicut
1019 4463 1123 4514 nostra
1153 4459 1257 4530 gracia
1280 4461 1370 4518 vobis

127 4559 213 4630 placet
241 4579 299 4621 non
330 4563 448 4622 facturi.
479 4563 596 4621 Datum
625 4565 656 4621 in
687 4563 847 4636 Zagrabia,
879 4563 955 4621 feria
987 4565 1095 4638 quinta
1124 4565 1267 4639 proxima
1300 4571 1369 4639 post

128 4662 223 4726 festum
246 4671 325 4729 beati
348 4671 488 4728 Bamabe
511 4671 652 4745 apostoli.
678 4673 766 4728 Anno
789 4671 908 4728 domini
931 4671 1131 4728 MCCCXXX
1155 4673 1257 4730 tercio.

203 4805 336 4872 Originale
355 4805 381 4856 in
400 4807 559 4866 membrana,
578 4807 721 4872 vestigium
745 4807 830 4859 avulsi
856 4808 941 4873 sigilli
960 4824 976 4858 a
995 4815 1078 4876 tergo,
1100 4810 1149 4860 sub
1168 4825 1233 4873 quo:
1255 4812 1369 4871 „relacio

130 4887 237 4952 Johanuis
254 4895 363 4959 palatini
388 4901 413 4944 et
439 4895 564 4945 Baldonis
587 4895 657 4945 circa
675 4895 773 4960 Kulpa,
796 4911 883 4946 coram
903 4904 990 4963 rege.“
1011 4897 1041 4948 ln
1060 4899 1158 4948 archiv.
1178 4899 1225 4948 lib.
1246 4915 1299 4966 reg.
1320 4901 1368 4953 civ.

131 4981 217 5043 ngrab.
236 4985 353 5034 Alterum
371 4999 420 5049 par
440 4983 576 5034 consimile
595 4983 622 5034 in
641 4984 711 5034 arch.
730 4986 810 5034 Acad.
832 4985 926 5036 Scieut.
947 4987 1016 5038 Slav.
1035 4986 1128 5036 merid.
