3824 5806
686 567 759 626 Doc.
777 563 855 644 385.
884 597 920 610 -
946 565 1002 624 Aa
1027 577 1115 644 1395.
1465 572 1525 646 367

262 769 442 840 fldedignos.
467 767 528 841 Qui
551 766 676 825 tandem
698 769 801 822 vester
830 769 861 822 et
891 768 995 822 noster
1024 765 1164 823 homines
1192 780 1250 838 pro
1275 773 1361 840 parte
1385 768 1524 842 ipsorum

262 881 402 932 actorum
424 873 462 931 ad
487 872 691 946 infrascripta,
722 875 756 928 ut
787 870 984 944 premittitur,
1008 870 1182 944 peragenda
1213 873 1392 938 transmissi.
1416 874 1526 932 exinde

263 980 302 1038 ad
326 995 382 1038 nos
404 979 522 1038 reversi
545 979 635 1037 nobis
658 975 851 1035 concorditer
866 977 1048 1047 retulerunt,
1064 976 1147 1050 quod
1172 977 1232 1052 ipsi
1255 983 1365 1036 octavo
1388 979 1438 1037 die
1460 981 1529 1039 festi

264 1087 347 1144 beati
372 1085 494 1144 Martini
518 1084 709 1154 confessoris,
734 1098 814 1140 nunc
837 1082 980 1155 proxime
1000 1084 1147 1156 preterito
1172 1089 1201 1140 et
1224 1084 1293 1141 aliis
1309 1084 1419 1142 diebus
1441 1086 1478 1144 ad
1497 1087 1526 1144 id

263 1193 343 1265 aptis
366 1191 533 1249 simulcum
557 1189 646 1247 dictis
670 1193 775 1246 vestro
797 1195 827 1246 et
850 1193 955 1246 nostro
972 1189 1150 1246 hominibus
1174 1204 1232 1262 pro
1254 1191 1328 1264 ipsis
1351 1191 1380 1248 in
1404 1209 1526 1251 causam

263 1299 400 1356 attractis
424 1296 461 1354 ad
486 1296 595 1354 eadem
620 1294 808 1369 perficienda
830 1294 997 1363 destinatis
1029 1293 1067 1350 ad
1093 1293 1202 1352 faciem
1226 1296 1384 1354 cuiusdam
1410 1314 1528 1372 posses-

265 1404 392 1462 sesionis
415 1402 596 1461 eorumdem
619 1408 758 1459 actorum
782 1401 945 1458 Petrouina
976 1405 1092 1470 vocate,
1123 1401 1233 1458 vicinis
1256 1407 1285 1458 et
1308 1406 1527 1463 commetaneis

262 1510 326 1567 suis
349 1509 500 1567 universis
523 1509 600 1566 inibi
623 1509 775 1579 legittime
798 1506 974 1564 convocatis
997 1512 1027 1564 et
1051 1508 1192 1580 partibus
1212 1510 1406 1582 presentibus
1429 1526 1529 1569 acces·

262 1615 380 1672 sissent.
404 1616 442 1672 Et
464 1615 568 1688 primo
590 1613 742 1688 prefatam
777 1612 1000 1688 possessionem
1032 1613 1170 1686 ipsorum
1198 1621 1339 1673 actorum
1364 1615 1527 1675 Petrouina

262 1727 405 1778 vocatam
430 1737 486 1795 per
508 1725 606 1778 metas
630 1725 659 1776 et
683 1736 790 1776 cursus
815 1718 943 1776 metales
967 1719 1052 1776 iuxta
1083 1717 1381 1778 demonstracionem
1404 1738 1527 1781 eorum-

263 1825 335 1883 dem
358 1832 507 1896 actorum,
531 1841 550 1883 a
572 1832 661 1900 parte
691 1825 892 1900 possessionis
922 1824 1076 1882 dictorum
1107 1825 1137 1882 in
1169 1841 1294 1884 causam
1325 1833 1526 1888 attractorum

262 1932 442 2004 Lomnycha
472 1937 589 2004 vocate,
620 1933 723 1990 taliter
753 1931 1014 1990 reambulassent:
1039 1931 1121 2005 quod
1158 1934 1260 2006 primo
1295 1935 1478 2009 incepissent
1509 1953 1527 1996 a

263 2037 401 2112 quodam
432 2037 529 2096 dumo
560 2038 746 2112 lypougerm
769 2047 946 2111 nuncupato
977 2054 994 2095 a
1022 2039 1115 2112 plaga
1138 2039 1330 2110 occidentali,
1354 2040 1465 2100 deinde
1488 2045 1527 2102 ad

263 2144 393 2202 eandem
416 2145 544 2219 plagam
567 2143 789 2202 occidentalem
822 2146 1032 2216 pervenissent
1055 2143 1093 2201 ad
1117 2161 1213 2202 unum
1237 2147 1441 2205 monticulum
1466 2148 1527 2206 Go-

262 2252 418 2324 rychycha
440 2257 594 2321 vocatum,
617 2251 731 2309 abhinc
761 2250 800 2308 ad
833 2251 932 2324 ipsam
966 2251 1093 2324 plagam
1120 2250 1222 2308 eundo
1252 2254 1464 2325 pervenissent
1487 2256 1526 2313 ad

264 2356 419 2429 quendam
450 2357 579 2416 dumum
610 2358 828 2432 topolougerm
859 2362 1013 2428 vocatum,
1051 2356 1122 2414 inde
1158 2355 1311 2415 tendendo
1342 2359 1420 2418 inter
1449 2359 1526 2420 duas

262 2463 372 2536 plagas
395 2464 510 2522 scilicet
530 2463 752 2522 occidentalem
784 2467 813 2521 et
843 2463 1129 2537 septemtrionalem
1161 2463 1327 2522 tendissent
1355 2465 1395 2522 ad
1419 2483 1526 2540 quem·

262 2567 335 2627 dam
363 2577 499 2628 meatum
531 2586 611 2644 aque
642 2570 821 2643 Lopatycha
851 2570 1053 2644 appellatum,
1084 2570 1197 2626 abhinc
1227 2571 1328 2628 eundo
1356 2573 1434 2631 inter
1458 2590 1526 2648 pre·

264 2674 362 2734 dictas
386 2675 462 2734 duas
486 2677 595 2750 plagas
611 2677 694 2734 ultra
710 2675 879 2749 quamdam
897 2675 1082 2733 Vertacham
1098 2691 1154 2748 per
1170 2676 1324 2748 quandam
1343 2677 1522 2736 Dobrauam

261 2781 416 2839 tendendo
438 2782 477 2839 ad
502 2783 629 2856 plagam
649 2781 871 2840 occidentalem
889 2783 1050 2840 intrassent
1074 2783 1103 2839 in
1120 2783 1278 2855 quoddam
1302 2785 1387 2841 chret
1411 2791 1440 2842 et
1457 2801 1525 2859 per-

262 2889 416 2946 venissent
438 2889 477 2946 ad
502 2887 630 2947 tiuvium
656 2889 852 2962 Peschenyak
875 2895 1094 2962 nuncupatum,
1117 2905 1173 2962 per
1197 2890 1299 2963 ipsum
1323 2891 1409 2950 chret
1432 2889 1526 2949 fluen-

261 2999 332 3065 tem,
356 2993 467 3052 deinde
497 3011 605 3053 versus
637 2995 763 3069 plagam
794 2993 1078 3071 septemtrionalem
1110 2993 1211 3052 eundo
1245 2997 1455 3069 pervenissent
1486 2997 1524 3055 ad

262 3099 419 3174 quoddam
439 3107 565 3174 pratum
582 3101 768 3159 Kouacheua
783 3100 901 3173 lazyna‚
918 3100 1028 3158 deinde
1051 3102 1262 3175 pervenissent
1285 3101 1324 3159 ad
1342 3103 1442 3160 lutum
1461 3119 1524 3160 ma-

168 3212 172 3218 '
261 3220 356 3276 gnum
388 3207 419 3264 in
450 3206 608 3280 quoddam
643 3207 738 3277 chret,
769 3205 937 3278 Zeminyak
967 3206 1170 3280 appellatum,
1200 3207 1312 3264 abhinc
1343 3207 1443 3266 eundo
1468 3225 1524 3283 per

263 3311 418 3384 quandam
443 3312 597 3386 lazynam
620 3313 659 3370 ad
684 3312 813 3371 eandem
845 3312 970 3386 plagam
1004 3313 1084 3371 ultra
1114 3312 1270 3386 quandam
1297 3313 1436 3387 Ohrugla
1460 3331 1525 3373 mo·

262 3418 366 3474 cricha
388 3419 469 3476 circa
492 3419 577 3476 viam
601 3419 631 3476 in
655 3418 783 3476 modurn
810 3417 909 3476 crucis
930 3425 1106 3492 protensam
1130 3418 1168 3476 ad
1192 3419 1307 3489 locum,
1336 3421 1389 3492 qui
1413 3420 1526 3480 dicitur

262 3522 387 3597 Popoua
411 3525 576 3596 mocricha,
600 3523 711 3582 deinde
734 3524 883 3583 vertendo
904 3525 935 3582 in
959 3524 1081 3582 modico
1104 3525 1209 3598 spacio
1232 3525 1320 3600 quasi
1342 3525 1381 3582 ad
1398 3527 1524 3600 plagam

261 3630 442 3688 orientalem
467 3631 680 3704 pervenissent
703 3631 741 3688 ad
769 3631 873 3690 locum
906 3631 1073 3689 Kernische
1102 3637 1324 3705 nuncupatum,
1348 3631 1461 3690 abhinc
1485 3632 1524 3690 ad

261 3735 389 3794 eandem
414 3737 540 3811 plagam
572 3737 602 3794 in
630 3737 766 3810 quadarn
798 3737 920 3808 silvola,
952 3737 1068 3795 Losech
1097 3743 1215 3808 vo'cata,
1247 3739 1457 3810 pervenissent
1485 3739 1524 3797 ad

261 3841 405 3899 arborem
430 3841 508 3900 tulfa
532 3847 691 3915 vocatam·
706 3843 819 3902 abhinc
842 3843 873 3901 in
905 3841 1014 3900 eadem
1044 3842 1158 3900 silvola
1188 3841 1303 3901 directe
1326 3844 1522 3918 procedendo

261 3947 300 4004 ad
325 3948 451 4021 plagam
475 3949 656 4006 orientalem
681 3950 893 4022 pervenissent
915 3948 955 4006 ad
978 3948 1109 4006 fluvium
1133 3947 1292 4007 Chernech
1326 3955 1472 4008 vocaturn
1495 3959 1525 4009 et

261 4069 318 4126 per
341 4069 466 4111 cursum
489 4055 586 4128 ipsius
617 4053 702 4112 lluvii
734 4069 842 4112 versus
872 4055 998 4128 plagam
1029 4055 1211 4112 orientalem
1241 4056 1451 4129 pervenissent
1485 4057 1523 4115 ad

262 4158 419 4232 quandam
447 4159 585 4218 mlalram
608 4177 645 4218 ex
669 4161 737 4235 ipso
760 4161 918 4222 Chernech
949 4159 1103 4233 fluentem,
1126 4167 1156 4218 et
1179 4177 1235 4235 per
1259 4162 1358 4236 ipsam
1387 4163 1523 4222 mlalram

260 4266 473 4339 pervenissent
495 4266 533 4324 ad
558 4266 687 4324 lluvium
719 4267 930 4339 Meztochinya
960 4272 1113 4325 vocatum.
1146 4267 1183 4325 Et
1205 4282 1278 4325 cum
1300 4267 1395 4326 iidem
1418 4285 1523 4328 secun-

260 4370 334 4430 dum
359 4373 657 4431 demonstracionem
673 4379 812 4431 actorum
829 4373 1039 4446 predictorum
1059 4374 1135 4431 locis
1158 4373 1295 4431 eiusdem
1319 4377 1520 4447 possessionis

260 4481 424 4538 Petrouina
447 4479 557 4537 revisis
580 4484 610 4536 et
633 4479 759 4550 intuitis,
782 4478 890 4536 eadem
922 4479 990 4538 loca
1020 4481 1115 4553 signis
1142 4481 1308 4537 metalibus
1339 4481 1518 4553 consignare

260 4588 425 4661 ipsamque
447 4587 674 4660 possessionem
697 4585 860 4644 Petrouina
891 4586 1007 4644 eisdem
1038 4585 1195 4644 actoribus
1220 4586 1285 4642 iure
1307 4587 1381 4660 ipsis
1405 4587 1522 4645 incum-

260 4693 345 4751 benti
369 4691 588 4767 possidendam
611 4696 745 4749 statuere
767 4692 945 4762 voluissent,
970 4700 1042 4750 tunc
1064 4690 1176 4766 prefati
1199 4691 1230 4749 in
1253 4707 1378 4748 causam
1401 4695 1521 4751 attracti

260 4799 437 4858 huiusmodi
466 4799 705 4873 possessionarie
735 4799 985 4869 reambulacioni,
1018 4804 1171 4856 metarum
1202 4797 1351 4856 ereccioni
1374 4805 1404 4855 et
1427 4805 1519 4856 statu-

260 4908 339 4965 cioni
363 4908 437 4980 ipsis
461 4906 616 4964 actoribus
641 4905 758 4976 fiendis,
783 4903 1035 4963 contradiccionis
1058 4905 1213 4961 velamine
1235 4903 1413 4961 obviassent
1447 4905 1522 4962 alle·

260 5011 369 5088 gando,
394 5011 478 5085 quod
500 5012 670 5070 maximam
688 5011 871 5085 particulam
892 5017 972 5067 terre
989 5011 1127 5084 ipsorum
1144 5010 1174 5067 in
1191 5024 1316 5068 causam
1331 5017 1521 5072 atractorurn
