3600 5804
560 546 632 603 Doc.
654 555 719 621 177.
747 578 782 586 -
809 545 865 602 An.
891 557 980 622 1339.

146 746 381 804 excellentissimi
415 745 580 819 principes,
615 745 697 802 clare
732 745 882 802 memorie
918 759 1004 817 reges
1039 745 1206 818 Hungarie,
1248 747 1402 818 ceterique

148 853 246 910 fideles
267 852 380 908 Christi
404 852 500 908 eciam
518 851 623 908 divina
641 851 844 925 inspiracione
860 851 941 920 tacti,
958 861 1094 908 nostram
1115 851 1276 908 ecclesiam
1295 852 1403 909 multis

148 958 338 1028 libertatibus,
362 956 537 1015 redditibus
558 963 588 1014 et
612 957 858 1031 possessionibus
882 957 1066 1024 dotaverint,
1090 963 1123 1014 ut
1147 973 1185 1014 ex
1209 957 1268 1015 hiis
1291 973 1402 1031 conpe-

149 1072 251 1121 tentem
274 1065 530 1122 sustentationem
555 1065 703 1121 habentes
726 1079 915 1136 procorum
939 1065 1038 1120 salute
1062 1079 1168 1136 preces
1184 1063 1221 1120 ad
1240 1063 1401 1122 dominum

146 1168 261 1226 fundere
283 1185 420 1226 essemus
444 1169 586 1226 continue
609 1165 749 1241 obligati,
766 1185 826 1226 non
851 1169 1067 1227 inconveniens
1084 1173 1185 1226 tamen
1212 1175 1401 1242 reputamus.

146 1277 167 1332 si
188 1275 222 1332 de
243 1277 330 1333 nobis
350 1275 476 1332 'collatis
500 1271 677 1333 huiusmodi
702 1275 851 1334 faciamus
874 1290 1039 1349 proposse
1057 1276 1222 1350 participes
1247 1277 1331 1333 viros
1355 1293 1402 1334 re·

146 1381 267 1453 ligiosos,
297 1380 355 1438 deo
387 1381 524 1452 devotos,
557 1381 664 1438 eadem
697 1383 826 1440 racione.
863 1381 1062 1456 Quapropter
1093 1389 1196 1439 nostre
1220 1383 1348 1440 ecclesie
1373 1389 1402 1440 et

145 1493 267 1544 nostram
298 1488 526 1560 possessionem
556 1487 621 1544 sive
654 1487 791 1544 insulam
824 1503 895 1546 cum
919 1494 1001 1545 terra
1025 1486 1106 1544 dicta
1130 1487 1241 1561 Tupal,
1266 1488 1348 1544 ultra
1372 1493 1401 1545 et

146 1593 215 1648 circa
237 1591 367 1650 fluvium
400 1591 481 1648 Zaue
504 1591 542 1650 ad
568 1597 694 1666 portum
726 1593 807 1665 regis
830 1592 958 1664 dictum,
988 1608 1085 1666 prope
1109 1591 1292 1665 Zagrabiam
1317 1593 1400 1650 adla-

145 1703 248 1754 centem
281 1703 311 1755 et
342 1699 524 1755 existentem
557 1713 627 1755 cum
660 1693 806 1756 omnibus
838 1699 901 1756 suis
932 1699 1120 1756 utilitatibus
1143 1705 1173 1756 et
1196 1699 1401 1772 pertinenciis,

145 1804 229 1874 terris,
261 1804 367 1877 pratis,
399 1803 496 1875 silvis,
524 1803 665 1878 piscariis
696 1809 726 1860 et
757 1805 828 1862 aliis
856 1806 1104 1878 quibuscumque
1128 1805 1169 1862 ob
1192 1806 1403 1863 reverenciam

146 1909 236 1967 delet
258 1910 323 1967 eius
353 1911 462 1967 matris
485 1911 616 1983 virginis
639 1911 784 1984 gloriose,
817 1910 969 1969 donamus
993 1917 1023 1968 et
1044 1910 1266 1968 confirmamus
1289 1911 1319 1968 in
1343 1911 1403 1970 hiis

146 2017 255 2089 scriptis
277 2017 407 2074 ecclesie
430 2017 567 2074 eiusdem
592 2017 721 2089 virginis
751 2017 911 2076 benedicte
934 2017 1065 2074 fratrum
1089 2017 1329 2089 Heremitarum,
1353 2033 1402 2076 or-

145 2121 212 2178 dinis
241 2123 337 2180 sancti
375 2123 538 2194 Augustini
569 2121 608 2180 de
639 2123 790 2196 Zagrabia
820 2123 857 2181 ad
891 2139 982 2180 usum
1014 2125 1127 2197 prioris
1157 2129 1187 2181 et
1211 2123 1342 2181 fratrum
1371 2126 1402 2182 in

144 2227 237 2284 eadem
262 2228 393 2286 ecclesia
416 2227 474 2285 deo
502 2228 736 2299 famolancium,
768 2229 827 2286 sub
850 2229 913 2287 suis
936 2230 1026 2287 metis
1050 2235 1080 2287 et
1103 2229 1244 2288 terminis
1268 2231 1403 2304 antiquis

145 2341 284 2408 perpetuo
320 2333 493 2405 tenendam,
533 2334 754 2409 possidendam
788 2341 818 2393 et
851 2335 1036 2406 habendam,
1071 2341 1263 2394 reservantes
1300 2343 1401 2394 tamen

144 2445 235 2498 nostre
268 2441 395 2498 ecclesie
427 2445 456 2498 el
487 2442 577 2498 nobis
602 2447 768 2515 conpetens
792 2441 943 2500 directum
969 2441 1143 2499 dominium
1168 2442 1197 2498 in
1222 2441 1329 2500 eadem
1357 2443 1402 2500 ln·

144 2546 203 2602 sula
224 2553 252 2603 et
275 2553 356 2604 terra
379 2563 414 2603 ac
438 2548 535 2604 eciam
561 2547 768 2620 infrascripta,
795 2548 896 2620 primo
921 2547 1083 2605 videlicet:
1109 2546 1290 2604 fidelitatem
1315 2547 1402 2606 debi-

145 2657 199 2708 tam
221 2667 254 2708 ac
277 2651 390 2710 iudicia
414 2654 580 2724 sanguinis,
604 2653 687 2722 furti,
712 2653 864 2712 latrocinii
888 2661 916 2712 et
940 2653 1072 2712 incendii
1096 2654 1234 2711 enormia
1251 2670 1321 2711 curn
1339 2671 1403 2712 me-

146 2755 217 2813 diate
238 2759 429 2816 emolimenti
452 2758 563 2816 exinde
588 2760 848 2832 proveniencium,
872 2774 997 2833 semper
1020 2759 1081 2816 alia
1101 2759 1266 2817 medietate
1282 2760 1400 2818 eisdem

147 2861 232 2933 priori
255 2873 283 2920 et
306 2863 455 2922 fratribus
479 2873 661 2922 remanente.
687 2865 771 2934 ltem,
788 2865 932 2922 similiter
955 2863 1151 2922 medietatem
1174 2867 1400 2924 maturinarum

146 2969 272 3025 omnium
296 2969 539 3026 inhabitatorum
564 2969 701 3027 eiusdem
728 2971 829 3027 lnsule
853 2978 882 3027 et
905 2977 994 3041 terre,
1031 2986 1049 3028 a
1073 2971 1188 3043 quibus
1211 2977 1241 3028 et
1264 2971 1402 3044 qualibet

146 3076 303 3132 marturine
327 3083 552 3133 consveverunt
573 3077 654 3148 exigi
679 3076 716 3133 de
740 3092 827 3134 more
852 3085 1006 3148 consveto,
1027 3077 1088 3134 alia
1105 3076 1269 3134 medietate
1285 3077 1402 3134 eisdem

146 3180 234 3251 priori
264 3189 293 3237 et
325 3180 472 3238 fratribus
504 3187 687 3239 remanente.
723 3183 808 3249 Item,
833 3183 1022 3240 habitatores
1054 3183 1208 3255 sepedicte
1239 3183 1341 3240 lnsule
1373 3188 1402 3240 et

147 3289 219 3341 terre
240 3287 394 3344 annuatim
420 3288 449 3343 in
475 3286 553 3344 festo
578 3288 657 3344 beati
683 3289 804 3345 Martini
820 3303 945 3344 censum
963 3289 1186 3362 quinquaginta
1202 3287 1402 3346 denariorum

146 3389 219 3446 bone
242 3399 359 3449 monete
383 3393 590 3466 zagrabiensis
608 3395 696 3450 nobis
714 3393 835 3450 solvere
853 3394 1044 3451 tenebuntur.
1063 3394 1094 3450 ln
1112 3409 1244 3466 quorum
1263 3395 1403 3452 omnium

147 3497 344 3554 testimonium
369 3505 399 3555 et
422 3497 602 3556 firmitatem
632 3499 827 3572 presentibus
851 3500 991 3571 sigillum
1016 3507 1155 3558 nostrum
1179 3499 1326 3557 duximus
1348 3515 1402 3573 ap-

148 3600 340 3671 pendendum.
364 3603 479 3660 Datum
512 3603 644 3662 infesto
676 3605 876 3662 exaltacionis
901 3612 1002 3662 sancte
1027 3605 1134 3664 crucis.
1172 3607 1261 3663 Anno
1285 3605 1402 3663 domini

148 3705 247 3763 ltccc
270 3709 424 3766 tricesimo
448 3725 536 3767 nono.

224 3859 245 3908 E
272 3860 341 3910 libro
370 3863 496 3912 statutor.
526 3865 604 3929 capit.
633 3866 737 3928 zagrab.
768 3863 857 3929 p.1v.
879 3879 898 3912 c.
921 3863 1091 3931 XX1.Joan.
1112 3864 1227 3914 Tlraldic'.
1250 3866 1317 3914 Mon.
1339 3865 1397 3914 hist.

148 3945 215 4008 episc.
238 3949 339 4013 zagrab.
359 3967 383 4000 v.
403 3949 437 3999 11.
457 3966 516 4016 pag.
540 3961 595 4013 140.

727 4167 807 4234 177.

242 4300 316 4350 Circa
336 4317 432 4352 annum
455 4313 632 4366 1339-1343.
652 4305 805 4370 Zagrabiae.

170 4424 416 4487 &auctomento
448 4431 618 4490 Greclrensis
640 4437 826 4492 communitas
849 4439 1081 4494 trunsummendo
1100 4439 1261 4512 privilegiu
1285 4441 1380 4497 comiti

386 4537 497 4594 Parim·
517 4557 655 4608 concessa,
678 4559 713 4596 ca
736 4543 835 4620 regillo
849 4545 973 4616 proprio
995 4547 1151 4617 consignat.

226 4679 285 4736 Nos
310 4681 466 4740 Nicoletus
490 4683 581 4741 iudex
606 4685 747 4756 civitatis,
771 4702 806 4742 ac
835 4687 970 4744 universi
994 4689 1077 4745 cives
1101 4687 1139 4745 de
1165 4697 1267 4746 monte
1290 4688 1401 4746 Grech.

150 4777 353 4854 Significamus
378 4795 482 4846 tenore
506 4791 700 4861 presencium
732 4793 846 4864 quibus
876 4791 1002 4865 expedit
1033 4811 1088 4868 per
1120 4800 1285 4868 presentes,
1319 4794 1402 4867 quod

152 4889 284 4948 accedens
313 4892 351 4949 ad
383 4901 520 4951 nostram
551 4897 741 4968 presenciam
775 4899 889 4956 nobilis
920 4900 969 4956 vir
1000 4915 1103 4957 comes
1135 4901 1228 4971 Paris,
1261 4901 1404 4959 exhibuit

148 4995 226 5052 nobis
247 4996 307 5054 duo
329 5000 495 5073 privilegia
520 5001 625 5058 fratris
650 5002 782 5074 Andrce,
807 5005 883 5062 olim
913 5007 1105 5080 perceptoris
1131 5006 1169 5064 de
1193 5015 1297 5064 sancto
1323 5008 1404 5065 llar-
