3824 5806
634 497 721 610 Dec.—
725 507 816 611 324.—
818 509 890 576 375
918 533 954 542 —-
981 501 1036 558 An.
1060 516 1149 616 13p5.
1457 523 1517 582 353

257 693 423 750 solucionis
446 693 526 752 dicte
557 695 686 754 collecte
717 712 825 756 eorum
857 706 999 758 consvete
1031 708 1061 759 et
1091 703 1246 762 ordinarie
1269 706 1368 776 nobis,
1392 711 1426 763 ut
1450 723 1521 780 pre·

258 795 363 870 fertur,
387 799 419 856 in
442 798 531 857 dictis
554 802 654 859 tribus
677 803 765 860 annis
788 805 926 878 plenarie
956 808 1115 881 persolute
1137 810 1259 882 penitus
1286 816 1316 868 et
1338 827 1394 884 per
1417 813 1522 870 omnia

258 905 471 962 commisimus
488 905 552 980 lore
568 907 744 982 expeditos;
769 911 994 984 assumpsimus
1010 913 1137 986 insuper
1152 915 1278 972 eosdem
1294 917 1376 974 cives
1399 917 1521 974 racione

259 1016 288 1067 et
311 1019 454 1085 pretextu
478 1014 702 1086 premissorum
725 1023 831 1074 contra
854 1017 1011 1090 quoslibet
1041 1019 1221 1092 illegitimos
1249 1022 1428 1095 inpetitores
1451 1039 1522 1097 pro·

260 1123 370 1190 tegere,
394 1119 541 1192 expedire
564 1126 594 1178 et
617 1120 776 1179 defensare
807 1123 943 1197 propriis
972 1126 1085 1182 nostris
1117 1128 1294 1201 sumptibus
1323 1135 1352 1185 et
1380 1129 1523 1202 expensis

260 1224 371 1280 harum
405 1231 582 1283 nostrarum
618 1229 792 1285 testimonio
823 1229 1003 1288 litterarum.
1035 1233 1152 1290 Datum
1182 1233 1340 1306 Zagrabie,
1372 1234 1449 1292 feria
1479 1251 1524 1292 se·

260 1330 357 1388 cunda
382 1333 527 1405 proxima
550 1340 621 1407 post
643 1333 832 1398 dominicam
859 1336 956 1394 Oculi.
987 1340 1078 1396 Anno
1107 1339 1225 1397 domini
1256 1341 1425 1398 millesimo
1447 1340 1524 1398 CCC

261 1437 461 1509 nonagesimo
484 1439 600 1511 quinto

351 1554 491 1620 Originale
511 1555 538 1606 in
554 1555 652 1614 charta,
671 1556 791 1622 sigillum
810 1557 974 1624 impressum.
993 1561 1059 1612 bene
1078 1568 1267 1614 conservatum.
1287 1563 1317 1613 In
1342 1563 1451 1614 archivo
1477 1564 1525 1618 lib.

262 1657 317 1706 reg.
337 1643 408 1693 civit.
431 1645 536 1710 zagrab.

851 1757 940 1826 374.

369 1878 446 1926 Anno
468 1886 541 1940 1395.
562 1877 602 1928 26.
622 1879 723 1944 aprilis.
743 1879 840 1930 Budae.

265 1984 465 2060 Sigr'smundus
488 1988 665 2061 Hungariae
686 2001 733 2047 etc.
757 2009 819 2056 rex,
850 1993 924 2048 cives
961 1990 1137 2050 Grechenses
1163 1993 1198 2050 de
1224 1994 1340 2051 iniuriz‘s
1371 2013 1390 2050 a
1417 1994 1526 2051 ot'care'o

541 2095 693 2172 joliannis
716 2098 838 2170 episcopi
857 2099 984 2172 zagrab„
1006 2099 1097 2156 illotis
1120 2101 1247 2172 orateglt.

352 2218 568 2292 sigismundus
591 2221 641 2279 dei
663 2223 767 2294 gracia
782 2239 837 2280 rex
853 2225 1019 2297 Hungarie‚
1036 2225 1205 2297 normanie,
1222 2225 1349 2283 Croacie
1365 2231 1427 2294 etc,
1447 2241 1528 2283 mar-

265 2325 396 2398 chioque
419 2325 736 2400 Brandemburgensis
767 2334 822 2386 etc.
854 2323 1051 2408 (Honorabili
1076 2331 1144 2388 viro
1175 2331 1302 2388 domino
1331 2331 1465 2414 Johanni
1492 2330 1531 2388 de

266 2427 373 2510 Senis),
386 2434 502 2491 vicario
514 2435 676 2492 reverendi
689 2435 719 2492 in
731 2435 855 2493 Christo
868 2438 965 2510 patris
981 2437 1099 2494 domini
1110 2437 1258 2520 Johannis
1271 2438 1409 2511 episcopi
1424 2453 1529 2510 zagra-

267 2540 380 2596 biensis
403 2540 433 2597 in
457 2540 671 2613 spiritualibus
694 2542 831 2613 generali
854 2558 889 2599 ac
912 2544 1085 2600 constitutis
1106 2555 1138 2600 et
1160 2543 1379 2601 constituendis
1399 2544 1429 2600 in
1452 2541 1532 2600 futu·

267 2661 346 2717 rum,
370 2645 501 2703 salutem
525 2651 555 2702 et
577 2647 721 2719 graciam.
752 2647 786 2704 ln
816 2649 955 2722 personis
979 2648 1125 2719 iudicum,
1156 2649 1327 2706 iuratorum
1351 2655 1381 2706 et
1411 2649 1533 2706 univer-

268 2767 373 2810 sorum
397 2747 524 2830 (civium
549 2753 685 2810 civitatis
708 2760 811 2811 nostre
833 2755 946 2812 montis
973 2747 1147 2831 Grecensis)
1179 2755 1217 2811 de
1247 2755 1399 2827 Zagrabia
1431 2761 1533 2812 nostre

269 2859 465 2931 conqueritur
489 2860 650 2930 maiestati,
674 2859 832 2932 quomodo
857 2875 911 2917 vos
927 2860 1043 2918 eisdem
1065 2861 1179 2918 multas
1195 2861 1346 2918 novitates
1363 2867 1392 2918 et
1408 2861 1534 2918 iniurias

269 3009 456 3024 .......
471 2967 502 3022 in
515 2965 734 3023 detrimentum
758 3011 764 3024 .
789 3013 794 3024 .
819 3012 824 3023 .
849 3012 854 3024 .
875 3013 881 3024 .
898 3012 903 3024 .
921 3013 926 3023 .
942 2967 1077 3024 multum
1094 2967 1207 3039 ingens.
1224 2967 1328 3039 Quare
1343 2974 1445 3024 vestre
1460 2966 1536 3024 fide-

270 3073 349 3130 litati
373 3070 505 3129 firmiter
527 3078 557 3129 et
580 3071 717 3130 districte
740 3072 933 3143 mandamus,
958 3079 1107 3146 qnatenus
1130 3066 1246 3151 medtio
1263 3065 1414 3148 ternpore)
1438 3118 1443 3130 .
1467 3118 1473 3130 .
1498 3117 1503 3129 .
1529 3117 1534 3129 .

270 3224 397 3237 .....
421 3179 585 3253 episcopus
609 3179 753 3237 dominus
777 3185 878 3236 vester
902 3179 1031 3237 domum
1055 3195 1197 3237 reversus
1217 3179 1308 3236 fuerit
1325 3185 1354 3236 et
1369 3178 1536 3251 advenerit,

271 3283 388 3341 eisdem
411 3285 531 3341 civibus
555 3289 584 3340 et
600 3285 775 3358 hospitibus
790 3285 902 3342 nostris
918 3285 1056 3357 aliquam
1075 3330 1321 3342 .........
1339 3297 1537 3358 nequaquam

271 3391 466 3466 presumatis
501 3391 555 3448 sed
586 3391 670 3464 ipsos
700 3393 731 3448 in
762 3391 879 3448 eisdem
910 3392 1030 3448 iuribus
1058 3397 1088 3448 et
1118 3391 1399 3460 consvetudinibus,
1424 3390 1537 3462 quibus

272 3499 430 3570 hucusque
453 3496 524 3555 freti
546 3497 660 3555 fuerint
684 3543 961 3555 ..........
986 3490 1195 3574 (nocujmento
1218 3497 1336 3569 absque
1361 3497 1445 3553 omni
1468 3509 1537 3552 con·

273 3619 397 3661 servare
413 3602 560 3666 debeatis,
584 3603 803 3676 relinquendo;
832 3609 862 3661 et
885 3603 970 3661 aliud
995 3604 1054 3660 sub
1083 3609 1186 3660 nostre
1216 3602 1437 3675 indignacionis
1461 3615 1539 3672 pena

273 3708 376 3767 facere
401 3724 462 3768 non
493 3703 617 3788 (ausuri.
644 3709 803 3767 Presentes
831 3702 947 3785 autem)
978 3709 1137 3782 perlectas
1167 3708 1254 3766 reddi
1285 3707 1435 3766 edicimus
1471 3723 1540 3780 pre·

273 3816 412 3873 sentanti.
436 3815 552 3872 Datum
576 3815 668 3884 Bude‚
692 3815 768 3873 feria
791 3815 924 3873 secunda
940 3815 1084 3888 proxima
1100 3821 1169 3887 post
1186 3813 1298 3870 festum
1315 3813 1397 3872 beati
1414 3811 1540 3883 Georgii

274 3923 419 3979 martiris.
441 3923 531 3979 Anno
555 3921 672 3979 domini
696 3922 865 3980 millesimo
888 3920 1110 3978 CCCLXXXX
1133 3921 1249 3993 quinto.

334 4069 335 4072 ,
363 4023 502 4088 Originale
528 4023 555 4072 in
580 4023 678 4081 charta,
698 4023 826 4074 attritum.
852 4025 875 4072 A
899 4029 975 4086 tergo
999 4021 1026 4070 in
1052 4035 1112 4070 cera
1135 4020 1196 4070 alba
1225 4020 1381 4085 impressum
1405 4017 1489 4067 maius
1508 4017 1540 4066 si·

275 4111 379 4174 gillam,
399 4111 673 4184 benelconservatum.
694 4111 723 4160 Iu
743 4111 841 4160 archiv.
862 4111 942 4160 Acad.
963 4109 1056 4159 Scieut.
1077 4109 1146 4158 Slav.
1167 4107 1259 4157 merid.

873 4269 957 4338 375.

368 4393 459 4442 'Anno
481 4402 554 4455 1395,
574 4391 597 4442 6.
617 4392 698 4458 Junii.
716 4391 871 4457 Zagrabiae.

283 4501 476 4560 communitas
498 4504 623 4560 civitatis
646 4503 748 4559 montis
777 4501 948 4560 Greclrrnsr‘s
970 4519 1066 4558 coram
1088 4500 1208 4558 Detrico
1223 4498 1322 4557 Bubek
1345 4497 1419 4555 bano
1440 4503 1540 4554 contro

277 4608 416 4682 quasdam
446 4609 558 4678 nobiles,
588 4609 640 4682 qui
660 4627 688 4666 se
710 4609 740 4663 in
761 4609 952 4681 possessiones
975 4603 1133 4665 Petronina
1162 4614 1191 4663 et
1214 4605 1364 4680 Hrosthjo
1386 4604 1543 4660 zbtromise-

474 4717 543 4784 rint,
559 4712 596 4773 de
618 4733 718 4772 eorum
740 4716 920 4788 occrpatlone
942 4721 970 4772 et
989 4715 1144 4772 detentione
1166 4711 1340 4770 contradicit.

368 4841 431 4899 Nos
454 4842 597 4899 Detricus
621 4840 735 4908 Bubek‚
759 4842 845 4913 regni
876 4839 1038 4898 Sclauonie
1069 4840 1175 4896 banus.
1208 4837 1356 4895 Memorie
1388 4851 1547 4893 commen-

278 4947 398 5020 damus,
411 4947 494 5020 quod
508 4947 631 5021 providi
649 4947 722 5004 viri:
740 4945 904 5018 Myklinus‚
922 4946 1005 5003 filius
1024 4946 1181 5028 Johanuis,
1195 4943 1370 5012 modernus
1383 4942 1547 5024 Johannes,

1408 5069 1440 5120 23
