3728 5806
641 521 714 578 Doc.
732 533 807 597 332.
825 535 898 598 333.
925 554 961 563 -
987 521 1044 578 An.
1067 515 1289 600 1383-1389.

927 715 1014 781 332.

443 839 519 887 Anno
541 837 615 896 1388,
635 847 676 896 30.
696 836 798 902 aprilis.
818 837 848 888 In
867 837 1007 904 Vilegrad.

339 946 541 1020 Srgv'snmndus
563 947 740 1020 [iungar-iae
762 953 810 1004 etc.
840 966 902 1016 rex,
932 945 1073 1004 Lodr'slao
1101 947 1136 1003 de
1162 947 1292 1004 Losonch
1323 949 1407 1017 bano,
1439 955 1473 1004 ut
1498 947 1605 1003 nobiles

338 1053 482 1112 districtus
510 1051 674 1112 Gon'censa'v
696 1053 831 1110 ducentas
861 1053 995 1110 marchas
1024 1053 1131 1110 cintus
1166 1053 1375 1111 Grechensibus
1394 1062 1451 1126 pro
1472 1053 1607 1126 expensis

755 1159 850 1235 factis
869 1161 1029 1229 exsolvant,
1043 1161 1196 1233 praecipit.

1136 1275 1230 1330 Propria
1243 1275 1373 1320 commissio
1387 1275 1472 1319 dondni
1486 1263 1551 1330 regis.

427 1373 643 1448 Sigismundus
667 1373 717 1432 dei
738 1375 842 1446 gracia
872 1391 929 1432 rex
956 1375 1121 1448 Hungarie‚
1144 1375 1314 1447 Dalmacie,
1338 1375 1465 1433 Croacie
1489 1379 1545 1446 etc,
1570 1391 1607 1432 ac

340 1481 479 1544 marchio
501 1479 819 1552 Brandemburgensis
841 1488 896 1538 etc.
920 1480 1020 1538 Fideli
1042 1495 1099 1538 suo
1122 1479 1288 1553 magnifico
1310 1481 1380 1538 viro
1403 1479 1529 1537 domino
1548 1481 1607 1538 la-

340 1587 440 1646 dislao
463 1585 502 1644 de
524 1586 666 1644 Losouch
689 1586 776 1658 regni
803 1584 966 1644 Sclauonie
996 1587 1086 1657 baon,
1118 1587 1251 1644 salutem
1281 1592 1312 1644 et
1342 1587 1486 1658 graciam
1520 1587 1607 1644 Licet

340 1693 417 1751 alias
440 1691 624 1765 magnificus
647 1692 696 1749 vir
719 1691 863 1748 dominus
893 1691 980 1748 Aluus
1012 1691 1135 1765 pridem
1166 1693 1310 1750 similiter
1331 1693 1420 1764 regni
1442 1691 1607 1750 Sclauonie

340 1799 448 1867 banus,
470 1799 631 1855 universos
654 1797 775 1855 nobiles
798 1798 830 1855 in
853 1797 995 1856 districtu
1018 1797 1163 1869 Gorycha
1193 1803 1421 1854 commorantes
1444 1803 1608 1855 eteorum

341 1905 520 1978 iobagiones
542 1903 665 1962 racione
689 1919 895 1976 expensarum
919 1919 998 1961 anno
1021 1904 1170 1977 preterito
1187 1919 1244 1978 per
1259 1919 1315 1961 nos
1331 1908 1361 1961 et
1377 1904 1608 1961 serenissimam

341 2011 500 2070 dominam
523 2010 654 2068 Mariam
677 2011 825 2082 reginam,
842 2015 1016 2068 consortem
1031 2015 1169 2068 nostram
1185 2011 1376 2068 carissimam
1400 2012 1430 2068 in
1454 2010 1608 2083 Zagrabia

341 2117 492 2176 factarum
516 2117 547 2174 in
570 2115 708 2174 ducentis
731 2117 844 2174 marcis
867 2115 990 2174 duxerit
1012 2115 1171 2188 taxandos,
1194 2117 1446 2190 commiseritque
1468 2121 1502 2173 ut
1525 2117 1610 2174 dicte

343 2224 472 2281 ducente
493 2239 596 2281 marce
619 2238 676 2296 per
698 2221 796 2280 dictos
818 2222 940 2280 nobiles
963 2221 1104 2296 providis
1135 2222 1211 2279 viris
1234 2222 1355 2280 civibus
1378 2227 1409 2280 et
1432 2222 1611 2296 hospitibus

342 2329 455 2388 nostris
477 2329 516 2386 de
539 2327 620 2386 dicta
643 2327 802 2400 Zagrabia,
826 2327 881 2401 qui
905 2328 989 2402 ipsas
1012 2343 1162 2401 expensas
1185 2343 1243 2402 pro
1266 2333 1371 2386 nostra
1393 2333 1428 2385 et
1450 2327 1531 2385 dicte
1555 2327 1610 2385 do·

342 2435 425 2494 mine
469 2434 566 2492 Marie
600 2433 812 2492 maiestatibus
844 2434 980 2507 propriis
1011 2449 1120 2492 eorum
1150 2435 1328 2508 sumptibus
1359 2434 1466 2492 fecisse
1501 2434 1611 2507 digno·

343 2545 476 2612 senatur,
500 2540 567 2598 dari
590 2539 768 2598 debuissent
790 2543 821 2597 et
840 2540 997 2614 persolvi;
1024 2545 1128 2597 tamen
1149 2544 1184 2597 ut
1207 2541 1426 2612 intelleximus,
1449 2540 1529 2598 dicte
1553 2539 1611 2597 du·

343 2651 428 2705 cente
451 2662 555 2704 marce
578 2660 638 2719 pro
660 2645 750 2702 dictis
772 2645 885 2702 nostris
909 2645 1031 2703 civibus
1054 2646 1183 2704 minime
1198 2651 1269 2704 sunt
1286 2647 1450 2719 persolute.
1467 2645 1611 2719 Cumque

344 2769 406 2812 non
427 2753 562 2810 velimus
585 2751 682 2809 dictos
705 2751 788 2808 cives
810 2757 932 2810 nostros
962 2752 994 2808 in
1025 2753 1205 2809 memoratis
1236 2753 1378 2825 expensis
1410 2767 1467 2826 pro
1495 2753 1611 2809 nostris

343 2859 544 2930 claritatibus,
567 2863 602 2915 ut
624 2856 781 2931 prefertur
804 2856 901 2928 lactis
917 2857 1089 2931 dampnum
1113 2858 1178 2930 pati
1194 2857 1338 2931 aliquale,
1355 2857 1498 2915 fidelitati
1515 2858 1612 2930 igitur

345 2971 447 3023 vestre
467 2964 600 3023 firmiter
623 2963 823 3038 precipiendo
845 2963 1038 3026 mandamus.
1069 2967 1220 3036 quatenus
1251 2962 1350 3020 dictos
1380 2964 1502 3020 nobiles
1524 2979 1612 3020 amo

343 3088 417 3130 nere
438 3071 550 3141 velitis,
574 3077 608 3128 ut
632 3071 730 3128 dietas
753 3069 899 3128 ducentas
922 3085 1042 3127 marcas
1073 3069 1199 3140 eisdem,
1222 3075 1256 3127 ut
1285 3070 1483 3144 premittitur,
1510 3069 1611 3143 impo-

344 3179 427 3250 sitas,
451 3177 623 3236 memoritis
646 3177 759 3235 nostris
789 3177 911 3234 civibus
934 3176 972 3234 de
1002 3176 1154 3249 Zagrabia
1184 3177 1365 3250 persolvant
1388 3177 1452 3233 sine
1475 3176 1611 3234 diminu-

345 3285 432 3342 cione
454 3283 592 3357 aliquali,
616 3283 753 3356 alioquin
778 3281 904 3339 eosdem
927 3281 967 3340 ad
989 3283 1180 3341 solucionem
1200 3282 1410 3356 predictarum
1432 3298 1614 3340 marcarum

345 3406 403 3465 per
425 3389 607 3463 gravamina
630 3393 775 3446 consveta
797 3388 993 3462 compellatis
1016 3393 1046 3446 et
1069 3390 1253 3461 astringatis.
1276 3389 1311 3446 In
1327 3405 1398 3446 casu
1415 3395 1527 3458 autem,
1547 3404 1611 3462 quo

346 3511 403 3554 vos
425 3494 550 3553 easdem
573 3509 694 3552 marcas
717 3509 735 3551 a
758 3492 904 3568 sepefatis
926 3495 1086 3552 nobilibus
1110 3495 1296 3567 exigessetis.
1313 3501 1423 3553 extunc
1439 3495 1522 3568 ipsas
1540 3511 1611 3568 pre·

346 3602 459 3661 notatis
481 3601 594 3659 nostris
618 3600 739 3658 civibus
761 3606 792 3658 et
813 3600 988 3674 hospitibus
1004 3600 1042 3658 de
1057 3600 1209 3673 Zagrabia
1231 3601 1305 3658 dare
1328 3607 1359 3658 et
1380 3603 1536 3673 assignare
1560 3601 1614 3658 de-

347 3709 446 3766 beatis
469 3723 540 3765 cum
564 3707 692 3776 effectu3
715 3713 745 3764 et
767 3705 854 3764 aliud
876 3721 935 3780 pro
957 3711 1062 3764 nostra
1085 3706 1189 3779 gracia
1212 3723 1274 3764 non
1297 3707 1416 3764 facturi.
1440 3705 1556 3764 Datum
1580 3707 1613 3764 in

347 3814 523 3888 vissegrad,
547 3812 624 3871 len'a
647 3813 754 3886 quinta
777 3812 921 3886 proxima
942 3805 1035 3890 (ante)
1052 3811 1165 3870 festum
1182 3813 1345 3870 beatorum
1360 3813 1499 3886 Philippi
1515 3819 1546 3869 et
1560 3813 1612 3896 Ja-

347 3921 417 3979 cobi
433 3920 655 3995 apostolorum.
680 3912 777 3976 Anno
791 3918 909 3976 domini
932 3917 1158 3976 MCCCLXXX
1174 3923 1292 3976 octavo.
1315 3919 1474 3977 Presentes
1493 3934 1570 3976 vero
1590 3920 1617 3976 si

347 4043 435 4086 secus
458 4025 592 4083 feceritis
607 4025 638 4082 in
654 4025 814 4097 premissis
829 4023 919 4082 reddi
941 4025 1085 4082 iubemus
1109 4026 1305 4098 presentanti.
1328 4025 1446 4082 Datum
1462 4031 1615 4099 utsupra

439 4125 580 4192 Originale
599 4123 627 4174 in
645 4123 743 4183 charta,
763 4123 790 4174 in
809 4139 862 4188 qua
879 4139 1036 4190 oppressum
1053 4129 1093 4175 est
1111 4123 1231 4190 sigillum
1249 4123 1335 4174 minus
1353 4123 1433 4189 regis.
1460 4123 1491 4173 In
1515 4123 1617 4173 archiv.

347 4215 394 4267 lib.
420 4230 474 4282 reg.
494 4213 543 4264 civ.
562 4213 667 4279 ragrab.

937 4302 1027 4369 333.

454 4428 530 4477 Anno
552 4426 626 4490 1389,
646 4435 687 4484 31.
702 4424 826 4492 januarii.
846 4424 984 4476 Varadini.

351 4537 553 4613 Segismundus
574 4536 752 4610 Hungariae
773 4543 821 4593 etc.
846 4555 908 4606 rex,
931 4536 1074 4596 Lodisloo
1100 4537 1135 4594 de
1161 4536 1290 4594 Losomn
1313 4536 1390 4594 bano
1407 4537 1559 4608 praecipit,
1585 4545 1620 4593 ut

349 4646 441 4720 ipsum
452 4644 485 4702 de
500 4643 647 4701 interanea
653 4650 713 4716 per
726 4643 805 4716 episc.
822 4643 939 4717 zagrab.
949 4643 1118 4720 johannem
1132 4645 1183 4701 cin.
1196 4643 1325 4718 imposito
1342 4643 1488 4700 cernerem
1503 4642 1614 4700 reddat.

1149 4757 1243 4813 Propria
1257 4755 1385 4801 commissio
1400 4755 1483 4800 domini
1499 4756 1564 4810 regin

438 4857 654 4932 sigismundus
678 4855 728 4915 dei
750 4857 855 4930 gracia
876 4874 932 4915 rex
959 4857 1126 4931 Hungarie,
1156 4857 1324 4925 Dalmacie‚
1348 4855 1471 4913 Croatie
1493 4859 1558 4926 etc,
1583 4870 1622 4912 ac

351 4966 495 5025 marchio
520 4963 840 5036 Brandemburgensis
862 4969 917 5022 etc.
940 4963 1040 5022 Fideli
1062 4978 1119 5021 suo
1143 4962 1264 5034 dilect0,
1287 4959 1453 5034 magnifico
1474 4960 1544 5018 viro
1567 4960 1625 5019 do
