3728 5806
383 559 444 616 320
753 543 825 599 Doc.
844 553 917 620 345.
937 539 1013 620 346.
1042 576 1077 585 -
1104 543 1158 600 An.
1186 557 1270 619 ¹391·

416 647 696 654 ...-—.—-...—.....——.
744 647 975 654 ..ὴ--

380 709 481 796 reddi
493 739 637 796 iubemus
660 741 855 814 presentanti.
880 739 995 797 Datum
1019 741 1050 797 in
1073 739 1183 810 Zakan,
1208 741 1302 798 tercio
1319 741 1368 798 die
1385 740 1456 799 festi
1473 743 1555 800 beati
1571 744 1646 800 Arn-

382 845 479 901 brosii
502 844 648 918 episcopi.
674 846 763 902 Anno
786 845 903 902 domini
927 845 1095 902 millesimo
1119 845 1196 902 CCC
1220 847 1419 918 nonagesimo
1443 848 1552 920 primo.

471 977 611 1042 Originale
631 977 657 1028 in
677 980 836 1036 membrana,
857 979 933 1028 valde
952 994 1066 1029 exesum.
1087 979 1189 1043 inquo
1211 980 1351 1045 vestigium
1371 981 1490 1046 appressi
1512 982 1600 1046 sigilli.
1616 982 1648 1031 ln

380 1066 451 1116 arch.
470 1067 516 1116 lib.
536 1082 590 1132 reg.
611 1066 659 1117 civ.
680 1068 783 1132 zagrab.
803 1067 900 1118 Confer
920 1067 989 1118 inira
1007 1085 1102 1120 annum
1124 1071 1197 1128 1382,
1218 1081 1258 1130 24
1279 1070 1400 1134 Augusti.

971 1299 1059 1366 345.

488 1445 564 1492 Anno
587 1451 659 1505 1391,
681 1453 721 1502 24.
740 1441 821 1508 Junii.
840 1441 994 1506 Zagrabiae.

404 1569 542 1626 Detn'cus
564 1570 665 1626 Bubek
686 1571 787 1640 banus,
811 1571 884 1627 cr'ocs
912 1569 1085 1628 Grcclccnscs
1107 1571 1231 1643 regalem
1255 1590 1365 1628 censum
1388 1586 1432 1648 40
1454 1591 1617 1630 morcarum

880 1677 1004 1746 soluisse,
1027 1677 1151 1734 nuntiat.

470 1818 533 1876 Nos
556 1819 700 1877 Detricus
728 1819 833 1878 Bubek
864 1821 950 1892 regni
980 1818 1143 1877 Sclauonie
1171 1821 1278 1878 banus
1311 1823 1459 1879 Memorio
1492 1838 1646 1880 commen·

382 1925 492 1982 damus
515 1941 570 1999 per
593 1933 758 1998 presentes,
783 1925 866 1998 quod
892 1927 964 1998 quia
988 1925 1112 2001 providi
1137 1927 1196 1983 viri
1227 1927 1381 2008 Johannes
1413 1927 1505 1985 iudex
1530 1935 1559 1985 et
1581 1931 1646 1985 uni·

382 2033 465 2089 versi
488 2033 572 2089 cives
595 2031 633 2088 de
657 2039 761 2089 monte
785 2032 930 2089 Grecensi
962 2032 1165 2104 quadraginta
1197 2048 1325 2102 marcas
1357 2049 1434 2106 quas
1461 2034 1521 2107 ipsi
1547 2034 1648 2091 indie

381 2145 574 2208 strennarum
599 2139 638 2196 ad
662 2155 778 2196 novum
802 2155 926 2210 annum,
950 2139 1034 2210 wigo
1059 2137 1141 2195 Beud
1167 2138 1293 2208 dictum,
1317 2139 1444 2197 domino
1460 2146 1566 2197 nostro
1582 2143 1647 2213 regi

381 2245 502 2302 solvere
526 2244 712 2314 debuissent,
738 2262 775 2301 ex
799 2245 898 2301 edicto
922 2244 1059 2302 eiusdem
1084 2243 1202 2301 domini
1225 2246 1321 2302 nostri
1345 2247 1425 2316 regis
1448 2253 1478 2302 et
1501 2247 1645 2303 commis-

381 2352 466 2408 sione
490 2351 579 2408 nobis
603 2357 745 2408 oretenus
769 2349 857 2421 faeta,
889 2350 926 2406 ad
960 2349 1040 2406 sacta
1071 2350 1208 2406 eiusdem
1240 2353 1323 2422 regie
1355 2352 1523 2408 maiestatis
1556 2353 1645 2408 nobis

382 2457 520 2530 plenarie
544 2458 767 2530 persolverunt.
792 2457 865 2513 ldeo
889 2458 981 2529 ipsos,
1005 2455 1137 2513 iudicem
1172 2463 1202 2513 et
1231 2459 1390 2514 universos
1417 2459 1500 2514 cives
1525 2460 1645 2514 racione

381 2569 411 2620 et
435 2569 576 2634 pretextu
602 2563 825 2635 persolueionis
850 2563 988 2635 ipsarum
1020 2562 1224 2633 quadraginta
1255 2579 1438 2620 marcarum.
1463 2566 1643 2621 auctoritate

381 2669 466 2741 regia
489 2669 578 2725 nobis
602 2669 632 2724 in
656 2669 713 2724 hac
734 2675 820 2740 parte
844 2669 979 2724 atributa
1004 2669 1217 2724 commisimus
1242 2669 1308 2725 fore
1324 2669 1484 2742 expeditos
1500 2679 1530 2726 et
1546 2670 1645 2728 modis

383 2775 527 2830 omnibus
539 2775 708 2843 absolutos,
726 2790 832 2844 ymmo
850 2775 932 2846 ipsos
945 2774 1091 2830 volumus
1109 2791 1202 2846 super
1219 2775 1378 2846 premissis
1393 2781 1555 2848 protegere
1572 2777 1646 2833 locis

381 2887 410 2936 et
423 2881 615 2952 temporibus
631 2881 823 2953 opportunis,
837 2880 944 2950 vigore
964 2880 1156 2951 presencium
1174 2881 1334 2938 mediante.
1351 2881 1466 2938 Datum
1480 2881 1646 2953 Zagrabye‚

382 2987 412 3042 in
436 2985 514 3042 festo
538 2986 620 3042 beati
643 2986 790 3068 Johannis
816 2986 956 3058 baptiste.
983 2986 1071 3040 rinno
1095 2985 1212 3042 domini
1230 2987 1483 3043 MCCCLXXXX
1508 2989 1617 3061 primo.

471 3102 610 3168 Originale
630 3102 656 3151 in
676 3103 774 3152 charta.
795 3102 918 3166 Sigillum
939 3117 1099 3166 appressum.
1120 3101 1150 3150 In
1169 3103 1239 3152 arch.
1259 3106 1276 3152 l.
1296 3119 1316 3152 r.
1338 3103 1409 3154 civit.
1430 3105 1534 3170 zagrab.

968 3335 1059 3402 346.

487 3461 562 3508 Anno
585 3468 658 3522 1391,
679 3469 700 3516 5.
721 3458 884 3524 septembris.
906 3460 1029 3522 l'olegae.

381 3586 581 3658 Sigisnmndus
609 3586 786 3658 Huccgorc'oc
813 3595 860 3643 ccc.
891 3606 945 3643 rex
958 3587 1099 3662 siriciani
1123 3587 1249 3660 episcopo
1270 3587 1385 3661 zagrai.
1410 3607 1446 3644 nc
1468 3589 1541 3646 cives
1571 3587 1645 3647 Gre-

379 3692 490 3748 clrcnscs
513 3691 547 3747 de
570 3691 704 3748 sedecimo
730 3699 819 3764 parte
844 3691 1025 3760 docrinarum,
1045 3693 1131 3749 dcccc
1156 3695 1201 3750 c'us
1216 3701 1276 3765 per
1297 3694 1478 3750 tavocnicum
1499 3695 1650 3764 diceretur,

863 3798 1001 3868 turbaret,
1017 3797 1171 3872 praecipit.

472 3923 688 3996 Sigismundus
711 3923 760 3980 dei
784 3925 888 3996 gracia
911 3941 966 3982 rex
990 3926 1156 3998 Hungarie‚
1188 3927 1357 3997 Dalmacie,
1385 3927 1512 3985 Croacie
1535 3933 1589 3985 etc.
1612 3943 1650 3986 ac

384 4031 522 4088 marchio
554 4029 871 4102 Brandemburgensis
902 4039 955 4089 etc.
988 4033 1147 4090 Fidelibus
1169 4035 1231 4090 suis
1255 4033 1385 4104 dilectis,
1409 4033 1538 4103 devotis,
1562 4049 1650 4090 reve—

382 4136 478 4193 rendo
502 4137 532 4192 in
556 4136 680 4192 Christo
711 4137 792 4210 patri
823 4137 950 4195 domino
976 4138 1109 4221 Johanni
1132 4140 1278 4212 episcopo
1301 4139 1492 4212 zagrabiensi
1514 4145 1543 4196 et
1566 4141 1650 4211 eapi-

383 4242 449 4298 tulo
480 4243 541 4299 loci
572 4241 718 4311 eiusdem,
751 4245 884 4300 salutem
915 4249 944 4301 et
975 4245 1119 4316 graciam.
1143 4244 1299 4302 Fidelitati
1323 4251 1425 4302 vestre
1448 4245 1541 4302 firmo
1563 4247 1651 4317 regio

383 4346 494 4405 damus
518 4348 576 4404 sub
607 4347 715 4416 edicto,
747 4355 897 4421 quatenus
927 4349 1035 4407 fideles
1059 4351 1141 4408 civ-es
1165 4367 1218 4408 seu
1241 4352 1379 4425 hospites
1401 4357 1522 4409 nostros
1544 4367 1651 4424 cagra-

382 4453 503 4510 bienses
526 4453 565 4510 de
589 4459 692 4510 monte
716 4453 862 4512 Grecensi
885 4456 1017 4527 interim,
1041 4473 1202 4531 quousque
1226 4459 1275 4515 vir
1298 4457 1482 4530 magnificus
1505 4457 1651 4516 dominus

382 4559 528 4617 Nicolaus
552 4558 590 4616 de
616 4559 729 4617 Kanisa
761 4561 908 4632 magister
939 4564 1168 4620 tavamicorum
1191 4547 1367 4621 nostrorum
1390 4563 1456 4620 illie
1479 4565 1650 4635 accesserit,

383 4667 413 4724 in
438 4664 625 4739 quibusdam
643 4665 770 4723 decimis
786 4666 938 4724 sedecime
956 4669 1052 4740 partis
1068 4670 1098 4726 in
1116 4671 1270 4726 territorio
1287 4671 1383 4742 ipsius
1399 4671 1532 4728 civitatis
1547 4676 1653 4728 nostre

383 4773 506 4840 habitis,
530 4787 624 4845 super
646 4773 760 4844 quibus
784 4773 863 4830 inter
884 4789 939 4830 vos
964 4779 994 4830 et
1017 4775 1101 4847 ipsos
1125 4777 1207 4833 cives
1228 4775 1291 4833 litis
1314 4778 1444 4834 materia
1468 4779 1547 4834 verti
1563 4777 1653 4835 dino-

382 4878 485 4948 scitur,
509 4892 569 4934 oon
593 4875 731 4934 debeatis
762 4877 915 4952 impedire
938 4885 991 4936 aut
1014 4880 1192 4953 aliqualiter
1219 4883 1409 4955 perturbare,
1427 4883 1529 4955 gracie
1545 4891 1652 4942 nostre

382 4985 440 5042 sub
471 4983 606 5041 obtentu.
637 4982 753 5040 Datum
785 4985 815 5041 in
849 4984 1029 5058 Posegauar,
1054 4985 1131 5044 feria
1154 4987 1248 5044 tercia
1270 4989 1414 5061 proxima
1438 4997 1508 5046 ante
1531 4989 1649 5048 festum
