3824 5806
328 572 478 634 ,m
829 549 1250 630 Qffi-Mw

414 756 498 814 filius
513 756 602 814 Pauli
618 765 648 813 et
664 755 743 812 alter
758 754 922 837 Johannes,
939 752 1022 810 filius
1037 753 1145 835 Jacobi
1162 768 1198 808 ac
1214 752 1330 820 Petrus,
1343 751 1427 809 filius
1442 749 1594 822 Gregorii,
1610 764 1683 806 con·

414 863 486 920 clam
502 861 626 932 iudices,
642 863 787 933 civesque
803 860 936 917 civitatis
952 858 1066 916 montis
1078 857 1263 916 Grechensis
1279 857 1317 914 de
1329 857 1479 930 Zagrabia
1495 856 1525 912 in
1541 855 1681 928 ipsorum

413 975 442 1025 et
462 969 678 1026 universorum
701 967 817 1024 civium
840 980 876 1022 ac
899 965 996 1022 tocius
1019 962 1249 1022 communitatis
1272 961 1311 1020 de
1334 960 1441 1019 eadem
1470 961 1617 1033 personis,
1641 957 1680 1016 ad

413 1081 550 1132 nostram
575 1073 778 1147 personaliter
801 1070 951 1128 veniendo
976 1071 1176 1144 presenciam,
1196 1068 1383 1136 Ladislaum,
1407 1065 1507 1124 filium
1526 1065 1682 1122 Valentini

413 1182 452 1238 de
468 1181 636 1238 Lomnicha
652 1185 681 1235 et
696 1177 892 1250 Gregorium,
916 1177 1018 1234 lilium
1043 1175 1174 1242 Martini,
1191 1174 1308 1232 dictum
1329 1173 1464 1239 Hrelich,
1481 1170 1613 1228 condam
1629 1184 1680 1226 co-

414 1289 504 1344 mites
527 1291 687 1344 terrestres
706 1284 745 1342 de
762 1299 874 1356 campo
897 1281 1096 1354 zagrabiensi,
1121 1296 1235 1338 necnon
1262 1280 1402 1348 Paulum,
1426 1277 1528 1335 lilium
1552 1276 1634 1332 Petri
1651 1282 1682 1330 et

414 1393 586 1462 Nicolaum,
599 1391 701 1449 filium
716 1390 833 1447 Nicolai
846 1404 917 1446 cum
931 1404 1039 1448 eorum
1057 1387 1205 1444 iratribus
1222 1386 1372 1443 universis
1384 1399 1487 1441 coram
1502 1383 1591 1440 nobis
1604 1381 1681 1438 facie

413 1497 450 1555 ad
478 1498 587 1555 taciem
604 1503 751 1571 repertos,
764 1511 880 1553 necnon
894 1493 1083 1567 Stephanum
1099 1501 1130 1550 et
1147 1491 1333 1561 ladislaum,
1351 1491 1432 1548 tilios
1446 1489 1607 1556 Benedicti,
1622 1487 1681 1545 filii

413 1605 533 1661 Lucasii
555 1619 591 1660 ac
613 1602 809 1675 Gregorium
832 1600 934 1658 filium
971 1599 1140 1671 Mychaelis
1162 1597 1201 1655 de
1225 1597 1310 1654 Odra
1332 1613 1367 1654 ac
1390 1597 1514 1654 Petrum
1537 1601 1566 1651 et
1590 1594 1681 1651 Nico-

414 1711 508 1780 laum,
532 1709 614 1766 filios
638 1707 757 1765 Nicolai
779 1707 818 1763 de
842 1707 942 1763 Mlaca
964 1721 1000 1762 ac
1021 1705 1100 1761 alios
1131 1704 1286 1776 quoslibet
1316 1704 1357 1760 ab
1380 1701 1520 1758 ulteriori
1547 1715 1678 1772 occupa-

414 1817 509 1886 cione,
541 1814 745 1888 usurpacione
768 1818 798 1870 et
821 1812 1001 1869 detencione
1024 1825 1199 1882 usuumque
1229 1824 1265 1866 ac
1296 1807 1452 1865 fructuum
1476 1813 1506 1863 et
1531 1821 1678 1879 quarum-

413 1922 491 1978 libet
513 1921 646 1977 aliarum
670 1919 838 1976 utilitatum
862 1916 1069 1991 quarumdam
1094 1915 1322 1988 possessionum
1346 1919 1376 1970 et
1400 1913 1582 1986 porcionum
1607 1925 1677 1985 pos-

413 2027 667 2084 sessionariarum
696 2039 804 2080 eorum
838 2023 999 2080 Petrouina
1031 2027 1061 2079 et
1092 2021 1231 2078 Hrascha
1257 2026 1436 2077 vocatarum
1469 2018 1680 2092 percepcione

414 2134 442 2190 in
466 2131 652 2204 easdemque
674 2147 707 2186 se
730 2129 957 2187 intromissione
979 2133 1009 2186 et
1032 2125 1156 2184 easdem
1180 2127 1239 2184 sibi
1260 2125 1496 2199 perpetuacione
1521 2123 1599 2180 lacta
1624 2123 1675 2179 vel

414 2237 561 2306 facienda,
587 2237 811 2309 prohibuerunt
834 2233 1072 2292 contradicendo
1095 2241 1125 2290 et
1148 2231 1399 2290 contradixemnt
1430 2229 1598 2288 inhibendo
1630 2244 1680 2286 co

413 2358 480 2399 ram
505 2343 603 2412 nobis,
627 2341 802 2398 testimonio
830 2339 1023 2413 presencium
1057 2337 1218 2394 mediante.
1254 2336 1412 2393 Preseutes
1443 2341 1546 2392 autem
1567 2334 1679 2406 sigillis

412 2449 524 2506 nostris
548 2447 735 2516 absentibus,
759 2447 864 2518 sigillo
895 2445 1035 2516 magistri
1066 2445 1188 2502 Martini
1221 2444 1298 2501 Dens
1330 2443 1471 2500 vicebani
1498 2449 1528 2499 et
1552 2443 1675 2499 comitis

414 2556 510 2612 nostri
533 2554 740 2626 zagrabiensis
763 2551 891 2609 fecimus
914 2552 1094 2623 consignari.
1118 2551 1232 2608 Datum
1257 2549 1414 2622 Zagrabie,
1435 2550 1465 2606 in
1484 2548 1562 2606 testo
1577 2557 1680 2606 sancte

415 2661 580 2718 Trinitatis
607 2662 695 2716 Anno
718 2659 834 2716 domini
860 2657 968 2715 MCCC
989 2659 1188 2730 nonagesimo
1211 2659 1327 2730 quintu.

503 2795 643 2861 Originale
662 2795 689 2844 in
707 2795 803 2843 charta.
824 2794 949 2860 Sigillum
968 2809 982 2843 a
1002 2798 1078 2860 tergo
1092 2793 1256 2858 impressum,
1275 2792 1382 2841 decidit.
1396 2791 1426 2840 ln
1440 2791 1549 2841 archivo
1564 2791 1610 2841 u'b.
1624 2805 1680 2856 reg.

415 2885 487 2936 civit.
507 2883 692 2950 zagra‘oieusis.

1002 3097 1089 3166 376.

501 3242 577 3290 Anno
599 3248 672 3301 1395,
695 3248 732 3287 lo.
752 3237 833 3304 Junii.
853 3237 1007 3302 Zagrabiae.

420 3369 584 3442 Capitulum
614 3365 730 3438 zagrob.
762 3366 914 3422 norimdlos
943 3365 1056 3434 nobiles,
1086 3366 1140 3440 qni
1165 3365 1319 3424 sinuationi
1346 3365 1494 3422 cuiusdam
1511 3365 1679 3438 particulae

411 3483 506 3533 terrae
520 3475 627 3532 civibus
648 3471 856 3530 Greclrensibus
863 3472 968 3547 sactae
990 3471 1234 3541 contradixerant,
1263 3471 1305 3528 ad
1326 3471 1462 3528 iudicium
1478 3471 1583 3528 banale
1597 3472 1676 3528 cetat.

503 3635 667 3708 Magnifico
690 3635 757 3692 viro
773 3635 900 3692 domino
916 3635 1041 3692 Detrico
1057 3633 1172 3705 Bubek,
1188 3635 1275 3706 regni
1291 3633 1453 3692 Sclauonie
1470 3635 1560 3702 bano,
1576 3635 1678 3691 amico

413 3757 522 3800 eorum
546 3739 734 3809 honorando
758 3741 928 3812 capitulum
952 3741 1079 3798 ecclesie
1110 3740 1317 3812 aagrahiensis
1340 3739 1512 3796 amiciciam
1537 3747 1677 3812 paratam

414 3865 484 3906 cum
509 3848 633 3905 honore.
658 3845 787 3902 Noverit
811 3851 914 3902 vestra
938 3845 1173 3917 magnificentia,
1197 3845 1279 3918 quod
1304 3859 1375 3902 cum
1399 3859 1455 3901 nos
1478 3844 1563 3901 iuxta
1583 3844 1679 3900 conti·

412 3955 535 4012 nencias
559 3953 735 4010 litterarum
757 3952 944 4009 serenissimi
967 3951 1116 4024 principis
1138 3951 1256 4008 domini
1280 3949 1479 4022 Sigismundi,
1505 3949 1554 4006 dei
1571 3951 1674 4021 gracia

415 4058 616 4117 illustrissimi
632 4057 714 4128 regis
734 4057 899 4126 Hungarie‚
915 4056 1085 4128 Dalmacie,
1101 4056 1228 4113 Croacie
1243 4061 1298 4113 etc.
1314 4055 1562 4126 marchionisque
1585 4054 1677 4111 Bran·

414 4163 657 4236 (lemburgensis,
674 4168 729 4220 etc.
746 4161 863 4220 domini
879 4162 975 4219 nostri
991 4161 1141 4219 naturalis
1156 4161 1478 4231 reambulatoriarum,
1495 4161 1604 4218 maiori
1622 4175 1678 4218 suo

413 4271 519 4343 sigillo
531 4268 747 4341 sigillatarum,
761 4283 819 4340 pro
830 4267 938 4330 iudice.
955 4269 1063 4325 iuratis
1080 4275 1110 4324 et
1121 4268 1273 4325 universis
1285 4267 1406 4324 civibus
1418 4267 1550 4323 civitatis
1565 4269 1679 4324 montis

414 4375 598 4434 Grechensis
622 4380 833 4431 emanatarum
863 4374 1015 4446 nobisque
1038 4373 1234 4444 directarum,
1257 4387 1389 4430 unacum
1420 4370 1585 4445 Stephan0,
1611 4372 1678 4430 filio

413 4481 520 4540 Chrnk
543 4481 581 4538 de
605 4481 768 4550 Koznicha‚
794 4481 917 4537 homine
942 4481 1036 4551 regio,
1054 4480 1084 4536 in
1100 4479 1190 4536 dictis
1205 4479 1317 4536 litteris
1332 4477 1583 4534 reambulatoriis
1600 4478 1679 4536 inter

413 4589 491 4646 alios
522 4587 662 4644 homines
691 4587 792 4658 regios
823 4585 1013 4660 conscriptos
1044 4600 1188 4658 expresse
1214 4585 1380 4651 nominato,
1403 4587 1543 4640 nostrum
1579 4583 1678 4640 homi-

410 4711 493 4762 men,
525 4692 670 4750 videlicet
701 4691 915 4749 honorabilem
945 4696 975 4748 et
1001 4690 1169 4748 discretum
1192 4691 1295 4746 virum
1320 4688 1481 4745 dominum
1504 4687 1676 4769 Johannem

414 4800 581 4868 Lanceloti,
605 4799 722 4856 socium
746 4804 776 4854 et
798 4798 1037 4854 concanonicum
1062 4803 1201 4854 nostrum
1226 4795 1264 4852 ad
1288 4793 1517 4868 infrascriptam
1533 4796 1678 4851 reambu-

413 4907 564 4964 lacionem
582 4904 754 4962 faciendam
778 4909 891 4970 nostro,
907 4919 964 4977 pro
981 4904 1156 4961 testimonio
1176 4902 1451 4959 transmisissemus
1468 4899 1677 4972 fidedignum;

414 5013 468 5086 qui
491 5011 692 5086 postmodum
717 5009 755 5067 ad
778 5024 834 5067 nos
857 5009 982 5079 reversi,
1004 5011 1094 5066 nobis
1111 5007 1304 5066 concorditer
1320 5007 1498 5069 retulerunt.
1515 5005 1600 5080 quod
1617 4999 1677 5082 ipsi
