3600 5804
579 552 652 610 Doc.
676 565 745 610 222.
773 585 809 594 -
836 553 891 610 An.
916 564 1001 630 1351.

164 751 332 809 tinenciam
356 750 487 825 predicti
510 750 629 808 domini
652 751 725 808 bani
756 748 829 807 dare
863 755 893 807 et
923 751 1045 808 solvere
1073 755 1241 821 teneantur,
1265 751 1360 808 salvis
1384 751 1436 809 de·

170 858 259 916 cimis
282 857 513 930 episcopalibus
536 862 566 914 et
590 856 718 930 capituli
740 856 859 930 absque
890 849 1002 934 (mora)
1033 857 1071 914 ad
1096 857 1222 914 cellaria
1255 857 1436 914 eorumdem

166 963 308 1038 episcopi
331 968 361 1020 et
384 962 513 1036 capituli
536 963 568 1020 in
591 962 692 1035 specie
716 959 901 1020 debentibus
924 964 1096 1037 provenire.
1118 964 1233 1020 Datum
1251 963 1343 1036 dude,
1360 963 1437 1022 feria

166 1068 303 1126 secunda
326 1069 471 1144 proxima
483 1075 554 1142 post
569 1066 757 1126 dominicam
773 1069 868 1126 ramis
884 1069 1070 1143 palmarum.
1085 1070 1173 1127 Anno
1190 1068 1309 1128 domini
1325 1067 1435 1128 MCCC

167 1176 427 1249 quinquagesimo
450 1175 562 1248 primo.
751 1164 757 1178 '

255 1292 279 1341 E
298 1291 370 1343 libro
390 1292 516 1343 statutor.
536 1306 592 1358 cap.
612 1292 716 1359 zagrab.
742 1309 767 1358 p.
792 1291 838 1344 1v.
865 1307 885 1342 c.
911 1291 930 1342 1.
951 1293 1024 1359 Joau.
1049 1291 1164 1342 Tkaldic'.
1184 1291 1253 1342 Mon.
1274 1291 1334 1342 hist.
1355 1291 1434 1358 episc.

166 1381 273 1448 zagrab.
293 1379 327 1430 11.
347 1397 372 1446 p.
395 1389 539 1439 ior-103.

762 1559 846 1626 222.

277 1721 354 1770 Anno
377 1727 451 1778 1351,
474 1728 512 1774 17.
531 1719 603 1770 maii.
625 1719 778 1786 Zagrabiae.

171 1867 316 1924 Mcolaas
340 1867 420 1940 epr'sc.
443 1867 560 1940 aagrcrb.
583 1867 717 1923 Blasium
745 1868 871 1940 prauum
895 1869 1051 1941 plebanum
1083 1868 1296 1926 novovillanum
1327 1868 1440 1940 eiusque

170 1991 349 2042 successores,
369 1981 425 2046 pro
449 1973 636 2048 „spccralr'bus
663 1973 839 2047 ίαρείίαιιίςα
869 1975 950 2046 episc.
972 1973 1088 2046 aagrab.
1113 1972 1255 2030 habendos
1281 1991 1338 2030 esse
1363 1973 1435 2030 dicit.

257 2134 406 2191 Nicolaus
438 2133 488 2191 dei
518 2137 547 2190 et
577 2133 747 2207 apostolice
777 2133 859 2192 sedis
897 2137 999 2208 gracia
1032 2135 1197 2209 episeopus
1223 2134 1438 2207 zagrabiensis.

168 2240 332 2300 Universis
356 2239 549 2312 presencium
572 2239 719 2296 noticiam
749 2240 910 2313 habituris,
941 2241 1074 2298 salutem
1105 2241 1137 2298 in
1170 2239 1297 2297 domino
1325 2241 1438 2314 sempi-

170 2355 299 2403 ternam.
323 2345 374 2416 Fa,
398 2360 458 2418 que
481 2345 512 2402 in
536 2349 737 2417 augmentum
762 2347 887 2405 honoris
909 2351 1013 2405 nostre
1040 2345 1168 2404 ecclesie
1190 2351 1221 2403 et
1243 2344 1283 2402 ad
1306 2346 1438 2419 subpor-

169 2451 301 2510 tandum
333 2450 429 2508 officii
459 2451 555 2508 nostri
582 2450 722 2508 debitum
756 2460 886 2526 possunt
916 2452 1040 2526 disponi
1070 2451 1197 2523 utiliter,
1221 2455 1292 2508 sunt
1315 2451 1438 2526 procul·

170 2557 268 2615 dubio
292 2557 443 2630 sagaciter
473 2555 668 2615 advertenda.
701 2557 928 2632 Perpendentes
960 2559 1062 2630 igitur,
1094 2557 1167 2632 quia
1197 2573 1294 2632 usque
1317 2556 1356 2614 ad
1380 2557 1437 2614 hec

171 2671 315 2737 tempora
338 2679 396 2738 per
418 2669 539 2721 nostros
562 2663 794 2738 predecessores
825 2679 886 2722 non
917 2665 1073 2722 invenitur
1098 2663 1192 2722 tuisse
1215 2663 1378 2738 provisum
1401 2661 1439 2722 de

170 2773 256 2826 certa
280 2783 413 2842 persona
436 2767 563 2840 ydonea,
588 2783 648 2842 que
671 2770 702 2827 in
725 2770 828 2827 missis
851 2770 1045 2859 celebrandis
1060 2770 1092 2828 in
1107 2775 1212 2828 nostra
1228 2769 1357 2828 ecclesia
1374 2785 1439 2826 ma-

170 2875 231 2932 iori
254 2875 340 2932 iuxta
363 2873 594 2932 ordinacionem
617 2876 777 2948 antiquam
800 2876 998 2950 subportaret
1029 2876 1241 2951 episcopalem
1264 2891 1439 2950 personam,

171 2980 228 3038 sed
252 2981 443 3038 invitabatur
465 2979 651 3054 quandoque
674 2997 753 3039 unus
784 2987 814 3040 et
842 2982 1033 3055 aliquociens
1063 2982 1142 3040 alter
1165 2988 1195 3039 et
1218 2980 1372 3038 interdum
1396 2981 1440 3039 in·

172 3087 331 3146 sufficiens
353 3087 497 3146 sacerdos
514 3087 553 3145 ad
569 3087 737 3146 servandas
753 3087 945 3146 ebdomadas
964 3088 1155 3161 episcopales
1171 3087 1201 3144 in
1219 3087 1311 3144 misse
1327 3086 1439 3156 oliicio,

174 3211 234 3268 que
265 3195 357 3252 nobis
387 3194 515 3252 minime
543 3195 732 3268 placuerunt
766 3193 837 3251 ideo
868 3210 931 3265 nos,
963 3193 1103 3250 volentes
1133 3194 1242 3251 honori
1270 3193 1440 3266 episcopali

174 3300 306 3374 provide
330 3301 490 3358 consulere
513 3302 543 3358 in
567 3301 625 3358 hac
648 3307 745 3374 parte,
769 3299 937 3358 discretum
972 3300 1076 3356 virum
1104 3299 1267 3356 dominum
1294 3299 1440 3367 Blasium,

173 3408 312 3480 primum
337 3405 508 3480 plebanum
532 3407 660 3464 ecclesie
683 3407 866 3464 sanctissimi
891 3407 1026 3480 baptiste
1047 3405 1204 3488 Johannis‚
1225 3405 1264 3462 de
1280 3404 1440 3476 Zagrabia‚

174 3515 204 3570 in
227 3519 369 3570 nostrum
393 3513 560 3586 specialem
590 3513 765 3586 recepimus
796 3512 1002 3585 capellanum,
1034 3512 1199 3584 ipsumque
1225 3515 1255 3568 et
1278 3525 1349 3568 suos
1372 3525 1440 3566 suc·

174 3635 310 3678 cessores
335 3635 390 3694 per
413 3624 563 3692 tempora,
588 3619 642 3677 tali
667 3619 863 3692 prerogativa
890 3619 969 3675 inter
992 3623 1094 3674 cetera
1117 3617 1264 3674 duximus
1289 3617 1440 3673 honoran-

174 3725 238 3798 dos,
262 3731 415 3800 quatenus
437 3725 504 3798 ipse
529 3724 647 3783 Blasius
672 3725 822 3798 plebanus
845 3729 876 3781 et
896 3725 945 3781 sui
968 3737 1158 3781 successores
1178 3739 1234 3796 pro
1252 3721 1441 3796 specialibus

176 3833 345 3906 capellanis
369 3832 530 3905 presulum
553 3831 759 3904 zagrabiensis
775 3831 901 3888 ecclesie
918 3830 955 3887 de
972 3834 1073 3886 cetero
1094 3829 1273 3898 habeantur,
1298 3829 1442 3901 ipsasque

176 3938 367 3997 ebdomadas
390 3937 592 4011 episcopales,
617 3938 762 4010 quociens
793 3943 954 3994 occurrent
984 3935 1134 3992 servande
1158 3935 1189 3992 in
1213 3935 1305 3990 misse
1329 3931 1442 4002 officio

178 4050 336 4101 teneantur
358 4059 429 4100 cum
453 4043 620 4100 devocione
644 4043 748 4100 debita
779 4044 954 4100 observare.
986 4043 1019 4099 ln
1051 4056 1185 4114 quorum
1217 4040 1441 4113 premissorum

178 4149 386 4207 testimonium
410 4155 568 4222 presentes
585 4149 731 4206 duximus
751 4145 967 4206 concedendas.
985 4149 1100 4206 Datum
1118 4147 1211 4204 XVIl.
1228 4146 1343 4202 mensis
1361 4145 1441 4202 maii.

179 4259 265 4314 Anno
289 4255 408 4314 domini
432 4254 568 4312 MCCCL
590 4257 701 4329 primo.

265 4392 285 4440 E
305 4391 377 4440 libro
397 4393 562 4442 Slatutorum
581 4392 658 4458 capit.
679 4393 782 4456 zagrab.
802 4409 827 4458 p.
847 4392 893 4441 lV.
913 4407 933 4442 c.
956 4391 1044 4441 XXV.
1064 4391 1137 4456 Joan.
1159 4388 1275 4438 Thaltie.
1291 4387 1360 4436 Mon
1382 4385 1442 4436 hist.

180 4481 256 4546 episc.
277 4481 382 4546 zagrab.
403 4479 436 4530 ΙΙ.
456 4495 480 4544 p.
508 4489 564 4541 143.

263 4589 305 4637 Fr.
327 4587 489 4652 Augustinus
521 4587 661 4652 episcopus
686 4586 864 4652 zagrabiensis
884 4586 1087 4652 (1303-1322)
1108 4584 1134 4634 in
1162 4581 1272 4632 ecclesia
1298 4581 1445 4630 cathedrali

179 4691 226 4740 pro
245 4675 377 4725 sacrificio
396 4676 490 4726 missae
510 4677 663 4742 peragendo
683 4681 742 4726 octo
764 4675 985 4725 hebdomadarios
1004 4689 1059 4724 esse
1077 4672 1170 4724 voluit.
1186 4671 1221 4720 Hi
1236 4670 1290 4720 suis
1303 4663 1444 4718 hebdoma-

179 4764 254 4815 dibus
271 4780 376 4815 sacrum
394 4763 516 4828 quotidie
535 4780 614 4830 agere
640 4767 796 4815 tenebantur
820 4770 845 4813 et
864 4763 970 4827 quidem
991 4763 1134 4820 cantando;
1160 4765 1251 4825 postea
1270 4773 1333 4808 vero
1352 4757 1445 4807 missas

180 4851 243 4903 ritus
262 4853 372 4903 minoris
397 4855 440 4903 vel
466 4854 498 4902 de
524 4853 598 4912 seria,
624 4869 689 4916 quas
714 4851 915 4902 hebdomadarii
940 4851 990 4916 ipsi
1010 4852 1150 4900 absolvere
1169 4849 1307 4906 debebant,
1327 4845 1387 4896 aliis
1406 4861 1443 4893 sa-

180 4942 329 4992 cerdotibus
357 4942 562 5000 committebant,
579 4942 637 5005 ·qui
657 4942 692 4991 ob
714 4942 764 4991 hoc
793 4957 885 4991 munus
911 4939 1077 4990 commissum
1096 4954 1189 4988 nomen
1216 4933 1444 5001 „supportantium

181 5033 220 5080 vel
239 5033 452 5098 capellanorum“
467 5047 530 5082 mox
549 5031 637 5082 sortiti
655 5035 721 5080 sunt.
742 5031 781 5079 De
800 5031 849 5079 hac
868 5045 896 5079 re
914 5027 1068 5078 constitutio
1100 5025 1216 5075 eiusdem
1235 5021 1352 5089 episcopi
1366 5037 1445 5086 quam
