3904 5810
407 501 493 630 154¹
781 557 853 614 Doc.
879 569 944 634 175.
969 553 1036 634 176.
1061 590 1102 598 -
1127 557 1182 613 An.
1207 570 1295 633 1339.

408 660 696 669 —-—--——
706 663 715 668 -
992 663 1182 670 -.--—·-—-
1199 663 1213 668 .-

405 753 513 810 dantes
537 759 677 812 tenemur
699 754 862 812 admittere
885 755 924 812 ad
949 757 1033 830 pacis
1057 757 1199 813 unionem
1221 754 1366 812 devenire
1388 761 1417 812 et
1442 763 1593 830 perpetua
1611 763 1671 814 sta·

409 859 530 916 bilitate
554 860 654 932 ipsam
679 875 788 934 pacem
813 861 969 931 roborare,
997 869 1126 934 propter
1150 861 1194 917 rei
1218 867 1247 916 et
1270 859 1477 918 ordinacionis
1488 869 1674 935 perpetuam

404 965 650 1036 observandam,
682 973 715 1024 ut
747 967 939 1025 inviolabilis
971 972 1147 1040 perseveret
1182 965 1264 1023 dicta
1295 967 1380 1040 pacis
1416 965 1610 1040 reformacio‚
1632 968 1673 1026 ad

404 1071 516 1128 iustam
548 1073 733 1146 peticionem
765 1073 904 1146 parcium
935 1073 1140 1147 prescriptam
1165 1071 1425 1131 reformacionem
1448 1074 1534 1146 pacis
1558 1075 1670 1132 confir·

406 1177 561 1249 mandam,
594 1187 751 1253 presentes
776 1179 894 1236 litteras
917 1187 1036 1236 nostras
1060 1179 1281 1252 privilegiales,
1305 1195 1377 1238 cum
1399 1187 1505 1238 nostro
1528 1179 1672 1254 pendenti

405 1290 435 1341 et
463 1285 617 1342 autentico
647 1285 752 1358 sigillo
784 1294 890 1343 nostro
924 1285 1071 1343 duximus
1106 1285 1252 1359 predictis
1287 1287 1429 1360 partibus
1464 1286 1672 1345 conferendas.

405 1390 520 1448 Datum
544 1391 574 1448 in
598 1391 784 1463 Vyssegrad,
816 1390 892 1449 feria
924 1391 1017 1449 tercia
1048 1393 1191 1466 proxima
1219 1399 1289 1450 ante
1313 1391 1427 1451 festum
1451 1394 1672 1451 penthecostes.

405 1499 495 1554 Anno
518 1495 636 1554 domini
660 1497 859 1554 lthCCXXX
881 1513 969 1556 nono.

333 1663 341 1676 ,
493 1613 606 1664 Elibro
630 1615 756 1665 Statutor.
783 1614 860 1680 capit.
886 1616 991 1680 zagrab.
1016 1632 1040 1682 p.
1066 1615 1112 1666 lV.
1139 1631 1159 1666 c.
1180 1616 1269 1668 XVll.
1288 1618 1363 1684 Joan.
1384 1616 1500 1667 Tkaldie.
1521 1617 1591 1667 Mon.
1611 1617 1671 1667 hist.

406 1701 484 1767 episc.
504 1703 609 1768 zagrab.
629 1702 662 1752 11.
683 1719 707 1769 p.
730 1711 786 1762 137.

1001 1868 1081 1937 175.

516 1991 600 2047 Anno,
622 1999 695 2053 1339,
714 1991 738 2039 6.
758 1991 921 2056 septembris.
942 1991 1095 2057 Zagrabiae.

427 2101 549 2158 Fratres
572 2102 737 2160 Ir'ercmt'tue
759 2110 867 2160 lerrum
896 2103 927 2159 T
922 2104 1001 2176 upal,
1020 2111 1112 2177 prope
1137 2103 1322 2177 Zagrabium,
1345 2103 1422 2160 circa
1438 2111 1556 2176 portum
1579 2103 1656 2174 regis

722 2209 765 2266 ud
786 2209 896 2266 Savum
918 2210 1011 2280 sitam,
1031 2211 1156 2283 capitulo
1178 2210 1352 2267 renuntiant.

495 2351 734 2410 Venerabilibus
758 2353 842 2424 viris,
866 2353 1000 2412 dominis
1032 2355 1103 2424 suis,
1135 2354 1272 2427 capitulo
1302 2353 1509 2426 zagrabiensis
1537 2353 1673 2420 ecclesie,

406 2439 501 2516 frater
525 2457 641 2528 Petrus,
665 2460 752 2533 prior
777 2460 976 2532 provincialis
1001 2459 1133 2518 fratrum
1157 2461 1253 2517 sancti
1277 2460 1366 2516 Pauli
1396 2459 1490 2532 primi
1515 2459 1674 2528 heremite,

406 2563 523 2622 ordinis
548 2565 629 2622 beati
653 2566 826 2638 Augustini,
850 2566 880 2622 in
904 2581 1000 2638 regno
1023 2567 1189 2639 ilungarie‚
1213 2567 1392 2623 oracionum
1408 2565 1558 2637 suffragia
1577 2563 1672 2620 devo·

406 2675 515 2726 tarum.
540 2669 692 2742 Quamvis
715 2671 756 2728 ab
779 2671 936 2744 aliquibus
960 2673 1047 2729 annis
1071 2689 1108 2730 ex
1135 2673 1321 2745 benignitate
1344 2672 1429 2744 regia
1453 2671 1538 2744 prior
1562 2678 1592 2727 et
1612 2669 1672 2727 fra-

406 2779 468 2832 tres
497 2777 592 2833 nostri
626 2775 742 2834 ordinis
774 2776 812 2834 de
844 2775 995 2850 Zagrabia
1026 2777 1219 2852 possederint
1250 2776 1404 2850 quandam
1438 2777 1571 2834 insulam
1603 2791 1673 2833 cum

406 2887 496 2952 terra,
520 2882 620 2956 Tupal
643 2891 760 2955 vocata,
784 2885 865 2942 circa
889 2893 1015 2957 portum
1047 2883 1166 2942 domini
1196 2883 1278 2956 regis
1307 2899 1401 2956 super
1424 2881 1547 2952 Zauam,
1572 2897 1672 2956 prope

408 2988 602 3063 Zagrabiam,
627 2991 840 3061 constitutam;
864 2992 939 3048 visis
969 2998 1072 3049 tamen
1104 2991 1232 3049 ecclesie
1253 2999 1354 3048 vestre
1383 2991 1565 3064 privilegiis
1589 3004 1677 3063 repe·

407 3097 514 3166 rimus,
538 3096 620 3170 quod
646 3097 714 3170 ipsa
736 3098 836 3154 insula
860 3113 930 3155 cum
955 3105 1037 3154 terra
1060 3097 1197 3170 predicta
1220 3098 1280 3155 sibi
1304 3097 1455 3154 adiacenti
1474 3109 1534 3153 non
1554 3101 1675 3170 poterat

408 3204 584 3276 apropriari
607 3205 703 3262 nostri
727 3203 843 3261 ordinis
867 3205 974 3262 domui
998 3205 1135 3279 predicte
1158 3221 1195 3262 ex
1222 3205 1387 3276 largicione
1410 3204 1506 3272 regali
1530 3203 1581 3259 vel
1601 3203 1676 3259 alte-

408 3311 472 3367 rius
495 3311 726 3382 cuiuscumque,
750 3311 896 3383 quoniam
921 3311 1018 3385 ipsius
1041 3313 1247 3384 propietatem
1278 3310 1317 3367 ad
1350 3316 1485 3366 vestram
1514 3309 1676 3365 ecclesiam

408 3423 438 3473 et
461 3415 501 3474 ad
526 3431 582 3473 vos
606 3417 780 3474 invenimus
803 3418 965 3491 pertinere.
989 3418 1092 3490 Quare
1115 3418 1216 3490 ipsam
1240 3417 1373 3473 insulam
1405 3431 1474 3472 cum
1499 3423 1580 3472 terra
1605 3429 1674 3488 pre·

409 3523 491 3580 dicta
514 3522 553 3580 de
576 3537 724 3580 consensu
751 3521 881 3580 fratrum
906 3531 1082 3580 nostrorum
1099 3539 1176 3596 pure
1199 3529 1229 3579 et
1251 3523 1435 3596 simpliciter
1452 3527 1553 3578 vestre
1569 3519 1674 3594 dispo·

411 3631 518 3687 sicioni
542 3630 757 3702 relinquimus,
781 3629 993 3686 renunciantes
1016 3631 1101 3687 omni
1125 3630 1193 3699 iuri,
1218 3628 1301 3702 quod
1325 3629 1426 3686 insula
1449 3633 1479 3685 et
1504 3633 1584 3683 terra
1606 3642 1674 3700 pre-

409 3737 491 3794 dicta
513 3737 664 3810 potuisset
688 3741 851 3810 conpetere
874 3737 964 3794 nobis
987 3737 1038 3793 vel
1062 3743 1168 3794 nostro
1192 3735 1292 3793 ordini
1318 3753 1354 3792 ex
1388 3734 1560 3808 privilegiis
1588 3748 1675 3804 rega·

409 3843 493 3899 libus
518 3843 569 3899 vel
592 3843 663 3900 aliis
686 3843 943 3915 quibuscumque,
967 3843 1078 3899 nostris
1101 3841 1297 3899 conscienciis
1321 3841 1522 3897 consulentes
1539 3839 1573 3895 ln
1590 3840 1676 3895 cuius

410 3949 454 4006 rei
480 3949 691 4006 testimonium
714 3949 908 4022 presentibus
931 3949 1070 4020 sigillum
1095 3949 1190 4005 nostri
1211 3949 1365 4021 prioratus
1381 3945 1511 4018 predicti
1529 3943 1677 4002 duximus

410 4053 639 4130 apponendum.
663 4055 778 4112 Datum
803 4055 832 4112 in
857 4054 951 4112 domo
972 4056 1068 4112 nostri
1092 4053 1208 4112 ordinis
1232 4053 1270 4110 de
1294 4052 1453 4125 Zagrabia‚
1477 4057 1546 4108 ante
1564 4049 1676 4107 festum

410 4162 581 4219 nativitatis
604 4162 694 4218 beate
717 4161 856 4234 virginis,
880 4161 1014 4218 secunda
1030 4159 1113 4217 seria.
1130 4161 1219 4217 Anno
1236 4159 1354 4216 domini
1372 4156 1571 4215 MCCCXXX
1588 4170 1676 4212 nono.

500 4279 612 4328 Elibro
631 4279 749 4330 Statutor
770 4279 848 4344 capit.
868 4281 973 4345 zagrab.
993 4285 1060 4344 part.
1086 4277 1131 4328 IV.
1158 4293 1177 4328 c.
1204 4277 1268 4326 XX.
1292 4278 1366 4342 Joan.
1392 4275 1507 4325 Thalete.
1528 4274 1596 4323 lllon.
1615 4273 1677 4322 hist.

412 4369 491 4436 episc.
512 4368 617 4434 zagrab.
636 4366 670 4417 11.
690 4384 715 4434 p.
740 4377 793 4431 139.

1004 4530 1086 4597 176.

519 4661 595 4708 Anno
618 4666 691 4720 1339.
716 4668 752 4717 14.
772 4656 936 4722 septembris.
959 4653 1112 4721 Zagrabiae.

418 4769 509 4843 Capit.
522 4767 638 4840 zagrab.
653 4767 745 4824 ‹lenuo
758 4767 913 4823 Heremitis
920 4775 1028 4840 propre
1045 4765 1222 4838 Zagrubiam
1237 4765 1321 4819 silum
1333 4769 1440 4818 terrum
1463 4759 1492 4814 Τ
1488 4759 1567 4831 upal,
1582 4756 1677 4812 donat.

501 4913 682 4986 Capitulum
711 4913 917 4986 zagrabiensis
949 4912 1083 4968 ecclesie.
1114 4909 1267 4967 Omnibus
1302 4907 1418 4964 Christi
1441 4903 1587 4962 fidelibus
1611 4917 1680 4974 pre-

414 5023 552 5080 sencium
581 5021 726 5078 noticiam
763 5018 924 5087 habituris
950 5017 1083 5073 salutem
1113 5017 1143 5072 in
1175 5014 1301 5070 domino
1332 5013 1561 5084 sempiternam.
1597 5008 1681 5064 Licet
