3600 5804
560 567 631 623 Doc.
657 562 724 623 126.
753 599 789 607 -
816 566 870 622 An.
896 579 981 640 1323.
1354 579 1411 633 107

449 673 577 679 ——-.
591 673 637 677 --.
688 671 759 678 -.--
777 672 782 676 -
813 671 911 676 -.-
1144 671 1150 675 -
1166 669 1321 676 ——-——

156 768 237 826 sticie
260 768 289 824 in
313 782 435 824 camera
458 765 595 822 sacristie
619 765 757 837 sigillare
780 769 810 820 et
834 764 948 821 iterum
973 763 1076 820 statim
1110 777 1260 835 reponere
1284 763 1314 820 in
1339 764 1417 836 pixi-

157 874 225 930 dem
247 880 277 930 et
296 889 351 931 sua
374 873 479 945 sigilla
502 887 720 946 superponere,
744 877 837 945 prout
859 870 927 927 fieri
950 869 1117 926 consuevit.

240 1009 349 1058 Elibro
369 1009 533 1058 statutorum
558 1007 635 1072 capit.
660 1007 764 1073 zagrab.
790 1023 815 1073 p.
841 1007 859 1056 I.
887 1023 906 1056 c.
933 1006 978 1056 IV.
1003 1007 1095 1072 Joann.
1122 1004 1237 1056 Tkaldic‘.
1265 1006 1332 1056 Mon.
1357 1007 1416 1055 hist.

156 1099 230 1164 episc.
250 1099 351 1164 zagrab.
372 1098 405 1148 ΙΙ.
424 1113 448 1162 ρ.
472 1107 509 1160 14.

743 1329 825 1395 126.

258 1459 330 1506 finno
352 1463 426 1514 1323,
446 1465 487 1516 29.
510 1453 668 1504 novembris.

163 1585 279 1642 Carolus
308 1585 484 1658 Hungariae
513 1591 560 1640 etc.
584 1601 638 1639 rex
667 1583 832 1639 sententiam
856 1581 1008 1657 sohrrnm's
1038 1582 1108 1636 bani
1131 1580 1165 1637 de
1199 1583 1280 1638 novis
1303 1580 1417 1638 tributas

336 1691 462 1764 capitulo
484 1689 594 1762 aagrab
616 1688 797 1753 aaliudicalt'a
820 1688 1004 1744 transunmtit
1024 1695 1052 1743 et
1071 1687 1229 1760 confirnuzt.

247 1853 374 1910 Karalus
399 1851 448 1908 dei
479 1851 583 1924 gracia
614 1851 780 1923 Hungarie,
814 1849 980 1920 Dalmacie,
1012 1848 1147 1918 Croacle,
1172 1847 1276 1918 Rame‚
1301 1847 1416 1918 seroie,

158 1959 291 2028 Gallicie,
315 1957 507 2028 Lodomerie,
533 1955 680 2014 Comanie
714 1955 919 2028 liutgarieque
949 1971 1013 2026 rex,
1038 1954 1182 2028 princeps
1214 1953 1415 2012 Salernitatus

158 2071 185 2122 et
206 2065 335 2121 Honoris
358 2079 394 2140 ac
418 2065 532 2120 montis
555 2063 650 2119 sancti
676 2061 788 2133 Angeli
803 2061 955 2118 dominus.
971 2061 1123 2118 Omnibus
1140 2059 1254 2120 Christi
1271 2059 1418 2118 fidelibus

159 2187 277 2244 presens
299 2170 450 2243 scriptum
473 2169 656 2242 inspecturis
680 2169 810 2224 salutem
843 2169 873 2224 in
905 2167 1013 2224 salutis
1045 2167 1199 2240 largitore.
1223 2166 1270 2224 Ad
1295 2167 1418 2224 univer·

162 2291 259 2334 sorum
282 2276 436 2346 noticiam,
461 2281 524 2331 tam
550 2275 743 2347 presencium
768 2289 862 2346 quam
887 2271 1063 2330 futurorum
1088 2274 1197 2331 harum
1230 2273 1307 2330 serie
1330 2273 1418 2330 volu-

160 2398 224 2439 mus
246 2383 414 2456 pervenire,
439 2381 522 2454 quod
547 2379 695 2438 accedens
718 2380 756 2437 ad
781 2387 884 2438 nostre
909 2380 1080 2437 serenitatis
1111 2379 1302 2453 presenciam
1324 2379 1418 2436 hono-

165 2489 264 2544 rabilis
286 2489 343 2557 vir,
368 2488 512 2544 dominus
534 2487 669 2570 Jacobus
693 2487 868 2560 prepositus
894 2486 1021 2543 ecclesie
1051 2485 1266 2558 zagrabiensis,
1289 2484 1420 2543 dilectus

165 2605 192 2650 et
212 2593 307 2650 fidelis
329 2601 442 2664 noster,
467 2593 608 2651 exhibuit
631 2594 720 2650 nobis
744 2593 895 2664 quasdam
920 2593 1038 2649 litteras
1055 2608 1126 2649 cum
1142 2591 1247 2664 sigillo
1263 2591 1417 2664 pendenti,

162 2699 299 2782 Johannis
323 2700 479 2773 quondam
504 2700 576 2756 bani
598 2700 696 2756 tocius
720 2698 890 2768 Sclauonie‚
922 2697 1024 2754 fidelis
1052 2699 1156 2768 nostri,
1181 2713 1274 2771 super
1298 2698 1417 2754 iuribus

162 2813 189 2862 et
210 2807 402 2864 libertatibus
426 2805 555 2879 capituli
577 2805 794 2876 zagrabiensiS,
820 2806 894 2863 iuris
915 2804 1023 2862 ordine
1047 2812 1211 2875 emanatas,
1236 2805 1350 2862 tenoris
1374 2805 1418 2860 in-

161 2911 314 2986 frascripti,
345 2917 462 2987 petens,
490 2919 523 2968 ut
551 2919 689 2969 tenorem
713 2909 893 2968 earumdem
921 2918 1023 2968 ratum
1050 2910 1165 2967 habere
1192 2915 1222 2966 et
1244 2916 1350 2966 nostro
1373 2909 1418 2966 di-

162 3032 316 3088 gnaremur
352 3019 518 3091 privilegio
548 3017 740 3076 confirmare.
773 3019 912 3090 Quarum
944 3025 1031 3074 tenor
1060 3017 1130 3076 talis
1157 3027 1215 3074 est:
1249 3012 1322 3094 (vid.
1350 3031 1418 3084 115.

162 3139 234 3180 anno
259 3140 347 3197 1321,
374 3141 422 3182 21.
447 3119 597 3200 Augusti).
623 3124 685 3181 Nos
707 3127 811 3197 itaque
834 3125 922 3182 iustis
938 3133 967 3182 et
984 3125 1129 3196 legitimis
1146 3121 1283 3182 eiusdem
1301 3123 1419 3181 domini

163 3232 299 3304 prepositi
324 3232 530 3304 peticionibus
554 3231 769 3288 favorabiliter
792 3232 938 3302 inclinati,
963 3239 1101 3288 tenorem
1134 3229 1312 3288 earumdem
1339 3231 1417 3287 litte·

11 3385 12 3392 ,
95 3338 97 3342 ’
163 3351 257 3394 rarum
281 3338 319 3394 de
341 3339 439 3394 verbo
463 3337 500 3394 ad
526 3339 658 3394 verbum
683 3338 878 3410 presentibus
905 3337 1063 3406 insertum,
1087 3343 1190 3394 ratum
1214 3337 1362 3394 habentes
1386 3343 1415 3393 et

163 3449 320 3516 acceptum,
344 3443 496 3517 presentis
519 3445 626 3517 scripti
656 3444 826 3517 patrocinio
850 3443 950 3500 eidem
982 3443 1173 3515 zagrabiensi
1197 3443 1324 3500 ecclesie
1347 3457 1417 3516 per·

164 3555 247 3620 petuo
269 3549 496 3606 confirmamus.
522 3549 554 3606 ln
578 3551 664 3606 cuius
689 3550 732 3606 rei
756 3551 940 3606 memoriam
968 3555 1214 3623 perpetuamque
1237 3549 1417 3607 firmitatem
1468 3615 1472 3622 ,

164 3662 308 3725 presentes
331 3657 538 3713 concessimus
561 3656 687 3726 litteras,
712 3655 869 3729 dupplicis
893 3656 989 3728 sigilli
1013 3656 1109 3713 nostri
1132 3656 1206 3713 novi
1228 3663 1258 3714 et
1274 3656 1419 3713 autentici

165 3763 322 3820 munimine
345 3764 515 3820 roboratas.
539 3761 656 3819 Datum
680 3778 736 3835 per
758 3779 868 3820 manus
891 3762 1014 3820 discreti
1038 3762 1098 3819 viri
1121 3761 1263 3834 magistri
1287 3762 1417 3834 Andree,

164 3865 275 3925 lectoris
298 3870 427 3926 ecclesie
450 3869 789 3942 quinqueecclesicnsis,
813 3869 884 3925 aule
908 3875 1010 3925 nostre
1034 3868 1289 3939 vicecancellarii,
1313 3867 1418 3925 dilecti

164 3978 190 4028 et
210 3973 306 4032 fidelis
329 3977 434 4033 nostri.
459 3978 547 4032 Anno
579 3975 696 4032 domini
730 3975 899 4032 MCCCXX
923 3975 1026 4045 tercio,
1059 3975 1152 4032 tercio
1187 3974 1334 4032 kalendas
1364 3974 1416 4031 de·

165 4081 292 4138 cembris.
317 4082 556 4138 venerabilibus
579 4083 609 4139 in
634 4083 757 4139 Christo
782 4083 933 4155 patribus
965 4081 1107 4153 dominis,
1131 4080 1273 4138 Bolezlao
1307 4082 1417 4154 strigo·

165 4185 257 4256 aiensi,
291 4187 414 4260 locique
437 4187 575 4244 eiusdem
599 4189 711 4245 comite
744 4193 904 4262 perpetuo
934 4187 1028 4245 fratre
1051 4187 1204 4258 Ladisla0,
1229 4187 1411 4258 colochensi,

165 4299 190 4347 et
208 4291 296 4351 tratre
312 4293 412 4363 Petr0,
436 4294 612 4366 spalatensi,
644 4295 901 4368 archiepiscopis;
923 4295 1063 4376 Johanne
1085 4294 1232 4364 nitriensi,
1255 4293 1418 4351 Benedicto

166 4397 354 4470 chanadiensi,
379 4399 508 4457 Nicolao
531 4397 683 4473 jauriensi,
708 4401 843 4472 Georgio
860 4399 898 4457 de
917 4406 1021 4458 sancto
1038 4401 1153 4472 Ireneo,
1171 4399 1314 4458 Ladislao
1331 4400 1418 4472 quin·

167 4506 396 4573 queecclesiensi‚
422 4505 516 4562 tratre
542 4505 631 4562 Petro
655 4507 808 4568 boznensi.
831 4507 956 4565 Itvanka
979 4507 1172 4579 waradiensi,
1190 4505 1314 4563 Andrea
1336 4513 1417 4563 tran-

166 4608 280 4681 silvau0,
302 4612 431 4669 llerrico
456 4613 688 4685 wesprimiensi,
713 4614 783 4670 aule
807 4613 931 4670 domine
948 4615 1061 4686 regine,
1078 4613 1227 4671 consortis
1244 4619 1347 4670 nostre
1367 4610 1418 4668 ka-

167 4713 280 4788 rissime,
304 4719 489 4790 cancellario
512 4733 547 4775 ac
571 4719 750 4776 Chanadlno
781 4721 922 4791 agriensi‚
955 4721 1156 4778 ecclesiarum
1183 4719 1345 4792 episcopis,
1369 4735 1416 4776 ec·

167 4819 260 4880 ctesias
282 4824 331 4882 dei
355 4823 485 4882 feliciter
509 4827 760 4897 gubernantibus
785 4826 956 4900 Magnificis
980 4826 1071 4884 viris:
1099 4826 1244 4899 Philippo
1271 4825 1417 4899 palatino,

168 4928 264 4984 comite
286 4931 472 5004 scepusiensi
496 4939 525 4987 et
548 4930 587 4987 de
610 4930 738 5002 Wyuar,
762 4933 922 4989 Demetrio
947 4933 1095 5005 magistro
1115 4931 1344 4989 tavarnicorum
1364 4945 1418 4988 no-

168 5037 295 5104 strorum,
327 5037 438 5094 comite
470 5037 627 5094 bachiensl
658 5044 688 5094 et
721 5038 895 5108 trinchensi,
927 5039 1075 5112 magistro
1110 5039 1286 5112 lamperto,
1318 5037 1418 5096 iudice
