3824 5806
691 584 764 642 Dec.
783 580 859 661 383.
887 618 923 626 -
949 585 1005 642 An.
1027 597 1116 662 1395.
1472 585 1532 660 363

271 785 432 858 pertinere.
464 784 500 842 Et
524 785 598 856 quia
623 785 742 857 absque
764 785 1014 842 reambulacione
1037 789 1067 841 et
1090 791 1243 841 metarum
1267 783 1438 842 ostensione
1461 798 1531 858 pos·

270 891 440 948 sessionum
465 891 605 964 parcium
629 891 881 964 prescriptarum,
906 899 1010 965 partes
1032 892 1112 949 inter
1127 890 1252 948 easdem
1269 905 1440 962 congruens
1456 889 1533 948 iudi-

268 997 350 1054 cium
375 995 473 1054 iacere
490 1012 550 1054 non
568 1003 754 1070 poteramus,
771 1012 829 1071 pro
845 1012 881 1054 eo
897 1003 1032 1054 vestram
1049 997 1220 1054 amiciciam
1246 995 1440 1070 presentibus
1456 996 1533 1070 peti·

269 1118 337 1159 mus
353 1101 525 1174 diligenter,
543 1109 693 1175 quatenus
716 1108 836 1160 vestros
860 1103 987 1161 mittatis
1007 1103 1147 1160 homines
1163 1103 1301 1176 utrisque
1318 1101 1460 1176 partibus
1475 1117 1533 1175 pro

268 1207 451 1266 testimoniis
476 1207 657 1281 fidedignos‚
673 1209 786 1282 quibus
803 1209 997 1282 presentibus
1018 1207 1160 1282 Mychael
1175 1207 1226 1266 vel
1255 1207 1378 1278 Paulus,
1394 1205 1453 1266 filii
1469 1209 1532 1265 Ma·

268 1315 339 1385 they
355 1313 394 1370 de
412 1313 587 1386 Mykulych,
603 1319 655 1371 aut
671 1314 837 1385 Emericus,
849 1313 935 1372 filius
946 1313 1064 1372 Nicolai
1077 1315 1116 1372 de
1130 1314 1274 1387 Nezpesa,
1286 1313 1352 1371 sive
1368 1312 1531 1386 Georgius,

271 1419 353 1476 tilius
374 1419 485 1500 Jacobi
507 1419 546 1477 de
569 1420 736 1478 lloroucba
758 1436 812 1478 seu
835 1419 1009 1492 DyonisiuS,
1033 1419 1117 1478 tilius
1141 1420 1287 1478 Anthonii
1309 1419 1348 1477 de
1370 1418 1453 1477 dicta
1468 1420 1532 1476 llo·

270 1525 392 1594 roucha,
409 1541 468 1598 pro
483 1533 572 1598 parte
595 1524 787 1600 prefatorum
810 1533 957 1584 actorum.
982 1525 1067 1596 ltem,
1091 1525 1213 1597 Paulus,
1230 1525 1313 1583 filius
1332 1523 1464 1596 Chemk,
1481 1525 1532 1582 vel

270 1631 387 1702 Petrus
403 1629 488 1688 filius
503 1630 638 1704 Georgii,
655 1639 708 1688 aut
724 1630 872 1702 Andreas
887 1631 971 1689 filius
988 1631 1083 1702 Phile,
1099 1647 1152 1689 seu
1171 1631 1285 1702 Petrus,
1304 1629 1389 1688 filius
1412 1629 1532 1688 Nicolai

268 1737 307 1794 de
322 1751 434 1810 campo
450 1737 641 1810 zagrabiensi
665 1752 723 1811 pro
749 1745 838 1810 parte
854 1737 1098 1811 prescriptorum
1122 1737 1152 1795 in
1175 1753 1298 1795 causam
1322 1742 1533 1808 attractorum,

268 1844 339 1901 aliis
362 1844 550 1914 absentibus,
572 1843 713 1901 homines
736 1843 841 1914 nostri,
865 1851 977 1901 octavo
1000 1843 1050 1901 die
1073 1842 1142 1901 sesti
1167 1843 1249 1903 beati
1272 1843 1396 1901 Martini
1417 1841 1534 1900 contes-

269 1951 347 2007 soris
369 1964 449 2007 nunc
472 1949 594 2008 venturi
617 1955 647 2006 et
669 1949 739 2007 aliis
762 1947 873 2006 diebus
896 1949 936 2005 ad
961 1947 991 2006 id
1015 1949 1096 2023 aptis
1119 1948 1157 2006 ad
1183 1948 1276 2006 facies
1296 1947 1448 2007 dictarum
1464 1964 1535 2022 pos·

268 2057 438 2114 sessionum
463 2055 636 2128 Petrouyna
659 2061 690 2112 et
712 2055 892 2128 Lomnycha
916 2060 1105 2125 vocatarum,
1122 2055 1263 2128 parcium
1281 2055 1535 2130 prescriptarum,

268 2161 378 2220 vicinis
401 2167 430 2220 et
453 2161 673 2219 commetaneis
703 2159 883 2219 earumdem
914 2160 1067 2218 universis
1097 2159 1174 2218 inibi
1197 2160 1335 2233 legitime
1358 2160 1534 2218 convocatis

268 2273 298 2326 et
323 2268 463 2340 partibus
487 2268 538 2324 vel
559 2283 666 2324 earum
683 2267 843 2340 legittimis
866 2266 1120 2341 procuratoribus
1140 2265 1335 2340 presentibus
1351 2264 1533 2332 accedendo,

269 2375 371 2446 primo
402 2372 555 2448 prefatam
586 2373 812 2447 possessionem
843 2372 983 2446 ipsorum
1014 2378 1153 2430 actorum
1185 2371 1360 2444 Petrouyna
1383 2376 1534 2444 vocatam,

270 2494 326 2552 per
350 2483 447 2536 metas
470 2483 500 2536 et
523 2494 631 2536 cursus
660 2478 788 2536 metales
816 2478 901 2536 iuxta
925 2477 1224 2536 demonstracionem
1248 2477 1430 2537 eorumdem
1453 2483 1535 2536 acto·

270 2599 339 2642 rum
364 2585 414 2642 vel
439 2591 676 2658 procuratorum
707 2599 816 2642 eorum
846 2583 1058 2656 legitimorum
1087 2591 1216 2658 aparte
1249 2585 1450 2658 possessionis
1473 2584 1536 2642 dic·

271 2697 372 2748 torum
397 2690 427 2747 in
451 2705 575 2748 causam
598 2697 808 2761 attractorum,
833 2690 1034 2763 Lompnycha
1049 2697 1165 2761 vocate,
1183 2689 1381 2748 reambulent
1396 2695 1426 2747 et
1441 2690 1536 2762 signis

270 2797 437 2856 metalibus
469 2796 656 2870 consignent,
687 2795 875 2870 demumque
906 2801 1110 2854 memoratam
1134 2796 1359 2869 possessionem
1385 2796 1536 2870 prescrip·

272 2909 376 2962 torum
400 2903 429 2960 in
454 2917 578 2960 causam
598 2909 808 2974 attractorum‚
827 2902 1005 2974 lomnycha
1021 2907 1172 2971 vocatam,
1191 2917 1209 2959 a
1230 2909 1317 2976 parte
1333 2902 1535 2976 possessionis

272 3009 426 3068 dictorum
443 3017 591 3080 actorum,
609 3009 773 3066 Petrouina
789 3013 905 3080 vocate,
923 3008 1091 3066 secundum
1105 3007 1402 3068 demonstracionem
1415 3025 1536 3068 eorum-

269 3115 341 3172 dem
374 3115 404 3172 in
439 3129 564 3171 causam
595 3119 796 3172 attractorum
827 3130 883 3187 per
914 3122 1011 3171 metas
1038 3119 1067 3171 et
1091 3119 1198 3171 cursus
1221 3115 1350 3173 metales
1373 3131 1429 3190 per
1453 3115 1536 3188 ipsos

268 3220 318 3277 rel
351 3225 585 3293 procuratorem
612 3235 721 3277 eorum
754 3219 942 3292 legittimum
978 3219 1234 3278 demonstrandas
1269 3225 1299 3276 et
1333 3219 1536 3278 ostendendas

269 3326 364 3384 modo
398 3327 494 3384 simili
527 3326 723 3384 reambulent
755 3331 784 3383 et
807 3326 903 3398 signis
939 3326 1106 3383 metalibus
1139 3327 1333 3399 consignent;
1366 3327 1445 3385 etsi
1470 3327 1535 3401 ipsc

271 3439 374 3506 partes
397 3433 427 3490 in
451 3431 628 3490 huiusmodi
648 3448 754 3490 earum
783 3432 1088 3490 reambulacionibus
1115 3439 1145 3490 et
1172 3438 1326 3490 metarum
1354 3433 1533 3492 ostensioni·

272 3539 329 3596 bus
345 3538 511 3596 concordes
535 3537 648 3597 tuerint
671 3545 701 3596 et
723 3538 783 3596 sibi
807 3537 939 3596 invicem
956 3553 1017 3596 non
1033 3537 1282 3608 contradixerint,
1303 3543 1374 3595 tunc
1390 3539 1534 3612 cuiquam

271 3646 353 3718 parti
383 3659 473 3702 suum
506 3645 553 3702 ius
584 3644 860 3719 possessionarium
892 3644 983 3702 metis
1010 3643 1205 3702 evidentibus
1229 3659 1247 3701 a
1269 3659 1334 3701 sese
1357 3650 1534 3718 separatum

273 3757 303 3808 et
327 3749 506 3808 distinctum
530 3757 665 3808 statuant
688 3755 717 3807 et
740 3749 935 3808 committant
957 3755 1108 3824 perpetuo
1133 3749 1373 3824 possidendum;
1395 3751 1536 3824 partibus

269 3863 372 3914 autern
396 3857 427 3914 in
449 3855 598 3930 predictis
618 3856 757 3930 ipsarum
773 3855 1079 3914 reambulacionibus
1095 3861 1125 3913 et
1140 3861 1294 3914 metarum
1310 3856 1535 3916 ostensionibus

268 3961 523 4034 discordantibus,
555 3962 739 4035 particulam
771 3962 822 4019 vel
853 3962 1021 4036 particulas
1052 3961 1309 4034 possessionarias
1340 3963 1418 4020 inter
1452 3962 1535 4035 ipsas

269 4075 371 4143 partes
401 4067 431 4126 in
462 4068 516 4126 lite
540 4073 731 4126 remanentes
755 4068 806 4125 vel
830 4083 991 4125 remanens
1017 4067 1115 4139 regali
1150 4081 1294 4124 mensura
1318 4066 1533 4138 mensurando,

268 4175 319 4233 vel
343 4177 369 4233 si
393 4174 564 4233 mensurari
586 4175 773 4248 nequiretur,
805 4174 871 4232 risu
904 4172 1135 4244 considerando,
1159 4172 1234 4230 visis
1263 4181 1293 4231 et
1321 4173 1436 4232 intuitis
1468 4174 1535 4246 qui·

267 4281 405 4339 buslibet
427 4279 491 4338 suis
514 4279 709 4352 utilitatibus
732 4279 823 4336 deum
847 4279 964 4337 eteius
988 4279 1140 4336 iusticiam
1172 4277 1314 4336 habendo
1341 4295 1400 4354 pro
1426 4279 1534 4350 oculis,

269 4402 400 4444 unacum
432 4385 501 4444 aliis
531 4385 639 4459 probis
671 4385 746 4443 viris
773 4386 916 4444 estiment
938 4386 969 4442 in
992 4383 1144 4457 condigno
1167 4399 1274 4442 earum
1298 4386 1403 4459 precio
1426 4389 1456 4442 et
1481 4401 1532 4442 va·

272 4494 346 4564 lore,
370 4493 439 4565 lege
460 4492 547 4565 regni
571 4492 743 4562 observata,
767 4490 884 4550 ibidem
908 4492 1007 4549 eciam
1029 4489 1070 4562 id,
1094 4505 1155 4564 que
1170 4491 1309 4563 ipsarum
1325 4489 1465 4564 parcium
1482 4506 1534 4548 ve·

267 4600 373 4670 riores,
396 4599 546 4656 cerciores
576 4603 606 4656 ct
629 4597 865 4673 apparenciores
896 4603 994 4655 metas
1022 4596 1103 4654 dicte
1133 4611 1188 4654 sue
1211 4596 1412 4669 possessionis
1435 4601 1534 4655 osten·

267 4705 355 4778 derit,
387 4711 440 4763 aut
472 4721 532 4778 que
562 4703 743 4762 earumdem
773 4704 915 4778 parcium
947 4704 977 4762 in
1008 4703 1146 4762 dominio
1175 4703 1256 4762 dicte
1288 4710 1369 4762 terre
1400 4704 1533 4778 litigiose

267 4811 403 4870 extiterit
425 4808 550 4868 videant
572 4817 602 4867 et
625 4809 789 4882 diligenter
813 4810 995 4882 intueantur,
1018 4815 1049 4867 et
1072 4815 1142 4882 post
1164 4811 1221 4867 hec
1251 4809 1347 4884 ipsius
1367 4811 1533 4884 possessio·

267 4918 351 4976 narie
374 4916 646 4988 reambulacionis‚
679 4923 832 4974 metarum
860 4916 1036 4986 ereccionis,
1063 4916 1249 4987 statucionis,
1273 4915 1480 4974 estimacionis
1503 4923 1533 4974 et

266 5023 428 5082 revisionis
458 5023 579 5094 seriem,
611 5029 643 5080 ut
667 5022 759 5080 fuerit
782 5021 956 5098 expediens,
980 5021 1019 5079 ad
1042 5029 1168 5080 octavas
1192 5020 1260 5080 testi
1284 5021 1529 5096 Epiphaniarum
