3600 5804
600 497 673 554 Doc.
697 492 749 552 66.
774 491 822 572 67.
848 530 889 538 —
914 497 970 554 An.
995 493 1213 574 1284-1287.
1496 515 1534 570 57

183 703 192 708 ·
288 691 361 750 MCC
382 697 589 768 octuagesimo
613 704 732 769 quarto,
754 699 888 771 septimo
911 698 980 756 idus
994 697 1085 781 Junii.
1109 698 1207 770 Regni
1223 703 1328 756 autem
1344 699 1441 756 nostri
1457 711 1537 754 anno

290 797 465 859 duodecimo.

362 899 496 965 Originale
522 901 548 951 in
572 903 730 961 membrana,
765 919 779 952 a
808 904 906 954 sericea
930 921 994 954 zona
1019 905 1094 954 rubri
1121 911 1146 955 et
1174 903 1250 954 ssavei
1279 904 1378 954 coloris
1402 901 1537 968 appendet

291 987 402 1052 sigillum.
422 989 460 1038 Ex
480 989 551 1040 arch.
572 1006 627 1040 ven.
648 991 725 1056 capii.
748 993 851 1058 zagrab.
873 991 932 1042 fasc.
956 1000 993 1048 17.
1015 1009 1052 1042 nr.
1073 993 1113 1042 60.
1138 994 1213 1059 Joan.
1240 993 1355 1043 Tkaleic.
1383 991 1452 1042 1101.
1478 989 1536 1040 hist·

287 1075 354 1140 episc.
372 1078 474 1142 zagrab.
494 1077 514 1128 1.
534 1095 559 1144 p.
579 1089 637 1129 211.

873 1225 936 1292 66.

375 1363 448 1412 Anno
470 1364 544 1424 1284,
564 1373 604 1413 21.
623 1364 746 1430 Augusti.
765 1365 921 1430 Zagrabiae.

293 1486 447 1560 Throtlteus,
470 1492 614 1565 episcopus
635 1493 751 1565 zagrab.
775 1493 805 1548 in
827 1493 940 1550 ecclesia
961 1493 1124 1551 cathedrali
1143 1494 1260 1566 zagrab.
1283 1501 1430 1552 consecrat
1442 1495 1538 1551 altare

689 1599 719 1655 in
742 1597 875 1656 honorem
898 1599 923 1656 b.
947 1617 972 1656 v.
997 1599 1124 1657 Mariae.

366 1743 452 1800 Anno
475 1743 594 1801 domini
618 1744 816 1801 MCCLXXX
840 1751 959 1818 quarto,
976 1744 1040 1802 XII.
1056 1743 1204 1803 kalendas
1221 1743 1416 1818 septembris,
1432 1757 1537 1801 conse-

283 1854 392 1904 cratum
409 1855 454 1906 est
471 1850 570 1906 aitare
593 1851 682 1907 beate
704 1849 800 1908 Marie
822 1851 951 1923 virginis
967 1852 996 1908 in
1014 1851 1143 1908 ecclesia
1159 1850 1349 1922 zagrabiensi
1365 1865 1422 1924 per
1445 1865 1535 1907 vene·

282 1953 405 2011 rabilem
431 1961 553 2028 patrem
570 1955 731 2014 dominnm
747 1955 956 2028 Tymotheum
973 1957 1154 2030 episcopum
1170 1955 1409 2028 zagrabiensem.
1427 1955 1458 2012 11
1476 1969 1538 2028 quo

282 2059 467 2118 continentur
490 2063 547 2119 iste
570 2063 709 2135 reliquie,
734 2062 894 2120 videlicet:
917 2063 955 2120 de
979 2063 1058 2121 lacte
1085 2061 1223 2120 eiusdem
1252 2061 1387 2134 gloriose
1410 2061 1539 2134 virginis

280 2163 376 2236 Marte,
399 2167 438 2224 dc
461 2183 564 2240 ungue
587 2167 705 2226 domini
738 2175 767 2226 et
800 2169 839 2226 de
869 2171 971 2227 tunica
1001 2169 1127 2240 domini,
1159 2175 1262 2228 sancte
1286 2169 1378 2226 Lucie
1401 2169 1538 2240 virginis,

281 2277 375 2328 sancte
397 2273 574 2346 Elyzabeth.
599 2281 701 2332 sancte
725 2275 817 2333 Clare
848 2277 985 2348 virginis,
1017 2281 1119 2332 sancte
1149 2273 1297 2344 Teodore‚
1322 2282 1424 2332 sancte
1448 2273 1540 2330 Tecie

282 2373 410 2448 virginis,
433 2387 536 2436 sancte
560 2380 723 2438 Gertrudis
746 2382 891 2454 virginis;
915 2383 990 2439 item
1013 2381 1156 2440 undecim
1173 2381 1274 2438 millia
1290 2381 1456 2452 virginum,
1473 2378 1539 2438 Ste-

284 2477 369 2548 phani
398 2487 478 2557 regis
508 2492 538 2543 et
566 2485 757 2559 confessoris,
788 2495 965 2546 sanctorum
994 2489 1142 2572 Johannis
1176 2495 1206 2544 et
1242 2486 1329 2544 Pauli
1364 2486 1538 2554 martirum,

289 2589 373 2645 saneti
395 2589 548 2650 Vincencii
572 2594 716 2663 martiris,
740 2595 836 2652 sancti
860 2595 1010 2652 Demetrii
1034 2595 1178 2664 martiris,
1202 2594 1297 2650 sancti
1314 2591 1440 2664 Georgii
1460 2607 1539 2648 mar-

291 2685 356 2758 1115,
377 2699 466 2754 sancti
489 2697 621 2756 Gerardi
644 2699 782 2774 episcopi
812 2707 842 2757 et
877 2701 1019 2772 martiris,
1051 2709 1227 2758 sanctorum
1260 2699 1322 2756 Viti
1356 2703 1386 2756 et
1410 2697 1539 2754 Modesti

297 2799 446 2862 martirum.

390 2937 450 2988 Nota
468 2941 494 2991 in
513 2943 665 2992 membrana
684 2944 786 3007 antiqui
807 2944 941 3018 cuiusdam
962 2943 1089 2994 breviarii
1113 2945 1175 2993 eccl.
1201 2942 1387 3008 zagrabiensis,
1416 2939 1446 2990 11
1469 2939 1539 2990 arch.

308 3025 354 3063 '¹²¹¹-
370 3027 435 3088 Cipit
452 3031 554 3094 zagrab.
576 3031 650 3096 Joan.
672 3031 787 3082 Tkaleic.
808 3032 877 3082 Mon.
898 3032 956 3082 hist.
977 3033 1055 3097 episc.
1075 3033 1180 3098 zagrab.
1200 3031 1219 3081 1.
1239 3047 1263 3096 p.
1284 3033 1342 3080 216.

389 3397 458 3452 Anno
479 3403 553 3460 1287.
572 3405 596 3452 6.
616 3404 741 3454 octobris.
761 3405 913 3469 Zagrabiae.

307 3517 457 3586 ‘salomias
477 3533 618 3604 episcopus
634 3533 836 3606 aagrobiensti,
860 3533 1094 3608 iusss'conserendi
1107 3533 1293 3607 praebendas
1307 3541 1397 3606 penes
1422 3531 1515 3588 cathe-

531 3638 640 3695 dralem
662 3639 802 3696 ecclesiam
818 3639 974 3713 flandritas,
1000 3641 1124 3712 capetulo
1146 3639 1283 3696 attribuit.

335 3765 537 3838 Anthonius
569 3781 674 3838 divina
708 3783 908 3841 miseracione
942 3785 1107 3858 episcopus
1140 3783 1355 3857 zagrabiensis
1390 3782 1543 3840 Omnibus

252 3852 369 3925 Christi
405 3878 563 3944 fidelibus
587 3903 712 3961 presens
735 3889 886 3964 scriptum
911 3891 1093 3963 inspecturis
1116 3891 1249 3948 salutem
1273 3891 1303 3947 in
1326 3890 1466 3947 omnium
1482 3889 1543 3946 sal-

260 3971 363 4029 ime-
412 3989 472 4048 Ad
503 3993 720 4052 universorum
754 3996 899 4052 noticiam
935 3997 1046 4054 barum
1076 3997 1154 4053 serie
1188 3996 1334 4052 volumus
1370 3995 1542 4067 pervenire,

262 4070 327 4136 quod
359 4097 464 4154 curn
494 4100 525 4156 in
555 4100 684 4157 ecclesia
713 4107 817 4158 nostra
840 4103 1030 4174 zagrabiensi
1065 4117 1152 4159 more
1175 4101 1309 4158 aliarum
1332 4099 1542 4168 ecclesiarum,

259 4179 556 4263 mansionariorum
579 4222 632 4264 seu
657 4207 933 4279 prebendariorum
957 4207 1153 4265 sacerdotum
1177 4212 1256 4264 esset
1279 4205 1389 4262 raritas
1413 4219 1465 4261 seu
1491 4203 1543 4262 de-

257 4271 342 4353 iectus,
389 4305 556 4385 tempore
586 4319 689 4370 sancte
715 4329 750 4370 ac
774 4314 824 4386 pie
847 4315 997 4370 memorie
1021 4313 1139 4370 domini
1162 4312 1358 4384 Thymothei,
1383 4311 1543 4386 predeces-

254 4391 492 4500 ⁵⁰·s¹³'¹¹Ostri,
523 4419 664 4475 nonnulli
694 4435 731 4476 ex
763 4418 911 4476 iratribus
942 4420 1055 4477 nostris
1086 4419 1250 4488 canonicis,
1282 4417 1357 4476 dum
1393 4419 1543 4486 viverent,

252 4482 328 4600 ³¹¹iu¹
376 4522 507 4580 eciam
537 4524 568 4581 11
599 4540 655 4581 sua
685 4525 796 4582 ultima
826 4525 985 4582 voluntate
1017 4525 1156 4583 volentes
1187 4531 1216 4582 et
1247 4525 1470 4598 prospicientes
1493 4523 1543 4597 pie

253 4585 460 4704 hu'¹¹¹⁸¹¹¹0di
483 4629 615 4688 defectui
639 4631 811 4704 providere,
840 4631 1018 4689 affectantes
1042 4632 1161 4688 cultum
1186 4631 1283 4688 divini
1305 4631 1440 4688 numinis
1461 4630 1543 4687 salu·

252 4691 329 4805 intes
364 4729 603 4808 augmentari.
627 4737 665 4794 de
688 4739 778 4795 bonis
801 4754 818 4794 a
842 4738 899 4795 deo
923 4739 983 4796 sibi
1007 4739 1128 4796 collatis
1150 4737 1372 4811 prebendarios
1387 4753 1440 4794 seu
1457 4752 1543 4794 man·

250 4810 420 4911 ⁵¹⁴⁰¹¹³¹¹⁹08
454 4842 625 4900 sacerdotes
641 4842 679 4900 ad
696 4844 875 4901 continuum
893 4843 1031 4902 officium
1052 4845 1139 4901 chori
1155 4851 1185 4902 et
1201 4845 1294 4901 misse
1310 4844 1398 4901 beate
1414 4843 1544 4915 virginis

266 4916 498 5006 ¹⁵p⁰⁸¹¹etunt
528 4955 557 5007 et
588 4949 807 5008 ordinaverunt
836 4965 871 5008 ac
894 4941 1036 5027 (eisdem)
1058 4951 1088 5006 in
1112 4949 1359 5024 possessionibus
1383 4953 1412 5007 et
1435 4949 1543 5021 vineis,
