3728 5806
514 576 588 633 Doc.
612 571 687 633 288.
711 571 785 652 289.
813 611 849 620 -
874 578 931 636 An.
954 572 1172 656 1579-1380.

314 893 391 942 Anno
412 901 487 956 1379,
506 907 530 955 9.
549 893 709 944 novembris.
728 893 827 944 Budae.

230 1019 380 1078 Elisabeth
404 1023 507 1095 regino
529 1022 707 1094 Hungarioc
729 1024 837 1082 civibus
866 1022 1075 1082 Grechensibus
1097 1031 1247 1098 occupatos
1262 1025 1454 1098 possessiones

534 1129 682 1186 cuiusdam
704 1130 828 1200 Donati,
852 1129 938 1187 etitem
962 1129 1046 1188 reddi
1065 1130 1147 1188 iubet.

296 1269 466 1342 Elyzabetb
490 1271 540 1330 dei
563 1274 675 1344 gracia.
698 1271 809 1348 junior,
832 1275 940 1346 regina
965 1275 1132 1348 Hungarie,
1157 1275 1292 1347 Polonie,
1314 1275 1476 1334 Dalmacie

207 1381 262 1432 etc.
286 1374 446 1434 Fidelibus
475 1377 539 1434 suis
566 1377 660 1436 iudici
682 1385 711 1436 et
735 1379 842 1436 iuratis
866 1380 986 1437 civibus
1012 1381 1127 1438 montis
1150 1380 1334 1439 Grechensis
1358 1379 1397 1438 de
1419 1380 1475 1440 Za·

205 1482 323 1553 grabia‚
346 1483 478 1540 salutem
502 1489 532 1540 et
554 1485 700 1557 graciam.
733 1486 883 1542 Miramur
914 1484 952 1542 de
982 1491 1087 1543 vestra
1116 1486 1280 1544 temeraria
1311 1502 1475 1560 presump-

206 1588 301 1668 cione,
325 1588 410 1662 quod
441 1605 497 1647 vos
525 1591 732 1648 continencias
763 1591 939 1649 litterarum
970 1590 1088 1648 domini
1119 1593 1216 1648 nostri
1246 1592 1337 1664 regis,
1365 1591 1477 1649 maiori

206 1694 312 1765 sigillo
337 1694 476 1753 eiusdem
498 1697 749 1768 consignatorum
771 1697 942 1770 adinplere,
965 1701 1059 1771 prout
1082 1712 1120 1754 ex
1143 1696 1281 1755 veridico
1296 1697 1398 1754 relatu
1414 1697 1475 1754 Va-

207 1799 324 1870 lentini,
348 1803 560 1874 procuratoris
583 1801 705 1872 Donati,
731 1803 825 1860 vestri
849 1803 993 1872 concivis,
1018 1803 1214 1876 percepimus
1247 1818 1283 1860 ac
1306 1805 1404 1860 eciam
1427 1819 1474 1860 se-

209 1905 346 1964 cundum
370 1907 576 1966 continencias
600 1908 776 1965 litterarum
799 1908 991 1966 honorabilis
1018 1908 1147 1982 capituli
1178 1909 1384 1980 zagrabieusis
1408 1909 1475 1982 ple·

208 2011 278 2068 nius
294 2011 410 2069 fuimus
427 2013 543 2084 edocte,
559 2014 687 2071 minime
703 2014 867 2071 curavistis
879 2033 886 2084 ;
900 2013 982 2086 unde
998 2029 1070 2070 cum
1085 2029 1141 2071 nos
1156 1989 1278 2071 tenores
1294 2013 1475 2071 earumdem

210 2116 385 2174 litterarum
409 2118 527 2176 domini
552 2120 650 2177 nostri
672 2119 754 2192 regis
777 2119 955 2178 firmissime
986 2120 1146 2178 observari
1168 2121 1310 2190 velimus,
1334 2119 1477 2177 fidelitati

172 2269 174 2271 .
206 2223 302 2296 igitur
332 2230 435 2282 vestre
466 2225 576 2296 damus
607 2226 707 2284 firmis
737 2227 768 2284 in
799 2225 960 2298 mandatis,
991 2227 1117 2284 omnino
1149 2227 1298 2298 volentes,
1326 2232 1477 2298 quatenus

206 2329 365 2402 prefatum
400 2330 558 2388 Donatum
582 2333 624 2389 ob
648 2331 788 2390 favorem
819 2340 849 2390 et
879 2332 1021 2390 dolosam
1048 2333 1276 2404 suggestionem
1291 2333 1478 2390 ¹emulorum

208 2452 337 2494 suorum
358 2438 476 2510 absque
500 2438 577 2510 lege,
603 2438 633 2495 in
657 2439 746 2496 nullo
769 2439 995 2512 perturbantes,
1020 2439 1051 2496 in
1075 2439 1171 2495 vestri
1194 2437 1341 2509 medium,
1358 2444 1478 2496 contra-

207 2541 345 2600 diccione
380 2543 573 2616 prefatorum
603 2545 780 2602 emulorum
811 2560 940 2602 suorum
970 2560 1030 2602 non
1062 2545 1203 2602 obstante
1234 2546 1264 2602 in
1295 2547 1354 2602 bac
1381 2550 1477 2619 parte,

205 2649 481 2707 reintromittentes
505 2657 535 2706 et
558 2651 589 2707 in
613 2651 675 2707 suis
691 2651 914 2708 hereditatibus
930 2651 1059 2725 pacifice
1081 2666 1265 2725 permanere
1288 2651 1478 2708 dimittentes

206 2755 286 2812 inter
309 2757 413 2828 ipsum
436 2757 476 2813 ab
492 2772 552 2813 una
569 2762 598 2813 et
615 2757 713 2814 dictos
729 2758 851 2814 emulos
867 2757 1015 2828 eiusdem,
1032 2763 1120 2830 parte
1136 2757 1177 2814 ab
1193 2757 1263 2828 alia,
1284 2757 1314 2815 in
1331 2758 1477 2816 omnibus

206 2862 468 2934 acquisicionibus
510 2861 692 2920 eorumdem
723 2864 809 2920 iuxta
843 2869 946 2920 vestre
980 2864 1113 2920 civitatis
1147 2863 1325 2920 libertatem
1357 2862 1476 2921 iusticie

206 2945 474 3040 complementum
496 2975 528 3026 et
549 2969 675 3026 salubre
698 2969 847 3026 iudicium
871 2970 1018 3027 exhibere
1041 2968 1188 3037 debeatis,
1213 2968 1327 3040 favore,
1352 2968 1423 3025 odio
1449 2975 1479 3024 et

207 3075 319 3131 timore
343 3075 509 3131 cuiuslibet
532 3075 630 3148 partis
652 3077 839 3149 postergatis
862 3076 894 3132 in
918 3075 975 3132 hac
998 3081 1094 3148 parte.
1120 3075 1273 3132 Volumus
1297 3075 1423 3148 insuper
1446 3081 1475 3130 et

207 3178 353 3236 fidelitati
377 3185 479 3236 vestre
502 3179 613 3237 damus
636 3179 736 3238 firmis
760 3181 792 3237 in
814 3179 977 3252 mandatis,
994 3187 1145 3252 quatenus
1168 3181 1271 3238 omnia
1296 3181 1378 3237 bona
1400 3180 1479 3237 eius-

208 3284 279 3342 dem
303 3285 417 3342 Donati
442 3285 544 3343 medio
568 3291 709 3361 tempore
732 3302 789 3360 per
812 3301 868 3344 vos
891 3287 1005 3358 ablata,
1028 3285 1129 3343 eidem
1152 3285 1282 3344 reddere
1306 3293 1335 3343 et
1358 3285 1478 3343 restitui

209 3389 310 3448 facere
334 3391 472 3449 debeatis
496 3393 581 3449 omni
612 3393 772 3450 occasione
803 3393 913 3466 procul
944 3399 1045 3462 mota;
1078 3409 1146 3466 que,
1178 3393 1203 3450 si
1234 3392 1376 3462 feceritis,
1400 3393 1479 3449 bene

208 3497 345 3569 quidem,
369 3499 507 3571 alioquin
531 3498 569 3556 ad
594 3506 719 3556 octavas
742 3498 812 3556 festi
836 3499 917 3556 beati
942 3497 1069 3571 Georgii
1085 3499 1221 3556 martiris
1237 3515 1318 3556 nunc
1334 3498 1477 3572 proxime

207 3611 362 3674 venturas,
387 3603 493 3661 'coram
514 3605 605 3662 nobis
628 3619 809 3678 comparere
832 3604 970 3662 debeatis
993 3605 1149 3662 racionem
1165 3603 1204 3661 de
1220 3605 1379 3678 premissis
1409 3602 1478 3660 red-

211 3708 305 3766 dituri
330 3708 496 3768 efficacem.
519 3710 636 3768 Datum
661 3709 753 3780 Rode,
777 3710 854 3767 ieria
877 3715 987 3783 quarta
1011 3711 1154 3784 proxima
1176 3715 1246 3767 ante
1263 3709 1377 3766 festum
1393 3709 1476 3766 beati

209 3815 333 3874 Martini
357 3815 549 3874 confessoris.
573 3817 662 3874 Anno
686 3815 805 3874 domini
829 3816 1025 3873 MCCCLXX
1048 3831 1136 3874 nono.

298 3953 321 4002 E
340 3957 506 4018 transumpto
526 3952 599 4002 Petri
619 3939 700 4002 Cirke
720 3952 848 4012 vicebani,
868 3967 935 4002 anno
958 3953 1032 4011 1380.

797 4183 886 4251 289.

315 4329 393 4378 Anno
415 4327 489 4387 1380,
511 4335 550 4386 15.
567 4324 696 4394 Januarii.
716 4324 747 4376 In
766 4323 907 4391 Viiegrad.

216 4452 342 4512 Thomas
363 4456 501 4528 magister
521 4455 740 4513 tavarnicorum
757 4453 873 4531 Jacobo
896 4451 985 4510 indici
1005 4451 1213 4510 communitatis
1235 4449 1406 4510 Grechensis
1422 4457 1479 4510 ter·

210 4561 315 4616 minum
337 4560 528 4633 respondendi
541 4568 641 4618 contra
664 4560 785 4634 Reynor
797 4558 945 4634 praefiget
962 4577 997 4617 ac
1012 4559 1136 4616 eumdem
1151 4558 1273 4634 Reynar
1285 4557 1320 4615 dc
1336 4559 1477 4632 vituperio

486 4666 576 4724 iudici
595 4667 678 4724 illato
700 4668 731 4723 in
753 4667 1028 4750 duodecimumarcis
1049 4666 1197 4723 convincit.
1348 4645 1349 4648 Ἴ

297 4810 362 4868 Nos
377 4811 513 4868 Thomas
529 4810 567 4868 de
582 4817 687 4868 sancto
703 4810 847 4883 Georgio‚
864 4811 1012 4883 magister
1030 4809 1261 4867 tavainicorum
1284 4807 1404 4866 domini
1418 4808 1476 4866 Lo·

212 4913 321 4988 donici,
340 4915 389 4974 dei
418 4918 521 4990 gracia
544 4917 626 4989 regis
649 4917 815 4988 Hungarie.
839 4917 958 4973 Damus
981 4931 1040 4989 pro
1063 4915 1222 4986 memoria,
1247 4912 1330 4986 quod
1353 4913 1476 4986 Reynar

211 5020 339 5096 institor,
357 5023 513 5080 habitator
528 5023 661 5080 civitatis
677 5023 791 5080 montis
807 5021 991 5080 Grechensis
1015 5021 1053 5079 de
1075 5021 1235 5094 Zagrabia,
1258 5021 1474 5094 personaliter,

1356 5134 1370 5165 1
