3728 5806
718 589 790 644 Doc.
808 601 885 665 309.
904 601 978 664 3¹0·
1007 621 1040 628 —
1068 585 1126 644 An.
1150 581 1237 663 1382·

1273 691 1612 700 ———-———-—

938 781 1031 847 309.

454 907 530 956 Anno
553 909 627 966 1382,
648 916 669 962 7.
690 907 792 972 aprilis.
811 905 964 972 Zagrabiae.

348 1027 508 1110 Dr'ot'rysius
534 1032 678 1118 plebanus
707 1036 909 1092 novovillanus
938 1035 1071 1108 testificat
1084 1036 1216 1108 pupillos
1239 1033 1385 1089 cuiusdam
1410 1033 1533 1089 li'uvlror
1553 1051 1616 1088 cum

520 1141 646 1216 quadam
669 1143 763 1210 urircu,
785 1141 905 1198 traditor
920 1141 1016 1214 finire
1038 1159 1125 1196 curae
1147 1139 1295 1196 cuiusdam
1319 1139 1442 1195 Mathai.

439 1284 502 1340 Nos
525 1284 700 1356 Dyonisius‚
725 1285 878 1358 plebanus
893 1283 1020 1340 ecclesie
1040 1284 1135 1340 sancti
1151 1282 1299 1364 Johannis
1326 1282 1459 1354 baptiste
1474 1281 1513 1338 de
1529 1281 1617 1338 Nova

349 1390 436 1460 villa,
461 1390 588 1463 capituli
623 1391 830 1462 zagrabiensis
865 1389 998 1446 ecclesie.
1038 1387 1255 1460 Significamus
1290 1394 1393 1444 tenore
1422 1388 1616 1460 presencium

314 1541 317 1547 ,
350 1495 463 1566 quibus
486 1495 612 1567 expedit
636 1495 795 1566 universis,
819 1494 902 1567 quod
928 1494 1110 1552 Valentinus
1133 1493 1284 1563 sacerdos,
1308 1493 1487 1565 capellanus
1504 1501 1617 1563 noster,

349 1598 474 1670 Stoyk0,
508 1599 640 1657 condam
671 1601 796 1658 villicus
820 1607 922 1657 nostre
945 1599 1029 1670 ville,
1061 1599 1235 1673 Stephanus
1258 1604 1288 1655 et
1312 1599 1410 1655 Pausa
1441 1598 1523 1655 cives
1547 1614 1617 1671 pre·

350 1705 411 1762 fate
435 1706 511 1763 ville
541 1712 654 1776 nostre,
686 1722 790 1764 coram
821 1707 910 1764 nobis
942 1707 1145 1780 personaliter
1175 1703 1393 1777 comparendo,
1417 1703 1560 1761 dixerunt
1582 1710 1612 1760 et

349 1811 480 1869 confessi
504 1812 678 1884 extiterunt,
714 1811 797 1884 quod
822 1812 953 1886 provida
977 1813 1101 1868 domina
1124 1811 1241 1880 Kauka,
1265 1825 1391 1866 consors
1414 1809 1544 1866 condam
1568 1808 1614 1866 Si·

354 1917 462 1987 monis,
486 1918 563 1975 civis
586 1917 624 1974 de
648 1918 730 1976 dicta
745 1918 834 1976 Nova
857 1919 933 1976 villa
957 1923 1070 1978 nostra.
1094 1918 1124 1974 in
1145 1918 1255 1974 ultimo
1280 1922 1353 1973 voto
1376 1931 1432 1973 suo
1448 1916 1615 1973 secundum

350 2024 612 2080 testamentariam
638 2023 885 2096 disposicionem,
909 2023 1065 2096 quandam
1090 2023 1212 2080 vineam
1236 2038 1323 2079 suam
1340 2038 1411 2078 curn
1428 2021 1548 2078 duobus
1571 2023 1616 2078 in-

350 2128 484 2199 fantulis,
498 2129 615 2187 scilicet
624 2131 779 2188 Anthonio
792 2137 821 2186 et
835 2129 932 2187 [sicha
947 2130 1054 2202 puella
1069 2128 1237 2186 dimisisset
1250 2134 1279 2186 et
1294 2127 1469 2186 tradidisset
1487 2128 1616 2196 Matheo,

350 2234 416 2292 filio
440 2235 580 2292 Nicholai
604 2235 642 2292 de
666 2237 830 2306 Koznicha‚
853 2235 891 2293 ad
917 2235 1161 2293 conservandum
1187 2241 1216 2292 et
1238 2234 1438 2292 nutriendum
1461 2233 1510 2303 ita,
1533 2234 1615 2306 quod

353 2342 419 2414 ipse
442 2340 556 2398 dictam
581 2342 705 2399 vineam
735 2342 848 2399 habeat
870 2342 972 2399 colere
996 2347 1025 2399 et
1047 2343 1132 2415 ipsos
1155 2340 1323 2398 infantulos
1346 2341 1463 2397 nutrire
1489 2338 1615 2410 tamdiu,

351 2461 513 2520 quousque
535 2446 575 2504 ad
598 2453 778 2520 provectam
802 2453 915 2505 etatem
938 2464 998 2505 non
1022 2447 1220 2520 pervenerint
1249 2451 1335 2503 etse
1358 2461 1465 2518 regere
1500 2446 1618 2516 absque

351 2554 453 2610 alieno
476 2553 653 2611 adiumento
676 2555 818 2627 poterint.
842 2553 1065 2627 Cuiusquidem
1093 2555 1183 2610 vinee
1206 2553 1237 2609 in
1260 2557 1343 2609 terra
1364 2557 1470 2609 nostra
1493 2551 1549 2608 site
1574 2552 1619 2607 vi-

351 2659 470 2714 cinatur
501 2674 539 2715 ex
570 2673 630 2715 una
662 2665 750 2732 parte
780 2659 886 2717 Kusak
916 2666 946 2716 et
976 2676 1015 2716 ex
1045 2659 1142 2716 altera
1173 2664 1262 2732 parte
1285 2658 1385 2728 tuane,
1416 2657 1557 2714 mulieris
1580 2656 1620 2713 de

353 2769 457 2821 monte
481 2763 609 2834 Gerech‚
641 2765 730 2822 vinee
753 2765 892 2838 ipsorum
924 2781 995 2822 curn
1023 2765 1168 2822 omnibus
1197 2763 1392 2836 pertinenciis
1415 2762 1561 2819 eiusdem.
1585 2763 1619 2820 [n

352 2869 438 2927 cuius
468 2870 514 2927 rei
545 2871 729 2928 memoriam
760 2871 954 2945 presentibus
985 2871 1125 2942 sigillum
1156 2875 1296 2927 nostrum
1327 2869 1473 2926 duximus
1504 2885 1622 2942 appen-

353 2974 496 3032 dendum.
520 2975 636 3032 Datum
659 2975 794 3033 secundo
818 2975 868 3032 die
892 2976 961 3033 festi
986 2991 1076 3050 pasce
1100 2975 1224 3032 domini.
1256 2977 1343 3031 Anno
1368 2973 1486 3031 domini
1510 2973 1622 3032 MCCC

352 3082 561 3153 octuagesimo
591 3081 733 3138 secundo,

441 3196 580 3261 Originale
600 3197 626 3246 in
646 3197 803 3251 membrana,
819 3196 945 3246 asericea
964 3214 1028 3247 zona
1047 3199 1129 3248 rubra
1148 3207 1174 3248 et
1193 3199 1311 3248 violacea
1323 3199 1455 3262 appendet
1475 3199 1539 3247 bene
1560 3213 1623 3247 con-

353 3289 487 3334 servatum
506 3283 632 3348 sigillum,
652 3284 679 3332 in
698 3283 911 3334 circumferentia
931 3285 1006 3335 cuius
1028 3287 1141 3351 legitur:
1167 3287 1191 3338 S.
1219 3287 1380 3336 PLEBANI.
1407 3286 1542 3336 satvrrl.
1570 3286 1623 3336 10-

353 3373 494 3423 HANNIS.
509 3373 563 3422 DE.
577 3373 764 3423 ZAGRABIA.
782 3373 812 3423 In
825 3373 896 3422 arch.
910 3375 985 3440 regui
1000 3375 1072 3425 CSD.
1085 3378 1142 3424 Act.
1157 3385 1295 3426 monaster.
1310 3375 1397 3432 Garic',
1411 3374 1471 3424 fasc.
1486 3386 1509 3424 2.
1523 3391 1562 3424 nr.
1575 3386 1621 3435 42.

945 3569 1031 3634 310.

458 3711 534 3758 Anno
558 3711 630 3767 1382,
653 3719 690 3769 14.
712 3709 792 3774 Junii.
812 3709 842 3758 In
861 3709 999 3774 Visegrad.

354 3835 503 3894 Elisabeth
527 3837 628 3909 regina
651 3837 835 3909 Hungarr'ae,
852 3838 975 3910 capitulo
991 3840 1106 3910 zagrab.
1124 3840 1235 3896 litteras
1243 3840 1466 3912 prorogatorr'as
1487 3840 1517 3894 in
1533 3857 1625 3895 cerusa

344 3943 574 4016 possessionaria
604 3943 680 3999 inter
710 3943 866 4015 capitulum
897 3951 925 3999 et
945 3944 1086 4001 ciuitatem
1116 3945 1303 4002 Grerlrenscm
1323 3945 1409 4002 eidem
1433 3944 1515 4002 reddi
1536 3945 1623 4002 iubet.

1285 4078 1377 4122 Relacio
1391 4078 1490 4122 Ladislai
1504 4077 1565 4121 bani.

442 4196 599 4253 Elizabeth
617 4195 667 4253 dei
678 4197 783 4268 gracia
797 4197 904 4269 regina
920 4197 1086 4269 Hungarie‚
1101 4197 1234 4268 polonie,
1254 4198 1421 4268 Dalmacie,
1438 4203 1492 4254 etc.
1506 4197 1621 4257 Fideli-

356 4304 414 4359 bus
437 4301 500 4358 suis
523 4301 659 4374 capitulo
683 4303 809 4360 ecclesie
830 4303 1036 4374 zagrabiensis
1056 4303 1188 4360 salutern
1213 4309 1243 4360 et
1265 4303 1409 4374 graciam.
1428 4303 1461 4359 ln
1479 4305 1622 4376 personis

356 4407 498 4464 fidelium
515 4407 630 4464 civium
647 4413 823 4465 nostrorum
840 4409 973 4465 civitatis
989 4409 1103 4466 montis
1120 4408 1281 4466 Grecensis
1297 4407 1335 4464 de
1352 4407 1502 4481 Zagrabia
1518 4416 1625 4467 nostre

354 4513 487 4570 relatum
498 4514 663 4585 querulose
673 4514 772 4572 extitit
786 4515 945 4584 maiestati,
959 4514 1042 4587 quod
1054 4515 1201 4586 magister
1213 4514 1361 4584 Andreas
1378 4513 1625 4586 archydiaconus

358 4619 579 4676 concanonicus
602 4625 713 4689 vester,
737 4635 860 4677 causam
884 4627 1020 4677 vestram
1044 4627 1150 4678 contra
1173 4620 1270 4678 dictos
1291 4621 1374 4678 cives
1390 4621 1421 4677 in
1437 4621 1522 4676 curia
1537 4621 1627 4692 regia

356 4731 385 4782 et
410 4729 514 4782 nostre
537 4725 707 4782 maiestatis
723 4727 753 4783 in
771 4725 852 4783 facto
867 4727 1108 4798 possessionario
1124 4727 1154 4783 in
1171 4727 1328 4800 presencia
1344 4727 1441 4799 regali
1458 4726 1487 4782 in
1505 4727 1626 4784 octavis

357 4830 426 4887 festi
448 4830 529 4887 beati
546 4829 673 4903 Georgii
689 4832 824 4889 martiris
840 4848 919 4888 nunc
937 4831 1043 4904 elapsa
1059 4832 1206 4902 habitam,
1225 4847 1355 4888 unacum
1374 4830 1474 4888 Mikus
1491 4831 1627 4890 condam

357 4936 457 4993 iudice
480 4936 560 4993 dicte
584 4938 717 4994 civitatis
741 4943 843 4994 nostre
867 4937 964 4994 veluti
989 4937 1127 5010 parcium
1153 4937 1281 5010 legitimi
1300 4943 1524 5011 procuratores.
1541 4945 1627 4996 statu

355 5041 413 5097 sub
444 5041 576 5114 pristino
607 5041 645 5099 ad
677 5047 800 5100 octavas
832 5041 899 5100 festi
931 5043 1013 5100 beati
1041 5043 1212 5115 Mychaells
1242 5043 1426 5116 archangeli,
1451 5059 1531 5100 nunc
1556 5059 1630 5104 ver-
