3782 5812
401 564 442 623 30
829 545 901 602 Doc.
918 540 976 620 38.
1004 577 1039 586 -
1066 543 1121 601 An.
1147 558 1236 620 1259.

398 747 496 821 ipsius
519 747 611 804 castri
635 745 734 820 posita
756 761 810 802 seu
834 744 969 816 lundata,
994 745 1121 803 ecclesie
1143 751 1246 803 sancte
1270 747 1364 804 Marie
1387 747 1418 804 in
1439 747 1540 804 insula
1556 746 1670 820 Egidti,

399 866 457 925 pro
481 851 629 910 fratribus
652 851 853 908 cisterciensis
870 850 987 908 ordinis
1002 866 1059 923 per
1075 853 1257 924 magistrum
1276 852 1409 924 Petrum,
1433 853 1668 926 zagrabiensem

398 957 659 1028 archidiaconum,
683 962 864 1020 constructe,
889 955 1071 1014 duxerimus
1094 956 1237 1016 donanda
1261 965 1290 1016 et
1314 968 1419 1016 nostro
1447 959 1545 1033 priori
1570 959 1668 1031 privi-

398 1066 480 1136 legio
504 1063 727 1134 confirmanda,
744 1064 815 1120 licet
837 1062 1037 1137 postmodum
1055 1079 1149 1136 super
1165 1065 1240 1137 ipsis
1257 1065 1443 1123 molendinis
1466 1067 1545 1124 inter
1561 1065 1667 1138 ipsum

399 1171 584 1243 magistrum
609 1169 733 1227 Petrum
757 1186 794 1226 ex
818 1183 878 1226 una
902 1175 990 1242 parte
1013 1175 1043 1226 et
1065 1170 1149 1226 cives
1172 1169 1211 1226 de
1234 1169 1335 1228 Grech
1353 1187 1390 1227 ex
1407 1171 1512 1242 altera,
1535 1173 1666 1230 materia

399 1276 609 1334 controversie
631 1274 739 1333 fuisset
763 1277 898 1332 suborta.
932 1271 994 1332 Nos
1025 1281 1129 1333 tamen
1160 1275 1357 1335 donationem
1385 1277 1562 1336 huiusmodi
1586 1278 1668 1335 dicte

398 1383 526 1439 ecclesie
549 1385 651 1438 sancte
675 1383 771 1439 Marie
795 1381 916 1450 factam,
948 1387 1047 1438 ratam
1080 1383 1237 1452 habentes
1267 1383 1334 1455 ipsa
1363 1383 1541 1441 molendina
1564 1383 1666 1441 eidem

399 1488 526 1545 ecclesie
550 1495 700 1560 perpetuo
724 1494 753 1545 et
778 1487 905 1561 pacifice
925 1488 1110 1560 reliquimus
1134 1487 1328 1562 possidenda,
1353 1490 1499 1560 volentes,
1515 1497 1548 1546 ut
1565 1492 1667 1564 ipsam

400 1609 494 1666 super
517 1593 576 1650 hoc
599 1595 760 1651 ecclesiam
785 1595 836 1651 vel
861 1597 1044 1668 magistrum
1068 1593 1203 1665 Petrum,
1220 1601 1385 1668 patronum
1406 1595 1533 1652 ecclesie
1549 1611 1667 1653 merno-

399 1707 472 1770 rate,
497 1699 603 1756 nullus
627 1700 753 1757 omnino
776 1699 887 1757 audeat
910 1701 962 1758 vel
993 1700 1104 1758 debeat
1130 1700 1169 1757 de
1199 1707 1300 1758 cetero
1324 1701 1496 1759 molestare.
1523 1701 1556 1758 ln
1580 1702 1669 1759 cuius

398 1806 443 1862 rei
467 1805 678 1862 testimonium
710 1811 738 1862 et
768 1813 951 1880 perpetuam
982 1805 1162 1864 firmitatem
1194 1813 1351 1881 presentes
1378 1806 1521 1865 dedimus
1544 1807 1666 1865 litteras

399 1909 557 1984 dupplicis
580 1911 676 1983 sigilli
700 1913 796 1968 nostri
829 1913 999 1969 munimine
1030 1913 1200 1970 roboratas.
1229 1943 1263 1952 -
1290 1913 1406 1970 Datum
1440 1927 1520 1970 anno
1547 1912 1669 1970 domini

402 2014 605 2084 MCCLVlllL
630 2018 725 2074 tercio
747 2032 843 2074 nonas
866 2019 983 2091 aprilis.
1017 2018 1113 2091 Regni
1144 2025 1249 2076 autem
1279 2020 1376 2077 nostri
1406 2033 1486 2077 anno
1518 2019 1669 2078 vicesimo

399 2127 519 2193 quarto

488 2257 508 2305 E
528 2257 602 2306 bulla
621 2257 768 2308 Alexandri
788 2258 831 2307 lV.
851 2274 942 2324 papae,
963 2275 1002 2308 an.
1026 2269 1098 2322 1259,
1118 2275 1185 2322 quae
1205 2259 1232 2310 in
1251 2259 1378 2325 originali
1407 2269 1556 2310 asservatur
1577 2261 1604 2310 iu
1626 2277 1670 2310 ar·

399 2345 477 2395 chivo
497 2360 553 2394 ven.
574 2345 651 2410 capit.
671 2346 855 2412 zagrabiensis.
882 2347 966 2414 lypis
990 2348 1110 2412 vulgavit
1129 2348 1203 2413 Joan.
1224 2345 1338 2397 Tkalcic'.
1360 2347 1422 2397 Mon
1446 2348 1505 2397 hist.
1524 2348 1604 2413 episc.
1626 2363 1670 2398 aa·

396 2435 471 2499 grab.
493 2449 515 2483 v.
537 2433 555 2482 1.
576 2450 600 2498 p.
624 2444 679 2484 121.

506 2703 554 2749 A,
578 2709 652 2762 1259·
1003 2665 1065 2730 38.

399 2827 473 2884 Belo
497 2827 552 2884 IV.
577 2827 754 2900 Hungarv'ae
777 2836 823 2884 etc.
848 2846 909 2896 rex,
934 2829 964 2883 in
988 2828 1044 2894 lite,
1067 2845 1154 2900 quam
1177 2821 1303 2883 Perinus
1325 2835 1467 2884 mercator
1481 2845 1543 2884 cum
1558 2826 1672 2884 civibus

398 2934 524 2990 civitatis
555 2935 657 2990 montis
695 2933 865 2990 Grechensis
895 2934 928 2990 dc
958 2941 1037 2991 terra
1062 2933 1228 2990 Ambrosini
1252 2932 1364 3004 agebat,
1388 2933 1504 2990 eanrkm
1529 2933 1599 2989 vi'sn
1622 2934 1669 2988 in-

790 3041 953 3098 strumentis
973 3040 1084 3099 cz'oe'bus
1106 3039 1260 3096 adiudicat.

490 3205 551 3262 Nos
577 3197 673 3280 B(ela)
697 3203 746 3261 dei
770 3206 873 3276 gracia
896 3220 950 3261 rex
968 3203 1109 3275 Vngarie.
1134 3201 1351 3274 Significamus
1367 3203 1528 3272 universis,
1550 3203 1669 3276 quibus

400 3313 478 3369 scire
501 3311 681 3385 expedierit,
705 3311 900 3384 presencium
923 3327 980 3384 per
1005 3315 1151 3380 tenorem,
1172 3308 1255 3381 quod
1272 3325 1343 3366 cum
1359 3309 1497 3381 Perynus
1512 3314 1669 3366 mercator

399 3418 570 3490 requireret
602 3416 640 3474 de
663 3417 784 3474 civibus
807 3417 920 3474 nostris
944 3415 982 3473 de
1014 3421 1118 3474 monte
1150 3415 1261 3488 Grech,
1292 3416 1330 3473 de
1361 3415 1519 3488 Zagrabia,
1552 3421 1668 3472 terram

399 3523 588 3592 Ambrosini,
613 3521 736 3580 duobus
759 3523 870 3580 aratris
894 3521 1107 3592 sufficientem,
1132 3529 1162 3579 et
1185 3522 1320 3594 quedam
1345 3523 1549 3579 instrumenta
1572 3535 1668 3594 super

400 3628 508 3686 eadem
532 3636 614 3686 terra
637 3629 804 3700 exhiberet,
828 3635 858 3686 et
882 3628 956 3686 dicti
980 3629 1063 3686 cives
1086 3645 1102 3685 e
1126 3644 1275 3686 conservo
1298 3637 1440 3686 nostrum
1455 3627 1668 3685 exhibuissent

399 3736 609 3808 privilegium,
642 3735 730 3792 bulla
760 3741 865 3793 nostra
896 3750 989 3792 aurea
1020 3735 1210 3793 roboratum.
1249 3735 1312 3792 Nos
1335 3736 1503 3792 observare
1527 3734 1668 3792 volentes

400 3841 503 3914 ipsum
527 3841 729 3914 privilegium
752 3846 895 3898 nostrum
917 3841 1009 3898 bulla
1031 3855 1125 3898 aurea
1148 3841 1310 3913 munitum,
1331 3841 1495 3913 presertim
1512 3855 1583 3897 cum
1599 3839 1668 3912 ipsa

400 3951 482 4004 terra
505 3948 544 4004 sit
568 3945 648 4004 infra
670 3951 768 4005 metas
791 3950 873 4004 terre
895 3953 1066 4004 memorate
1098 3947 1239 4017 civitatis
1270 3963 1330 4019 que
1353 3952 1434 4003 mete
1458 3947 1489 4003 in
1513 3947 1581 4019 ipso
1603 3946 1668 4018 pri·

401 4053 516 4126 vilegio
548 4053 664 4110 civium
696 4052 897 4122 continentur,
926 4052 1055 4111 eandem
1086 4057 1200 4109 terram
1230 4051 1408 4108 Ambrosini
1439 4052 1515 4125 ipsis
1545 4051 1667 4107 civibus

400 4158 575 4217 dimisimus
606 4158 858 4216 inrevocabiliter
881 4165 1032 4232 perpetuo
1056 4157 1291 4231 possidendam:
1314 4173 1374 4214 non
1398 4157 1593 4215 obstantibus
1615 4157 1667 4212 iit·

400 4265 474 4322 ten's
504 4280 557 4322 seu
588 4265 800 4322 instrumentis
838 4264 912 4322 dicti
948 4265 1059 4336 Peryni
1098 4265 1264 4336 aliquibus,
1295 4264 1319 4320 si
1355 4263 1411 4320 hec
1441 4263 1535 4320 habet
1574 4277 1669 4334 super

399 4377 482 4428 terra
506 4370 691 4444 supradicta,
716 4372 741 4428 si
764 4385 903 4443 unquam
927 4371 1022 4428 vellet
1042 4371 1195 4428 exhibere.
1219 4370 1256 4425 Et
1273 4377 1305 4426 ut
1322 4370 1380 4426 hoc
1395 4376 1499 4426 ratum
1516 4369 1668 4425 habeatur

400 4483 430 4534 et
453 4476 590 4547 firmum,
607 4485 763 4550 presentes
783 4485 902 4534 nostras
923 4477 1042 4534 litteras
1058 4477 1254 4545 contulimus,
1270 4475 1367 4546 sigilli
1382 4475 1480 4533 nostri
1496 4473 1668 4531 munimine

399 4583 567 4641 roboratas.
590 4583 706 4640 Datum
730 4599 809 4640 anno
833 4581 951 4640 domini
974 4581 1056 4639 MCC
1081 4581 1337 4655 quinquagesimo
1359 4596 1449 4638 nono.

488 4737 629 4804 Originale
653 4737 680 4786 in
704 4738 862 4794 membrana.
887 4737 1007 4802 sigillum
1036 4736 1117 4802 periit
1141 4744 1166 4786 et
1190 4751 1260 4786 zona.
1293 4735 1380 4785 liuius
1404 4734 1554 4785 documenti
1581 4739 1669 4782 exstat

400 4828 479 4880 etiarn
507 4832 701 4892 transumptum
719 4843 733 4876 a
753 4826 886 4891 Stephano
907 4842 969 4891 rege
988 4827 1142 4890 ilungariae
1162 4825 1259 4875 l'actum
1279 4825 1348 4874 circa
1367 4840 1407 4873 an.
1431 4833 1504 4881 1275,
1525 4824 1569 4871 sed
1589 4821 1669 4870 valde

377 4895 523 4968 vvitiatum
548 4929 577 4968 ac
605 4915 684 4967 etiarn
709 4914 875 4973 defalcatum,
901 4915 975 4964 cuius
1003 4921 1113 4980 atergo
1138 4914 1191 4964 alia
1215 4929 1293 4964 manu
1319 4913 1476 4978 inscriptum
1494 4920 1547 4961 est:
1571 4923 1669 4974 „super

401 5013 471 5058 terra
489 5005 701 5058 Ambroslelde“.
