3824 5806
224 759 398 817 violatores
427 759 627 816 ecclesiarum
659 763 689 816 et
720 763 826 816 contra
856 758 999 833 publicos
1031 759 1166 816 latrones
1193 774 1229 815 ac
1252 756 1494 831 depopulatores

232 867 371 938 ipsorum
403 866 558 922 bonorum
590 865 867 922 ecclesiasticorum
899 871 944 922 est
975 865 1078 922 taliter
1109 863 1338 937 procedendum
1371 867 1401 920 et
1425 862 1495 920 talis

227 977 272 1028 est
303 972 347 1028 eis
377 971 541 1044 castigacio
571 969 745 1043 infligenda,
768 969 853 1043 quod
882 970 942 1043 ipsi
967 975 1051 1028 metu
1075 986 1162 1044 pene,
1186 970 1210 1028 si
1235 984 1296 1027 non
1320 983 1426 1027 amore
1449 968 1494 1028 di-

224 1077 301 1134 ·vino
323 1076 439 1135 inducti
462 1093 481 1134 a
503 1076 659 1134 similibus
682 1076 721 1135 de
744 1083 845 1134 cetero
868 1077 1049 1137 abstineant.
1073 1081 1103 1134 et
1119 1075 1188 1134 aliis
1204 1091 1312 1133 eorum
1329 1075 1495 1148 castigacio

227 1187 361 1240 transeat
384 1182 414 1239 in
440 1183 628 1256 exemplum.
645 1183 766 1255 Equum
786 1189 816 1240 et
832 1183 891 1240 iuri
907 1197 1076 1240 consonum
1091 1185 1281 1256 reputamus,
1297 1182 1490 1254 insurgentes

228 1295 335 1346 contra
359 1289 504 1346 ecclesias
528 1292 557 1345 et
581 1288 742 1346 molientes
770 1287 885 1346 Christi
908 1288 1065 1346 ministros
1087 1288 1264 1360 extinguere
1288 1291 1318 1345 et
1340 1285 1492 1346 incendia-

227 1397 289 1453 rios
314 1400 344 1452 et
367 1400 508 1468 raptores
531 1409 636 1452 rerum
660 1394 936 1452 ecclesiasticarum
959 1400 989 1452 et
1013 1394 1157 1468 publicos
1180 1393 1365 1466 spoliatores
1388 1397 1418 1450 et
1441 1391 1493 1450 de·

227 1502 429 1576 populatores
463 1500 617 1559 bonorum
648 1500 926 1558 ecclesiasticorum
954 1500 1057 1556 taliter
1080 1500 1239 1570 castigare,
1263 1498 1348 1572 quod
1371 1499 1431 1573 ipsi
1454 1497 1493 1556 de

226 1615 327 1665 cetero
351 1607 427 1665 talia
451 1606 552 1664 lacere
574 1621 635 1664 ncn
658 1612 842 1681 attemptent
866 1612 895 1663 et
918 1621 1025 1663 eorum
1049 1603 1201 1677 condigna
1222 1605 1346 1678 punicio
1361 1604 1494 1679 posteris

225 1719 359 1771 transeat
391 1713 423 1770 in
455 1713 643 1786 exemplum.
679 1711 757 1770 Sane
787 1711 911 1786 pridem
941 1727 997 1785 per
1029 1709 1101 1768 lacti
1130 1711 1347 1768 notorietatem
1370 1714 1401 1768 et
1424 1710 1493 1768 luce

227 1820 341 1877 clarius
372 1819 489 1876 scilicet
520 1817 570 1875 die
600 1817 755 1876 dominica
775 1817 918 1892 proxima
940 1823 1010 1876 ante
1034 1815 1147 1875 testum
1170 1817 1254 1875 beati
1276 1817 1396 1874 Thome
1419 1831 1493 1889 apo·

227 1926 308 1997 stoli,
332 1925 524 1996 universitas,
541 1924 678 1998 populus
701 1929 731 1980 et
751 1939 916 1988 commune
931 1922 1017 1997 opidi
1033 1923 1146 1981 montis
1169 1922 1331 1981 Grecensis
1354 1936 1493 1980 commu·

227 2033 327 2091 nicato
351 2031 490 2102 consilio,
513 2029 552 2088 ad
577 2045 688 2088 sonum
711 2045 868 2104 campane,
891 2029 1026 2104 publice,
1050 2029 1176 2086 vexillis
1199 2029 1316 2100 erectis,
1338 2027 1494 2086 hostiliter

229 2155 322 2197 manu
345 2143 465 2196 armata
488 2137 527 2194 de
549 2137 645 2216 opido
668 2137 782 2194 montis
808 2135 970 2195 Grecensis
993 2133 1206 2193 descendendo
1229 2135 1260 2192 in
1283 2139 1423 2192 nostrum
1444 2149 1493 2192 ca-

228 2245 364 2319 pitulum
396 2243 593 2317 zagrabiense
627 2242 782 2301 irruerunt
806 2243 954 2315 nequiter,
985 2241 1101 2312 dolose,
1132 2240 1310 2314 proditorie,
1345 2246 1493 2314 tanquam

228 2351 347 2424 publici
377 2350 522 2414 latrones,
552 2349 745 2422 spoliatores,
777 2348 1026 2423 depopulatores,
1050 2347 1130 2405 inter
1152 2363 1231 2420 quos
1254 2346 1378 2404 luerunt
1401 2346 1493 2405 infra·

226 2458 334 2530 scripti
357 2456 506 2526 homines,
530 2455 613 2512 cives
636 2453 674 2512 de
697 2454 793 2528 opido
815 2455 930 2512 montis
945 2453 1115 2526 Grecensis,
1132 2459 1162 2511 et
1177 2454 1278 2511 curias
1294 2452 1493 2510 dominorum

227 2562 265 2620 de
289 2562 426 2636 capitulo
450 2561 650 2633 zagrabiensi‚
675 2559 806 2618 fratrum
823 2567 999 2618 nostrorum
1016 2565 1046 2616 et
1061 2559 1196 2616 aliorum
1212 2557 1492 2633 prebendariorum

226 2668 353 2726 ecclesie
377 2675 480 2725 nostre
502 2667 717 2739 zagrabiensis,
742 2667 831 2723 bonis
854 2665 999 2723 omnibus
1022 2666 1053 2723 in
1076 2665 1152 2738 ipsis
1175 2665 1269 2723 curiis
1289 2665 1492 2723 existentibus

227 2790 284 2848 per
307 2773 490 2831 violenciam
515 2772 690 2846 spoliarunt
712 2777 743 2829 et
765 2771 847 2828 bona
868 2771 899 2827 in
915 2771 991 2844 ipsis
1010 2770 1103 2828 curiis
1118 2771 1283 2828 existencia
1299 2776 1492 2844 acceperunt,

224 2889 255 2936 et
287 2880 355 2952 ipsa
385 2879 468 2936 bona
498 2877 537 2935 ad
569 2878 672 2952 ipsum
704 2877 832 2952 opidum
855 2877 970 2934 montis
993 2875 1155 2934 Grecensis
1178 2892 1283 2934 secum
1306 2876 1337 2934 in
1361 2875 1492 2949 predam

224 2993 255 3043 et
285 2986 315 3042 in
346 2985 484 3059 spolium
515 2983 725 3058 deportarunt.
758 2984 795 3041 Et
824 2983 894 3041 aliis
924 2983 1016 3040 malis
1039 2997 1100 3041 non
1125 2983 1267 3054 contenti,
1293 2983 1376 3039 mala
1400 2983 1492 3041 malis

225 3090 450 3149 accumulando
481 3091 565 3163 ipsas
588 3090 689 3147 curias
713 3088 912 3146 dominorum
936 3087 975 3146 de
998 3088 1136 3162 capitulo
1159 3087 1292 3146 fratrum
1315 3097 1491 3147 nostrorum

224 3200 269 3255 sic
293 3213 349 3270 per
371 3198 456 3270 ipsos
481 3197 569 3252 bonis
584 3195 730 3252 omnibus
747 3195 897 3268 spoliatas
920 3193 1129 3266 incenderunt,
1145 3195 1362 3254 decremarunt
1378 3202 1409 3253 et
1425 3195 1491 3254 sun·

223 3303 305 3360 ditus
328 3303 572 3360 combusserunt.
589 3302 626 3357 Et
648 3301 708 3374 ipsi
732 3300 826 3358 iidem
847 3307 995 3374 tanquam
1019 3306 1122 3359 sancte
1145 3302 1309 3360 christiane
1331 3302 1490 3374 religionis

221 3409 423 3467 detestabiles
453 3413 594 3482 apostate
624 3408 656 3464 in
685 3406 893 3481 vilipendium
928 3408 1066 3466 clavium
1095 3415 1199 3466 sancte
1226 3409 1335 3466 matris
1354 3409 1485 3466 'ecclesie

227 3532 287 3574 non
310 3515 434 3573 fuerunt
458 3515 548 3572 veriti
571 3529 681 3572 manus
708 3513 873 3586 sacrilegas
897 3515 927 3572 in
952 3515 1070 3573 litteras
1091 3514 1220 3588 papales
1254 3514 1375 3571 mittere
1399 3518 1428 3571 et
1451 3513 1490 3571 de

223 3621 341 3680 eisdem
372 3620 518 3678 detractis
549 3620 655 3682 bullis.
686 3621 769 3693 ipsas
794 3619 912 3677 litteras
944 3619 1077 3693 pedibus
1107 3620 1288 3678 conculcare
1311 3625 1341 3678 et
1364 3619 1491 3693 insuper

224 3729 294 3800 igne
310 3727 499 3797 -accendere;
530 3725 640 3784 eodem
670 3725 765 3783 modo
791 3725 830 3783 de
853 3727 1051 3800 processibus
1074 3727 1323 3800 quibuscumque
1346 3742 1403 3800 per
1424 3741 1490 3782 eos·

225 3833 295 3891 dem
327 3834 460 3907 repertis
488 3838 628 3905 agentes;
659 3831 759 3889 libros
789 3832 886 3888 eciam
911 3832 1133 3891 ecclesiasticos
1157 3833 1306 3903 diversos,
1330 3832 1384 3906 qui
1405 3832 1488 3906 apud

222 3941 306 4013 ipsos
329 3939 439 3998 fratres
462 3945 583 3997 nostros
607 3945 748 4014 pretextu
773 3937 865 3996 studii
893 3937 1028 4010 luissent,
1052 3946 1083 3998 et
1105 3940 1204 3997 libros
1224 3945 1288 3996 tam
1305 3939 1489 4008 missalium,

222 4062 316 4119 quam
340 4047 570 4104 breviariorum
602 4052 633 4102 et
660 4045 793 4102 aliomm
817 4046 921 4118 magni
946 4047 1062 4104 valoris
1085 4047 1116 4104 in
1140 4045 1271 4120 predam
1294 4052 1324 4103 et
1347 4047 1488 4120 rapinam

222 4153 448 4211 committentes
491 4155 661 4225 rapuerunt
692 4157 722 4208 et
752 4167 856 4208 secum
888 4157 1126 4226 asportaverunt
1156 4153 1187 4210 in
1219 4167 1292 4210 usus
1319 4151 1487 4224 sacrilegos

222 4261 362 4333 ipsorum
386 4257 593 4316 convertendo
617 4257 648 4315 in
671 4273 726 4314 sue
752 4257 863 4315 salutis
885 4257 1083 4331 dispendium
1107 4273 1167 4316 non
1192 4257 1350 4316 modicum
1373 4263 1403 4316 et
1426 4259 1485 4316 iac·

223 4373 333 4423 turam.
358 4365 426 4422 Hiis
450 4365 547 4422 eciam
571 4364 663 4422 malis
678 4377 739 4421 non
762 4365 904 4434 contenti,
929 4365 1063 4437 pessima
1085 4364 1245 4438 peioribus
1267 4363 1432 4422 adicientes
1456 4365 1487 4422 in

221 4472 340 4530 curiam
375 4487 429 4528 seu
458 4471 614 4546 palacium
649 4469 739 4528 solite
773 4477 876 4528 nostre
912 4471 1114 4530 habitacionis
1149 4471 1312 4544 irruerunt,
1349 4471 1488 4530 volentes

221 4580 325 4652 ipsum
348 4577 492 4635 similiter
524 4577 613 4634 bonis
640 4576 785 4633 omnibus
809 4576 839 4633 in
863 4577 931 4650 ipso
954 4577 1076 4651 palacio
1099 4593 1153 4634 seu
1177 4577 1262 4635 curia
1284 4577 1486 4636 existentibus

220 4685 355 4759 spoliare
389 4688 420 4741 et
442 4682 570 4741 demum
599 4683 704 4756 ipsum
731 4681 914 4741 succendere
944 4683 1014 4756 igne
1045 4690 1075 4741 et
1107 4697 1254 4752 cremare,
1286 4689 1316 4741 et
1347 4683 1486 4757 ipsorum

221 4791 425 4864 dampnatum
450 4794 479 4846 et
502 4789 704 4862 reprobatum
727 4788 924 4862 propositum
946 4789 1169 4863 implevissent,
1197 4790 1255 4848 nisi
1281 4788 1484 4848 familiarium

220 4902 406 4966 nostrorum,
430 4896 483 4968 qui
508 4895 609 4969 ipsum
635 4894 790 4967 palacium
814 4895 854 4951 ab
878 4895 1017 4968 ipsorum
1041 4894 1210 4970 dampnato
1231 4901 1261 4953 et
1284 4896 1418 4969 reprobo
1441 4896 1485 4954 in-

222 5007 297 5076 petu
329 5000 541 5074 defenderunt,
571 5002 660 5076 copia
692 5000 814 5072 luisset;
846 5000 899 5058 sed
931 5001 1151 5060 nichilominus
1173 5017 1270 5060 unum
1296 5001 1486 5061 familiarem
