3600 5804
546 547 619 603 Dac,
643 560 714 622 240.
739 559 809 623 247.
837 579 873 588 -
899 547 955 604 An.
980 540 1071 623 1364.

770 739 860 804 246.

287 885 364 931 Anno
388 881 461 942 1364,
481 889 521 938 25.
541 879 615 946 Julii.
636 879 666 930 In
686 863 751 930 villa
770 880 909 930 Gerender.

203 1009 366 1066 ludovicus
389 1009 567 1082 Huagan'ae
588 1016 635 1065 etc.
659 1027 721 1078 rex,
744 1015 883 1065 monetam
906 1010 937 1064 ia
959 1008 1122 1080 Haagarr'a
1144 1028 1252 1078 cusam,
1276 1012 1306 1066 ia
1329 1030 1418 1082 regna

466 1114 600 1172 Craatine
621 1122 650 1173 et
671 1113 829 1172 Slananiae
850 1114 1050 1186 acceptandam
1073 1123 1163 1172 carcat.

266 1259 441 1318 lodouicus
476 1259 526 1318 dei
559 1260 664 1332 gracia
697 1276 752 1318 rex
788 1261 954 1334 Hungarie.
991 1261 1089 1320 Fideli
1125 1277 1180 1318 suo
1212 1261 1387 1318 venerabili
1419 1261 1449 1318 in

178 1367 302 1424 Christo
328 1367 417 1439 patri,
441 1364 569 1423 domino
591 1364 757 1439 Stephano,
784 1368 977 1440 zagrabiensi
1009 1369 1163 1441 episcop0,
1189 1368 1336 1438 regnique
1359 1365 1443 1424 Scla-

179 1473 270 1529 uonie
293 1472 411 1528 vicario
434 1472 572 1543 generali
596 1471 729 1530 salutem
752 1479 782 1530 et
805 1474 949 1545 graciam.
974 1473 1139 1544 Noveritis,
1160 1472 1241 1545 quod
1268 1477 1333 1529 tam
1355 1474 1443 1530 nobi-

179 1579 256 1636 lium
282 1593 377 1651 quam
402 1577 629 1635 civitatensium
653 1579 684 1635 in
715 1594 812 1651 regno
842 1585 948 1636 nostro
978 1579 1142 1637 Sclauonie
1172 1580 1233 1636 iam
1258 1578 1342 1635 dicto
1372 1593 1441 1636 con·

179 1685 357 1742 sistencium
391 1684 584 1757 querimonia
608 1700 697 1741 aures
729 1685 924 1758 propulsavit
947 1690 1050 1742 nostre
1081 1686 1258 1753 maiestatis,
1282 1683 1365 1756 quod
1390 1684 1445 1741 illa

181 1796 306 1848 moneta
329 1805 419 1860 nova,
443 1805 537 1862 quam
562 1790 592 1847 in
616 1789 725 1848 eodem
743 1805 837 1863 regno
853 1806 1007 1864 exponere
1024 1791 1180 1848 intenditis
1202 1789 1451 1862 discurrendam,

180 1897 223 1952 eis
247 1896 379 1952 nimium
404 1895 492 1953 tieret
515 1896 633 1965 nociva,
656 1911 764 1966 ymmo
781 1912 818 1954 ex
835 1896 973 1954 eiusdem
990 1897 1185 1970 exposicione
1209 1896 1325 1952 cunctis
1351 1895 1449 1968 ipsius

182 2002 268 2073 regni
293 2001 402 2058 incolis
426 2000 598 2074 dampnum
621 2001 831 2058 intollerabile
847 2007 877 2058 et
893 2002 1106 2059 turbacionem
1130 2017 1189 2058 non
1209 2000 1362 2058 modicam
1381 2017 1449 2074 pre·

179 2106 349 2164 sensissent
371 2107 502 2164 evenire.
531 2106 635 2179 Quare
666 2105 810 2164 fidelitati
840 2112 942 2164 vestre
973 2107 1072 2165 firmis
1095 2107 1206 2164 damus
1229 2107 1259 2164 in
1285 2107 1449 2176 mandatis,

179 2218 339 2285 quatenus,
363 2214 389 2270 si
412 2227 484 2270 cum
507 2212 624 2270 eisdem
648 2213 808 2270 nobilibus
831 2219 861 2271 et
877 2214 1110 2271 civitatensibus
1138 2214 1278 2286 poteritis
1303 2212 1451 2270 ordinare

181 2323 214 2375 ut
238 2317 380 2392 predicta
402 2324 526 2376 moneta
549 2319 579 2376 in
610 2317 720 2376 eodem
752 2317 904 2376 discurrat
935 2335 1031 2392 regno
1065 2320 1163 2392 ipsius
1187 2318 1360 2376 incolarum
1383 2333 1451 2374 mu-

180 2425 238 2481 tuis
263 2424 371 2480 usibus
394 2423 610 2498 exponendam
634 2425 718 2482 iuxta
735 2429 872 2482 vestram
889 2425 1104 2494 intencionem,
1123 2425 1199 2482 bene
1220 2423 1358 2496 quidem,
1374 2424 1450 2480 alio·

178 2531 254 2603 quin
278 2529 397 2588 sactum
420 2531 517 2604 ipsius
540 2535 663 2588 monele
689 2531 794 2589 taliter
825 2530 1004 2605 disponatis
1036 2538 1070 2588 ut
1100 2529 1208 2588 eadem
1240 2534 1363 2586 moneta
1395 2546 1451 2587 nec

178 2637 339 2694 nobilibus
362 2643 392 2694 et
416 2637 649 2695 civitatensibus
673 2636 819 2710 predictis
842 2637 882 2693 sit
904 2635 1015 2694 nociva
1031 2641 1061 2694 et
1076 2635 1258 2709 dampnosa,
1278 2652 1334 2692 nec
1350 2636 1450 2692 eciam

177 2743 269 2800 nobis
292 2741 466 2816 dampnum
489 2743 611 2800 eveniat
634 2759 672 2800 ex
696 2742 813 2800 eadem.
843 2743 876 2800 In
908 2758 980 2799 casu
1011 2747 1123 2811 autern,
1151 2757 1214 2814 quo
1236 2741 1349 2798 horum
1374 2757 1447 2798 neu-

179 2855 263 2906 trum
287 2847 388 2906 facere
412 2849 552 2922 possetis,
576 2854 648 2906 tunc
672 2849 762 2906 nobis
786 2863 823 2906 ea
846 2849 984 2906 seriatim
1007 2848 1192 2918 rescribatis,
1214 2853 1247 2904 ut
1268 2862 1324 2904 nos
1340 2847 1451 2904 exinde

178 2953 390 3012 deliberemus
413 2953 489 3027 quid
514 2954 607 3012 fuerit
630 2954 818 3012 faciendum.
845 2955 962 3012 Datum
980 2953 1105 3012 invilla
1124 2953 1308 3024 Gerencher‚
1326 2955 1355 3010 in
1373 2952 1451 3011 sesto

181 3060 266 3118 beati
288 3060 397 3143 Jacobi
420 3061 562 3134 apostoli.
587 3061 676 3118 Anno
700 3060 818 3118 domini
842 3060 1011 3118 millesimo
1034 3059 1168 3116 CCCLX
1191 3067 1309 3132 quarto

271 3195 412 3260 Originale
431 3195 458 3245 in
477 3195 575 3253 charta,
595 3194 621 3244 io
641 3209 694 3258 qua
713 3194 871 3260 impressum
883 3201 922 3246 est
935 3201 1063 3245 secretum
1083 3195 1203 3260 sigillum
1222 3194 1294 3260 regis
1312 3193 1451 3244 Ludovici.

183 3285 215 3334 In
235 3281 334 3333 archiv.
355 3284 435 3332 Aeaci.
455 3283 549 3334 Scient.
568 3284 637 3334 Slav.
658 3282 750 3332 merid.

774 3517 862 3585 247.

289 3663 366 3709 Anno
389 3659 462 3720 1364,
482 3670 522 3719 3ο.
542 3661 617 3726 Julii.
638 3647 751 3710 Casmae.

185 3787 346 3862 Stephanus
370 3787 430 3844 Ill.
454 3788 569 3861 aagrab.
594 3788 736 3860 epacrptus
758 3787 792 3843 de
814 3785 926 3844 actious
939 3785 1165 3860 fideragnitatis
1187 3787 1235 3842 sui
1247 3785 1369 3858 capituli
1382 3785 1450 3856 agit.

270 3930 446 4005 Stephanus
469 3931 519 3988 dei
544 3937 573 3988 et
596 3931 766 4003 apostolice
790 3929 872 3988 sedis
895 3931 999 4002 gracia
1015 3930 1180 4003 episcopus
1196 3929 1324 3986 ecclesie
1347 3942 1452 3998 zagra·

183 4037 304 4096 biensis.
329 4037 481 4095 Omnibus
502 4035 542 4093 ad
565 4051 644 4109 quos
668 4041 825 4108 presentes
849 4037 1054 4110 pervenerint,
1087 4049 1227 4108 quosque
1251 4049 1377 4107 presens
1400 4049 1452 4090 ne-

183 4144 305 4216 gocium
330 4144 427 4216 tangit
450 4144 502 4200 vel
525 4149 651 4216 tangere
681 4144 795 4217 poterit
819 4142 1057 4215 quomodolibet
1089 4142 1118 4198 in
1147 4140 1295 4211 futurum,
1320 4139 1452 4196 salutern

182 4251 213 4307 in
235 4249 363 4307 domino
386 4251 618 4325 sempiternam.
641 4249 768 4306 Placens
792 4248 850 4306 deo
873 4253 1015 4306 veterum
1048 4248 1079 4305 in
1106 4246 1200 4304 domo
1224 4245 1341 4303 domini
1368 4243 1449 4301 mili·

183 4357 317 4414 lancium
343 4357 540 4414 conversacio
564 4360 594 4412 et
617 4353 679 4412 fida
710 4369 841 4428 operum
873 4353 1027 4411 exhibicio
1069 4353 1182 4410 meruit
1205 4351 1394 4420 eorumdem,
1418 4354 1453 4406 ut

186 4461 223 4518 ad
248 4462 332 4534 ipsos
357 4477 413 4535 per
436 4461 608 4534 regnicolas
632 4461 662 4518 in
686 4475 795 4518 eorum
818 4459 944 4533 agendis
968 4458 1141 4532 specialior,
1167 4473 1253 4515 more
1269 4457 1369 4530 patrie
1385 4457 1453 4514 lau-

183 4567 281 4624 dabili
306 4573 336 4625 et
359 4567 460 4624 tucior
483 4582 626 4624 recursus
649 4567 815 4636 habeatur;
846 4564 900 4623 sed
933 4563 1142 4638 quorumdam
1166 4563 1388 4620 modernorum
1412 4562 1450 4620 ad

183 4675 302 4732 bonum
326 4674 417 4747 pigra
439 4673 477 4730 ad
503 4673 621 4730 malum
645 4688 721 4730 vero
743 4687 842 4746 prona
865 4671 1022 4729 subtilitas
1046 4671 1188 4744 priorum
1204 4684 1332 4725 suorum
1348 4673 1452 4740 gestus

183 4779 358 4837 laudabiles
384 4779 508 4836 sinistra
544 4779 673 4836 molitur
704 4779 826 4836 accione
857 4778 1042 4849 extinguere.
1075 4775 1164 4835 Unde
1196 4774 1313 4832 factum
1342 4779 1395 4845 est,
1421 4781 1453 4831 ut

184 4883 394 4958 quorumdam
418 4884 559 4942 locorum
582 4883 819 4957 collegiatorum
844 4889 874 4942 et
897 4881 1148 4941 conventualium
1172 4886 1307 4938 rectores
1331 4888 1361 4937 et
1384 4897 1453 4954 per·

188 5006 268 5062 sone,
292 4990 368 5047 dum
393 4989 555 5064 cupiditati
577 5006 631 5048 sue
655 4989 741 5047 frena
764 4991 948 5061 restringere
977 4994 1006 5044 et
1038 5003 1147 5044 manus
1170 5002 1188 5044 a
1213 5002 1340 5044 munere
1364 5001 1454 5044 excu-
