3600 5804
610 601 683 658 Doc.
707 597 777 678 236.
805 635 842 644 —
867 603 922 660 An.
947 600 1036 679 1356.
1401 624 1459 668 arr

191 799 271 855 cium
294 799 442 857 noticiam
466 800 618 858 habituris
638 801 771 859 salutem
788 801 820 858 in
835 802 977 860 omnium
993 803 1154 860 salvatore.
1170 803 1267 886 Justis
1282 805 1458 878 petencium

190 903 349 962 desideriis
373 904 497 962 facilem
520 907 652 980 prebere
674 921 857 965 consensum
878 907 926 966 ius
949 908 1067 981 invitat,
1091 909 1210 983 equitas
1233 910 1400 984 persvadet
1428 917 1458 967 et

191 1008 309 1067 ducalis
333 1012 520 1069 excellencia
544 1019 710 1071 exortatur.
733 1013 867 1071 Proinde
890 1013 929 1070 ad
952 1014 1169 1072 universorum
1186 1016 1331 1073 noticiam
1347 1017 1458 1074 harum

189 1117 266 1173 serie
289 1116 435 1174 volumus
458 1120 629 1202 pervenire,
657 1118 741 1192 quod
763 1120 901 1192 religiosi
924 1120 985 1177 viri
1011 1119 1122 1179 fratres
1146 1121 1302 1179 Heremite
1329 1122 1458 1180 ecclesie

188 1223 279 1279 beate
311 1223 440 1296 virginis
470 1223 509 1282 de
539 1225 754 1298 promontorio
777 1226 968 1298 zagrabiensi
992 1225 1031 1284 ad
1054 1233 1158 1284 nostre
1180 1228 1351 1286 serenitatis
1376 1245 1459 1286 acce·

188 1326 295 1385 dentes
319 1331 521 1402 presenciam,
544 1331 752 1389 exhibuerunt
774 1331 865 1389 nobis
889 1330 1041 1404 quasdam
1057 1332 1175 1390 litteras
1191 1333 1311 1390 clausas
1328 1334 1457 1406 capituli

187 1435 396 1506 zagrabiensis
427 1435 555 1494 ecclesie
586 1453 681 1511 super
711 1439 880 1495 statucionc
911 1439 1112 1512 possessionis
1141 1439 1373 1512 Priztawchyna
1403 1455 1457 1498 vo·

187 1549 253 1598 cate
286 1541 449 1615 confectas,
480 1549 642 1617 precantes
673 1551 813 1602 nostram
843 1545 1021 1602 humillime
1052 1547 1246 1604 maiestatem
1277 1553 1310 1604 ut
1334 1545 1458 1604 easdem

187 1653 348 1720 acceptare
382 1650 557 1722 nostrisque
592 1650 704 1708 litteris
738 1651 994 1724 privilegialibus
1027 1651 1229 1725 dignaremur
1265 1652 1457 1710 confirmare.

187 1751 411 1827 Cuiusquidem
434 1760 523 1812 tenor
546 1757 616 1813 talis
633 1762 694 1814 est:
718 1749 792 1835 (vid.
816 1774 861 1815 nr.
888 1771 957 1830 235.
982 1773 1029 1815 an.
1052 1757 1142 1831 1356.
1163 1772 1209 1826 15.
1225 1750 1377 1834 januarii.)
1394 1757 1457 1816 Nos

187 1859 290 1931 itaque
322 1860 410 1918 iustis
442 1867 472 1918 et
500 1861 649 1934 legitimis
672 1863 958 1936 supplicacionibus
984 1863 1138 1921 dictorum
1163 1863 1294 1921 fratrum
1318 1864 1459 1922 Heremi-

187 1970 289 2022 tarum
313 1965 530 2024 favorabiliter
553 1967 700 2038 inclinati,
724 1967 821 2026 dictas
846 1970 966 2026 litteras
988 1969 1085 2043 ipsius
1105 1970 1234 2043 capituli
1250 1970 1458 2042 zagrabiensis

187 2073 315 2130 ecclesie
338 2074 428 2130 nobis
459 2082 616 2147 porrectas
648 2087 742 2148 super
769 2076 938 2132 statucionc
972 2075 1053 2132 dicte
1077 2076 1279 2149 possessionis
1302 2075 1457 2147 Pryztaw·

186 2179 302 2250 schyna
314 2185 489 2252 nuncupate
502 2187 658 2237 emanatas
671 2187 877 2254 acceptamus,
891 2181 1113 2254 approbamus,
1126 2179 1315 2238 ratificamus
1335 2186 1365 2238 et
1377 2183 1460 2238 testi·

187 2287 292 2342 monio
304 2285 500 2359 presencium
513 2286 687 2344 litterarum
701 2293 878 2344 nostrarum
892 2287 1137 2360 privilegialium
1147 2292 1298 2361 perpetuo
1308 2287 1458 2344 valituras

186 2390 408 2448 confirmamus
431 2397 532 2448 totum
556 2399 694 2449 tenorem
711 2392 849 2450 eiusdem
873 2392 912 2450 de
936 2394 1034 2450 verbo
1054 2393 1094 2450 ad
1110 2393 1246 2450 verbum
1261 2394 1457 2466 presentibus

185 2497 277 2553 inseri
301 2496 451 2554 faciendo.
471 2497 505 2555 In
529 2498 615 2555 cuius
638 2500 683 2555 rei
707 2499 893 2556 memoriam
919 2505 1164 2573 perpetuamque
1189 2499 1371 2556 firmitatem
1388 2514 1457 2572 pre-

185 2611 284 2660 sentes
317 2604 524 2661 concessimus
557 2604 689 2661 littteras
717 2611 837 2662 nostras
861 2605 1082 2678 privilegiales,
1114 2605 1276 2678 pendentis
1299 2612 1329 2662 et
1352 2613 1456 2662 auten·

185 2711 235 2767 tici
266 2711 365 2782 sigilli
389 2712 486 2768 nostri
515 2711 686 2768 munimine
717 2711 918 2782 consignatas.
947 2711 1063 2768 Datum
1084 2709 1242 2784 Zagrabie,
1267 2728 1324 2785 per
1346 2727 1456 2768 manus

184 2815 309 2874 discreti
333 2817 393 2874 viri
417 2816 535 2873 domini
559 2816 641 2874 Petri
663 2817 813 2890 prepositi
839 2817 931 2874 castri
947 2815 1048 2888 ferrei,
1064 2818 1134 2874 aule
1150 2823 1254 2874 nostre
1270 2817 1456 2874 cancellarii.

185 2927 275 2981 Anno
298 2921 437 2980 eiusdem
462 2922 598 2979 MCCCL
621 2931 708 2980 sexto
736 2923 884 2996 predicto.

273 3041 416 3106 Originale
436 3041 462 3090 in
482 3042 633 3091 membrana
652 3041 781 3098 attritum,
801 3057 865 3091 zona
878 3041 976 3090 sericea
990 3056 1082 3090 crocea
1097 3042 1229 3106 appendet
1242 3043 1341 3105 absque
1355 3041 1454 3108 sigillo.

184 3133 240 3180 Act.
264 3131 392 3180 Conveni.
416 3130 516 3179 Remet.
540 3129 601 3179 fasc.
626 3129 644 3179 1.
668 3145 708 3179 nr.
732 3139 768 3179 ιο.
799 3129 829 3178 ln
857 3129 966 3180 archivo
994 3130 1070 3195 regni
1097 3131 1169 3180 CSD.
1198 3130 1351 3194 Zagrabiae.
1381 3131 1455 3196 Joan.

184 3217 353 3282 Kukuljevic‘.
383 3218 471 3268 Arkiv
496 3233 524 3267 za
548 3218 651 3282 poviest
668 3219 766 3283 jugosl.
786 3217 833 3267 Ill.
854 3235 878 3283 p.
898 3219 939 3268 86.

777 3435 866 3501 236.

292 3525 369 3571 anno
390 3521 464 3580 1356.
486 3531 526 3570 21.
545 3521 617 3570 maii.

184 3633 348 3689 Ludoac’cus
371 3632 547 3704 Hungariae
567 3641 615 3688 etc.
638 3651 700 3702 rex,
717 3633 851 3706 precibus
877 3633 1016 3708 Dionysii
1037 3633 1244 3704 archidiaconi,
1260 3635 1451 3708 passessiones

184 3757 253 3796 suas
267 3747 330 3812 pro
351 3738 413 3795 date
435 3740 540 3796 altaris
563 3739 587 3796 b.
611 3739 733 3796 Mariae
762 3739 961 3811 Magdalenac
990 3741 1020 3796 in
1051 3740 1164 3797 ccclesia
1193 3740 1357 3797 cathedrali
1377 3741 1452 3815 fim-

555 3845 649 3902 dandi
668 3845 814 3918 applicari
829 3855 920 3918 passe,
943 3845 1085 3902 consentit.

272 3987 447 4046 lodouicus
471 3988 519 4045 dei
544 3991 647 4062 gracia
672 3990 837 4062 Hungarie,
861 3989 1029 4060 Dalmacie‚
1052 3989 1187 4060 Croacie,
1205 3989 1310 4060 Reme,
1335 3988 1451 4060 Seruie,

183 4094 326 4165 Gallicie,
350 4094 542 4164 lodomerie,
566 4095 722 4165 Comanie‚
747 4095 953 4168 Bulgarieque
977 4113 1039 4167 ren,
1064 4097 1209 4171 princeps
1225 4093 1449 4153 Sallernitanus

183 4217 218 4258 ac
241 4202 358 4258 montis
380 4202 477 4258 sancti
494 4201 605 4274 Angeli
623 4201 774 4259 dominus.
791 4201 944 4258 Omnibus
960 4202 1074 4259 Christi
1091 4201 1238 4258 fidelibus
1255 4201 1450 4274 presentibus

183 4309 300 4380 pariter
322 4315 352 4364 et
376 4305 487 4366 futuris
510 4309 704 4380 presencium
735 4307 880 4365 noticiam
912 4308 1064 4365 habituris
1100 4308 1232 4364 salutem
1257 4307 1287 4363 in
1311 4306 1451 4363 omnium

183 4415 347 4471 salvatore.
370 4413 465 4496 Justis
489 4415 663 4488 petencium
689 4413 850 4471 desideriis
880 4413 1005 4471 facilem
1036 4414 1166 4487 prebere
1194 4428 1376 4469 consensum
1403 4413 1450 4468 ius

183 4520 301 4582 invitat.
326 4520 446 4591 equitas
468 4517 634 4594 persuadet
657 4527 687 4576 et
709 4520 824 4590 regalis
847 4520 1023 4578 sublimitas
1047 4524 1205 4576 exortatur
1232 4519 1395 4592 persertim
1420 4517 1451 4574 in

184 4625 250 4692 hiis,
274 4640 336 4697 que
360 4633 536 4682 sanctarum
559 4625 760 4683 ecclesiarum
787 4625 926 4682 comodis
950 4626 1095 4683 videntur
1126 4625 1244 4683 utiliter
1274 4625 1451 4682 subvenire.

184 4731 318 4789 Proinde
348 4731 387 4788 ad
417 4733 636 4792 universorum
667 4733 778 4790 harum
811 4733 888 4789 serie
919 4732 1064 4789 noticiam
1097 4731 1243 4788 volumus
1278 4729 1449 4804 pervenire,

184 4837 266 4910 quod
291 4837 443 4895 discretus
466 4838 515 4895 vir
545 4837 690 4896 dominus
721 4839 896 4909 Dyonisius‚
927 4837 1171 4909 archydiaconus
1199 4835 1238 4893 de
1260 4835 1397 4894 Kemlulr
1421 4843 1450 4893 et

183 4945 347 5000 canonicus
370 4943 498 5000 ecclesie
528 4944 743 5014 zagrabiensis¹
775 4943 814 5000 ad
844 4951 949 5000 nostre
981 4943 1152 5000 serenitatis
1182 4941 1356 4999 accedendo
1380 4958 1450 5015 pre-

183 5051 319 5106 senciam
341 5049 436 5123 peciit
459 5063 477 5106 a
499 5051 589 5106 nobis
613 5050 774 5106 humiliter
794 5055 823 5106 et
854 5049 965 5106 devote
995 5064 1087 5122 prece
1118 5049 1297 5118 subiectiva,
1321 5053 1354 5104 ut
1378 5049 1451 5121 quia
