3782 5812
389 523 471 583 CCX
513 537 518 548 ·
893 518 1082 592 Argumtma.

389 625 729 633 ——.—-.....4
760 623 906 628 ----—-----
923 624 929 628 -
953 623 1123 630 ——---.---
1193 624 1347 629 ————-

1552 724 1585 766 Pa
1601 724 1607 734 '
1625 735 1648 767 ι.

389 801 449 851 282.
469 803 546 852 Anno
568 801 643 859 1378;
665 807 708 864 19;
724 797 796 850 maii.
815 797 969 864 Zagrabiae.
989 799 1083 848 Petrus
1102 798 1189 848 Zudar
1207 797 1298 858 banus,
1318 797 1410 849 comiti
1429 804 1455 849 et
1475 798 1542 848 iudi·
1586 735 1624 778 ‘m

467 889 541 939 cibus
558 887 690 938 nobilium
708 887 848 936 comitatus
866 886 1006 948 crisiensis,
1024 893 1055 937 ut
1073 887 1105 937 de
1124 887 1232 936 nefariis
1245 886 1348 938 actibus
1360 885 1470 937 Domuii
1484 885 1542 938 0111-

463 977 541 1028 111111
558 975 669 1043 capituli
681 976 796 1040 zagrab„
808 975 912 1027 civibus
925 976 1116 1026 Grechensibus
1128 975 1211 1026 illatis
1224 976 1388 1042 investigent,
1399 975 1536 1042 praecipit.
1594 983 1652 1028 270

387 1088 446 1145 283,
465 1087 542 1136 Anno
563 1084 636 1143 1378,
659 1093 681 1132 1.
701 1080 783 1146 Junii.
803 1081 893 1135 Crisii.
912 1085 1005 1134 Comes
1024 1081 1157 1132 crisiensis
1176 1095 1206 1132 ac
1224 1081 1325 1132 iudices
1343 1081 1476 1134 nobilium
1493 1097 1537 1148 pe·

465 1180 538 1224 racta
556 1171 727 1236 inquisitione
746 1171 778 1220 de
804 1169 913 1220 nefariis
932 1171 1035 1222 actibus
1058 1170 1166 1220 Domnii
1186 1170 1311 1220 officialis
1329 1170 1448 1238 capituli,
1474 1170 1542 1220 bauo

464 1260 604 1313 Slavoniae
616 1257 735 1308 referunt
742 1283 1537 1300 .............................................
1599 1267 1647 1313 271

386 1351 445 1412 284.
465 1353 541 1400 Auno
563 1348 637 1406 1378,
655 1347 697 1396 26.
716 1343 799 1410 Junii.
819 1345 973 1411 Zagrabiae.
993 1345 1146 1398 Ludovicus
1164 1345 1319 1412 Hungarlee
1337 1351 1385 1397 etc.
1400 1361 1456 1406 rex,
1475 1361 1542 1396 cam·

464 1438 537 1488 bium
555 1436 704 1486 Heremitas
723 1435 791 1485 inter
810 1439 836 1484 11
855 1434 998 1500 plebanum
1009 1435 1211 1486 novovillauum
1222 1433 1535 1501 Zagrabiaemonfirmat.
1596 1441 1647 1489 271

386 1548 446 1604 285.
466 1548 543 1595 Anno
565 1552 640 1608 1370,
662 1553 704 1595 21.
722 1542 846 1606 januarii.
871 1540 1025 1608 Zagrabiae.
1051 1541 1205 1608 Capitulum
1223 1541 1329 1607 zagrab.
1348 1541 1473 1593 ecclesiae
1491 1546 1540 1592 ter-

464 1634 564 1684 minum
582 1632 649 1684 iuris
668 1630 774 1681 dicendi
794 1629 821 1680 in
840 1645 918 1681 causa
938 1645 992 1680 sese
1011 1629 1081 1681 inter
1094 1635 1120 1680 et
1131 1630 1345 1682 communitatem
1358 1630 1540 1690 Grechensem,

462 1727 640 1789 prorogatum
658 1735 719 1779 esse,
737 1719 841 1770 nuntiat
848 1744 1536 1760 ·······································
1597 1730 1612 1768 2

384 1813 444 1864 286.
464 1815 540 1862 Auno
562 1818 638 1874 1379.
664 1819 699 1859 2ο
717 1808 789 1859 maii.
808 1806 963 1874 Zagrabiae.
989 1806 1129 1858 Terminus
1147 1807 1214 1858 iuris
1235 1807 1341 1858 dicendi
1359 1807 1386 1858 in
1404 1821 1482 1858 causa
1500 1822 1540 1857 ca-

462 1900 577 1966 pitulum
595 1877 765 1963 zagrabiense
790 1897 858 1948 iuter
875 1903 901 1948 et
921 1895 1134 1947 communitatem
1154 1895 1336 1955 Grechensem,
1363 1895 1460 1946 iterum
1478 1910 1537 1962 pro·

461 1991 488 2039 lo
527 1994 587 2040 atur
599 2010 1532 2026 ·····················································

384 2079 441 2134 287.
461 2003 537 2128 Αῖξο
559 2085 633 2141 1370,
659 2084 698 2134 13.
719 2074 844 2126 octobris.
864 2073 1016 2140 Zagrabiae.
1040 2075 1135 2126 Petrus
1153 2073 1241 2124 Zudar
1259 2075 1349 2134 banus,
1369 2073 1410 2124 ius
1429 2073 1535 2124 dicendi

460 2167 488 2218 in
507 2180 585 2216 causa
602 2163 748 2230 capitulum
766 2163 872 2230 zagrab.
892 2163 963 2214 inter
981 2169 1007 2214 et
1025 2164 1239 2216 communitatem
1259 2163 1435 2215 Grechensem
1448 2165 1482 2214 ad
1495 2170 1531 2216 11-

460 2255 599 2308 uaruicum
616 2252 720 2318 regium
742 2253 844 2318 relegat
851 2277 1531 2293 ·······································
1593 2289 1608 2302 .

381 2348 440 2399 288.
463 2347 540 2395 Auno
561 2350 635 2406 1370,
653 2356 678 2406 9.
698 2339 859 2392 novembris.
880 2339 978 2392 Budae.
998 2340 1136 2392 Elisabeth
1154 2340 1248 2407 regina
1258 2340 1420 2406 Huugariae,
1434 2340 1536 2393 civibus

460 2431 654 2486 Grechensibus
682 2435 822 2497 occupatas
850 2430 1025 2496 possessiones
1055 2431 1191 2481 cuiusdam
1221 2429 1329 2490 Donati,
1357 2430 1442 2481 eidem
1461 2430 1537 2480 reddi

459 2523 542 2575 iubet.
557 2545 1528 2560 ······················································
1590 2520 1644 2575 275

381 2615 441 2678 289.
460 2613 537 2662 Anno
561 2611 635 2670 1380,
657 2617 697 2668 15.
716 2606 1054 2672 Jauuarii.1nVilegrad.
1073 2607 1187 2658 Thomas
1205 2607 1331 2673 magister
1344 2607 1539 2660 lavaruicorum

460 2698 561 2764 Jacobo
586 2697 669 2748 iudici
695 2696 891 2748 communitatis
916 2697 1073 2748 Grechensis
1092 2697 1233 2748 terminum
1251 2697 1428 2764 respondendi
1447 2702 1537 2748 contra

459 2789 566 2855 Reyuar
584 2785 710 2852 praefigit
728 2799 759 2836 ac
777 2785 887 2836 eundem
906 2785 1014 2852 Reynar
1032 2787 1064 2836 de
1082 2785 1218 2852 vituperio
1236 2785 1319 2836 iudici
1338 2785 1415 2838 illato
1434 2786 1460 2836 iu
1474 2787 1536 2837 due

450 2877 535 2926 decim
553 2873 648 2926 marcis
667 2873 801 2926 convincit
815 2899 1336 2915 ······························
1348 2913 1372 2926 ..
1384 2900 1531 2915 ·········
1591 2885 1606 2924 2

380 2977 439 3031 290.
459 2967 535 3015 Anno
557 2963 633 3023 1380,
655 2971 694 3019 15.
711 2961 835 3027 januarii.
854 2961 884 3012 In
903 2962 1043 3028 Vitegrad.
1059 2962 1175 3014 Thomas
1187 2963 1337 3014 tavarnicus
1350 2977 1454 3014 causam
1467 2963 1535 3030 Rey·

457 3069 506 3104 nar
523 3052 593 3102 inter
611 3056 638 3101 et
656 3048 785 3114 Jacobum
804 3049 919 3100 iudicem
938 3050 1121 3110 Grechensem,
1138 3057 1268 3119 prorogat
1275 3077 1530 3092 ···············

379 3145 533 3207 291.Α111ο
560 3142 635 3200 1380,
662 3149 686 3198 3.
711 3138 848 3192 februarii.
872 3139 1026 3205 Zagrabiae.
1053 3140 1148 3190 Petrus
1173 3127 1253 3190 Cirlre
1271 3139 1414 3190 vicebauus
1431 3140 1535 3191 litteras

456 3230 564 3297 reginae
581 3227 727 3288 Elisabeth,
747 3228 779 3277 de
797 3227 1005 3294 possessionibus
1024 3228 1130 3279 Donato
1148 3229 1300 3289 reddendis,
1319 3228 1530 3282 transcribit
1588 3267 1603 3279 .

378 3331 437 3384 292.
456 3321 533 3369 Anno
555 3318 629 3377 1380,
648 3315 726 3367 initio
745 3320 838 3366 mensis
857 3315 954 3366 martii.
971 3317 1066 3367 Budae.
1081 3317 1234 3368 Ludovicus
1247 3318 1403 3385 Hungariae
1415 3324 1456 3368 etc
1477 3333 1532 3376 rex,

456 3421 558 3458 annona
575 3413 605 3456 ut
623 3411 699 3455 extra
719 3403 832 3454 confinia
851 3405 925 3472 regni
945 3405 1068 3456 Croatiae
1090 3407 1225 3466 evehatur,
1246 3405 1371 3473 prohibet
1378 3431 1524 3448 ·········

377 3506 437 3561 293.
457 3498 533 3546 Anno
554 3495 628 3554 1380,
648 3505 690 3558 29.
709 3492 812 3544 marcii.
831 3493 984 3560 Zagrabiae.
1004 3493 1131 3546 Nicolaus
1149 3495 1247 3546 Vertus
1266 3495 1363 3561 ragrab
1386 3510 1480 3554 comes,
1493 3495 1532 3547 iu·

455 3583 559 3634 dicibus
578 3580 709 3632 nobilium
728 3581 843 3634 eiusdem
862 3581 1002 3632 comitatus
1022 3583 1054 3632 de
1073 3582 1158 3634 foedis
1176 3582 1279 3634 aclibus
1297 3583 1416 3634 canonici
1428 3583 1533 3635 Nicolai

455 3670 573 3730 81111111,
591 3676 621 3720 ut
641 3669 783 3734 inquirant,
797 3669 930 3736 praecipit
935 3696 1244 3713 ··················
1255 3711 1261 3724 ,
1274 3695 1527 3714 ..............

377 3772 437 3826 294.
454 3762 532 3811 Auno
558 3759 633 3817 1380,
658 3768 680 3816 3.
699 3757 802 3824 aprilis.
824 3757 977 3824 Zagrabiae.
997 3759 1101 3810 Iudices
1118 3760 1250 3812 nobilium
1268 3760 1408 3812 comitatus
1425 3761 1531 3826 aegrab.

454 3853 562 3914 peracta
587 3846 759 3910 inquisitione
785 3847 818 3896 de
836 3845 945 3897 nefariis
964 3847 1066 3898 actibus
1086 3847 1202 3899 canonici
1221 3848 1325 3900 Nicolai
1344 3848 1532 3908 8111111111-

455 3937 550 3989 dovico
568 3935 625 4001 regi
647 3934 767 3986 referunt
773 3959 1525 3980 ··········································

376 4037 434 4091 295.
454 4029 531 4078 Auno
558 4027 633 4084 1380,
659 4033 683 4080 7.
707 4023 806 4090 aprilis.
832 3977 1425 4092 21111111111111011111111111111111111111.
1446 4040 1530 4076 eomes

453 4113 588 4166 iudicibus
613 4113 745 4164 nobilium
770 4113 886 4163 eiusdem
911 4113 1050 4164 comitatus
1071 4120 1101 4164 ut
1119 4114 1152 4164 de
1170 4129 1230 4164 nece
1249 4113 1385 4164 cuiusdam
1404 4113 1531 4180 Gregorii

453 4203 578 4268 inquilini
597 4202 714 4254 civitatis
733 4201 888 4252 Grechensis
905 4201 1051 4266 inquirant,
1071 4203 1203 4268 praecipit
1218 4231 1222 4242 ·
1235 4231 1240 4242 ·
1252 4229 1276 4244 ··
1291 4235 1293 4240 ν
1306 4228 1524 4244 ·············

374 4293 434 4357 296.
453 4295 530 4343 Anno
552 4292 626 4351 1380,
646 4299 686 4344 17.
705 4289 806 4355 aprilis.
828 4290 917 4342 Crisii.
936 4291 1029 4342 Petrus
1048 4277 1129 4342 Cirke
1142 4291 1273 4342 crisiensis
1288 4306 1415 4342 comesne
1428 4291 1529 4342 iudices

451 4381 583 4431 nobilium
601 4380 719 4430 eiusdem
737 4378 875 4432 comitatus
894 4381 926 4431 de
944 4379 1062 4432 facinore
1080 4380 1200 4432 canonici
1219 4380 1326 4432 Nicolai
1344 4379 1528 4442 8111111111-

451 4468 575 4520 doricum
593 4483 684 4534 regem
701 4469 812 4519 edocent
823 4495 1112 4511 ·················
1125 4511 1130 4522 .
1142 4496 1522 4512 ······················

373 4565 432 4622 297.
451 4560 527 4608 Anno
548 4559 623 4616 1380,
645 4565 685 4612 17.
706 4555 806 4622 aprilis.
829 4557 919 4609 Crisii.
938 4559 1033 4609 Petrus
1049 4559 1136 4610 Zudar
1148 4560 1238 4618 banus,
1252 4559 1343 4611 comiti
1356 4565 1382 4610 et
1395 4559 1527 4611 indicibus

453 4645 592 4696 comitatus
618 4645 766 4704 Crisiensis,
792 4651 821 4696 ut
839 4647 872 4696 de
892 4647 1026 4714 Gregorio
1044 4647 1177 4712 inquilino
1195 4648 1253 4698 neci
1272 4649 1364 4700 dedito
1383 4648 1527 4714 inquirant,

450 4734 582 4802 praecipit
595 4761 600 4773 ·
611 4761 617 4774 ·
630 4761 635 4774 ·
647 4761 653 4774 ·
666 4749 671 4762 ·
683 4761 1202 4778 ·····························
1214 4777 1221 4789 .
1232 4763 1522 4778 ·················
1581 4740 1631 4790 281

371 4825 432 4889 298.
450 4825 527 4874 Anno
547 4823 623 4882 1380,
644 4831 683 4878 17.
703 4824 804 4891 aprilis.
824 4823 914 4880 Crisii.
931 4823 1069 4877 Ludovico
1087 4775 1242 4892 ilungaria.
1255 4833 1305 4878 etc.
1318 4825 1383 4893 regi,
1397 4841 1482 4878 comes
1495 4840 1525 4876 ac

450 4911 550 4962 iudices
568 4911 700 4963 nobilium
719 4913 762 4963 de
771 4928 834 4964 nece
853 4913 982 4980 Gregorii
1000 4913 1135 4978 inquilini,
1154 4914 1274 4966 referunt
1281 4941 1520 4956 ··············
1580 4917 1632 4967 282

370 5010 430 5067 299.
448 5003 526 5052 Anno
552 5001 627 5062 1280,
649 5009 689 5059 17.
714 5001 815 5069 aprilis.
841 5001 930 5055 Crisii.
950 5003 1043 5054 Petrus
1062 4989 1142 5054 Cirhe
1161 5003 1302 5056 vicebanus
1320 5009 1346 5056 et
1361 5004 1463 5072 judices
1480 5018 1526 5056 no·
