3728 5806
375 515 436 573 280
805 510 878 568 Doc.
902 520 972 584 295.
997 540 1034 550 —
1060 507 1116 564 An.
1141 504 1235 584 1380.

374 711 513 784 magistri
536 710 656 768 Nicolai
678 709 716 766 de
739 709 847 766 Virtus
871 707 992 766 comitis
1015 706 1222 780 zagrabiensis
1247 709 1424 777 annuentes,
1441 709 1475 762 ut
1491 711 1640 776 tenemur,

374 817 452 874 duos
482 833 519 873 ex
551 815 649 887 nobis,
684 815 817 872 scilicet:
859 812 1056 886 Gregorium,
1087 811 1190 870 filium
1224 811 1358 869 lrethlen
1394 817 1423 868 et
1459 812 1640 894 johannem,

375 923 476 981 filium
506 921 642 994 Georgii,
673 920 790 980 iudices
820 919 974 977 nobilium
1005 919 1169 976 comitatus
1199 917 1331 992 predicti
1362 917 1577 989 zagrabiensis,
1601 916 1639 973 ad

374 1029 525 1103 premissa
555 1025 738 1100 inquirenda
760 1042 819 1100 pro
842 1025 1020 1083 testimonio
1044 1023 1191 1082 duximus
1207 1023 1474 1092 transmittendos;
1499 1024 1553 1095 qui
1575 1029 1641 1080 tan-

374 1134 445 1192 dem
470 1133 581 1192 exinde
604 1133 643 1190 ad
667 1149 722 1190 nos
745 1132 871 1203 reversi,
895 1131 985 1189 nobis
1007 1131 1201 1188 concorditer
1224 1137 1254 1188 et
1277 1129 1475 1187 uniformiter
1490 1131 1520 1188 in
1538 1134 1641 1187 nostra

373 1241 445 1298 sede
484 1240 644 1298 iudiciaria
677 1239 858 1309 retulerunt,
883 1237 966 1311 quod
991 1237 1050 1312 ipsi
1073 1236 1267 1310 Zagrabiam,
1291 1235 1368 1294 feria
1394 1243 1480 1294 sexta
1503 1236 1641 1308 sequenti

374 1345 580 1422 procedendo,
611 1347 652 1403 ab
683 1345 828 1403 omnibus
859 1361 878 1402 a
908 1345 1022 1418 quibus
1053 1343 1206 1401 decuisset
1236 1349 1266 1400 et
1298 1343 1442 1412 licuisset,
1474 1343 1579 1416 palam
1612 1347 1640 1399 et

374 1453 503 1524 occulte,
526 1451 646 1510 clericis
670 1457 699 1508 et
723 1450 820 1522 laycis
843 1450 1086 1522 investigassent,
1118 1449 1279 1507 scivissent
1306 1465 1363 1522 per
1385 1449 1490 1506 omnia
1521 1463 1557 1506 ac
1580 1447 1640 1505 fide

374 1559 513 1616 occulata
544 1558 776 1631 conspexissent
806 1549 961 1630 predictos
984 1557 1068 1614 cives
1091 1557 1270 1614 vulneratos
1294 1555 1469 1626 enormiter,
1493 1555 1549 1612 ubi
1572 1572 1639 1630 pre

374 1664 473 1722 dictus
509 1663 602 1734 iwan,
634 1663 719 1720 filius
749 1662 937 1736 Draginych,
971 1663 1116 1737 spiritum
1147 1662 1307 1732 exalasset,
1345 1661 1383 1720 de
1416 1662 1545 1719 alterius
1578 1663 1640 1718 vita

373 1771 506 1828 dubium
536 1770 712 1841 haberetur,
744 1785 800 1842 per
831 1784 941 1826 manus
964 1769 1104 1842 magistri
1127 1768 1257 1840 Nicolai,
1281 1768 1339 1826 filii
1363 1767 1503 1826 Brisslini
1526 1774 1557 1826 et
1578 1769 1639 1825 suis

373 1875 581 1950 complicibus
605 1875 767 1950 predictis;
793 1875 846 1933 lite
871 1881 973 1933 tamen
997 1874 1148 1949 pendente
1172 1876 1251 1932 inter
1275 1874 1449 1949 predictum
1469 1875 1639 1948 capitulum

374 1989 404 2040 et
426 1983 510 2040 cives
540 1987 709 2040 annotatos.
740 1982 856 2040 Datum
888 1981 1046 2054 Zagrabie‚
1079 1981 1156 2039 feria
1180 1982 1275 2040 tercia
1298 1981 1442 2055 proxima
1465 1987 1536 2055 post
1559 1980 1639 2038 diem

373 2088 582 2145 concussionis
605 2103 745 2147 ovorum.
770 2090 860 2146 Anno
883 2088 1001 2146 domini
1024 2089 1167 2163 superius
1189 2093 1342 2146 annotato.

484 2223 624 2290 Originale
649 2223 677 2274 iu
702 2223 799 2274 charta.
826 2226 851 2274 Α
876 2230 952 2290 tergo
978 2231 1106 2291 apparent
1137 2223 1249 2291 vestigia
1279 2229 1394 2288 quatuor
1424 2224 1584 2290 sigillorum.
1611 2221 1639 2272 ln

375 2311 484 2364 archivo
503 2311 550 2362 lib.
570 2327 625 2379 reg.
644 2311 716 2363 civit.
735 2313 840 2378 zagrab.

962 2529 1048 2596 295.

481 2673 558 2721 Anno
579 2673 654 2730 1380,
676 2682 714 2734 14
734 2671 835 2738 aprilis
857 2672 1010 2738 Zagrabiae.

375 2802 519 2859 Nicolous
541 2801 575 2858 de
607 2801 706 2858 Virtus
727 2802 843 2875 zagrnb.
869 2818 956 2858 coines
981 2802 1120 2858 iudicibus
1140 2801 1276 2858 nobilium
1298 2801 1420 2858 eiusdem
1442 2801 1590 2858 comitatus
1609 2806 1641 2856 ul

373 2907 408 2964 dc
430 2925 495 2966 nece
509 2907 655 2964 cuiusdam
677 2908 816 2981 Gregorii
830 2909 968 2982 inquilini
981 2908 1109 2967 ciuitatis
1130 2906 1301 2965 Grechensis
1320 2908 1481 2981 inquirant,
1490 2907 1638 2980 praecipit.

463 3051 546 3108 Viris
568 3051 728 3109 nobilibus
750 3057 779 3107 et
808 3052 943 3109 honestis
973 3051 1136 3122 iudicibus,
1160 3051 1313 3108 nobilium
1344 3051 1509 3108 comitatus
1539 3065 1639 3123 zagra-

375 3159 498 3228 biensis,
522 3157 669 3229 magister
694 3157 839 3214 Nicolau's
860 3157 898 3215 de
923 3158 1037 3227 Virtus,
1062 3173 1165 3214 comes
1185 3157 1392 3230 zagrabiensis
1409 3163 1437 3213 et
1455 3157 1637 3214 castellanus

376 3263 414 3320 de
432 3262 573 3320 Medwed
590 3263 762 3322 amiciciam
779 3269 921 3337 paratam
938 3279 1010 3321 eum
1025 3263 1132 3321 salute.
1149 3263 1263 3321 Dicunt
1280 3264 1369 3321 nobis
1385 3263 1486 3334 iudex,
1507 3265 1597 3320 iurati
1613 3271 1640 3319 et

376 3369 512 3426 universi
529 3369 612 3426 cives
628 3369 742 3426 montis
757 3367 950 3440 Grechensis,
975 3371 1064 3442 gravi
1079 3386 1149 3426 cum
1167 3369 1303 3443 querela,
1322 3369 1405 3443 quod
1422 3369 1498 3427 dum
1516 3370 1640 3443 quidam

376 3475 507 3534 inclinus
529 3476 669 3548 ipsorum
693 3474 808 3532 civium
840 3474 916 3533 feria
943 3480 1030 3532 sexta
1053 3475 1205 3548 proxima,
1221 3481 1291 3533 ante
1318 3475 1482 3532 meridiem
1499 3475 1639 3532 videlicet

377 3579 561 3638 duodecimo
577 3579 627 3656 die
643 3580 849 3638 concussionis
865 3596 1006 3652 ovorum,
1022 3582 1147 3639 nomine
1164 3581 1341 3655 Gregorius,
1354 3581 1393 3638 ad
1411 3581 1546 3654 quedam
1563 3582 1639 3638 facta

376 3702 432 3744 sua
454 3685 630 3759 peragenda
653 3703 710 3760 per
733 3687 818 3744 viam
840 3703 894 3744 seu
912 3688 1103 3745 territorium
1119 3688 1301 3745 eorumdem
1317 3688 1433 3745 civium
1457 3689 1638 3756 accessisset,

376 3790 500 3850 tandem
524 3790 652 3864 quidam
673 3791 736 3849 duo
759 3792 938 3865 iobagiones
961 3793 1089 3867 capituli
1113 3794 1321 3866 zagrabiensis
1345 3794 1474 3851 ecclesie
1495 3793 1638 3867 predicte,

375 3898 538 3982 Johannes‚
562 3896 700 3970 Zagorch
724 3905 918 3971 nuncupatus
942 3905 972 3956 et
995 3900 1074 3957 alter
1097 3899 1280 3957 Benedictus
1303 3899 1482 3974 appellatus
1499 3900 1538 3957 de
1554 3899 1639 3957 Nova

375 4003 453 4062 villa
475 4004 605 4078 capituli
628 4004 755 4062 ecclesie
779 4003 906 4078 prefate,
925 4021 1024 4079 prope
1048 4006 1211 4064 ecclesiam
1230 4005 1327 4064 sancti
1343 4006 1492 4088 Johannis
1509 4007 1639 4080 baptiste

375 4117 405 4168 et
428 4110 510 4167 beati
532 4109 659 4168 Zalrarie
682 4110 785 4185 ipsum
813 4111 948 4169 letaliter
979 4112 1188 4181 wlnerassent,
1220 4112 1275 4169 ubi
1306 4112 1452 4185 spiritum
1484 4113 1516 4170 in
1549 4113 1639 4170 conti·

376 4216 458 4273 nenti
481 4215 633 4273 exalasset
655 4221 685 4273 et
716 4215 760 4274 sic
790 4217 893 4291 ipsum
924 4221 1084 4276 mortuum
1115 4218 1154 4275 ad
1186 4219 1377 4276 territorium
1408 4217 1482 4276 dicti
1514 4219 1640 4293 capituli

375 4322 486 4380 defferi
509 4321 659 4394 fecissent,
684 4339 778 4396 quem
803 4323 927 4381 tandem
951 4324 1183 4383 abscondissent
1206 4331 1236 4382 et
1259 4324 1403 4383 iecissent
1424 4341 1486 4398 quo
1502 4325 1640 4398 ipsorum

375 4428 542 4502 placuisset
565 4429 735 4498 voluntati;
759 4429 813 4488 lite
836 4435 939 4487 tamen
961 4430 1113 4504 pendente
1137 4431 1216 4488 iuter
1238 4429 1376 4504 prefatos
1398 4432 1484 4489 cives
1507 4437 1537 4488 et
1560 4431 1641 4503 capi·

377 4535 479 4592 tulum
502 4541 707 4609 prenotatum.
731 4533 832 4611 Super
855 4551 917 4610 quo
941 4543 1077 4595 vestram
1101 4538 1296 4611 presentibus
1319 4538 1454 4611 petimus
1470 4537 1640 4595 amiciciam

375 4649 405 4698 et
437 4641 655 4700 nichilominus
686 4641 871 4700 mandamus
902 4642 1077 4716 diligenter.
1109 4651 1259 4716 quatenus
1290 4660 1386 4701 unum
1417 4644 1468 4701 vel
1504 4643 1581 4701 duos
1604 4659 1640 4700 ex

377 4747 468 4805 vobis
492 4748 715 4820 transmittatis,
740 4749 794 4822 qui
816 4750 856 4807 ab
879 4749 1024 4809 omnibus
1047 4765 1066 4808 a
1088 4750 1203 4824 quibus
1226 4749 1363 4808 decuerit
1386 4754 1416 4808 et
1439 4750 1561 4808 licuerit
1589 4765 1640 4823 pa-

378 4853 443 4910 lam
467 4859 497 4911 et
520 4854 622 4912 oculte
645 4854 828 4928 inquirendo
859 4855 935 4914 sciat
959 4861 989 4913 et
1012 4857 1146 4929 inquirat
1177 4855 1215 4915 de
1247 4857 1407 4931 premissis
1430 4855 1640 4914 omnimodam

377 4960 551 5032 veritatem,
575 4967 605 5017 et
627 4965 699 5034 post
721 4960 778 5018 hec
799 4966 894 5034 prout
916 4962 1007 5020 vobis
1038 4961 1147 5020 exinde
1178 4963 1293 5021 veritas
1323 4962 1494 5021 constiterit
1517 4961 1640 5020 domiuo
