3600 5804
413 550 453 624 ⁹⁶
828 549 900 606 Duc.
926 562 990 606 rra.
1017 581 1053 590 —
1080 549 1135 606 An.
1161 564 1248 626 ¹52⁰·

412 761 475 816 sue,
498 751 533 804 ut
555 751 707 820 oportuna
742 746 871 818 singulis
894 747 1080 820 provisionis
1103 747 1218 804 auxilia
1240 746 1342 806 fidelis
1365 747 1523 805 servitutis
1546 748 1671 806 iniuncte

413 853 576 926 prudentia
598 869 657 927 pro
680 859 821 928 tempore
850 853 1062 928 dispeqsantes
1085 868 1193 911 eorum
1218 854 1449 911 necessitatibus
1472 853 1670 922 intendamus,

412 975 611 1018 occurramus
634 959 812 1034 dispendiis
836 960 982 1033 ipsosque
1004 975 1022 1016 a
1046 959 1281 1033 depressoribus
1304 960 1470 1018 elevemus,
1494 958 1573 1018 Sane
1588 975 1670 1017 vene

412 1066 520 1124 rabilis
545 1066 648 1124 fratris
672 1067 768 1124 nostri
792 1057 981 1145 (Augustini)
1008 1066 1147 1139 episcopi
1171 1071 1201 1123 et
1225 1065 1409 1123 dilectorum
1433 1065 1572 1123 filiorum
1594 1067 1672 1140 capi·

412 1173 470 1229 tuli
499 1173 705 1245 zagrabiensis
735 1173 953 1246 conquestione
988 1172 1196 1246 percepimus,
1228 1171 1310 1244 quod
1342 1172 1482 1230 nonnulli
1515 1171 1615 1229 clerici
1643 1181 1669 1228 et

412 1280 615 1336 ecclesiastice
640 1294 770 1354 persone
794 1284 857 1336 tam
888 1278 1034 1351 religiose
1058 1292 1152 1351 quam
1176 1278 1338 1348 seculares,
1362 1291 1478 1335 necnon
1503 1277 1603 1348 duces,
1626 1292 1670 1333 co

414 1387 513 1456 mites
545 1387 685 1456 barones
715 1384 866 1454 advocati,
898 1384 1022 1456 milites,
1052 1383 1175 1441 nobiles
1205 1389 1234 1440 et
1264 1384 1479 1441 universitates
1507 1383 1668 1451 civitatum,

412 1497 593 1562 castrorum,
626 1490 825 1565 oppidorum,
856 1489 1005 1547 villarum
1037 1494 1066 1547 et
1089 1489 1143 1546 alii
1167 1489 1237 1547 laici
1260 1489 1467 1562 zagrabiensis
1491 1489 1620 1548 civitatis
1642 1493 1668 1545 et

412 1596 543 1655 diocesis
565 1603 595 1654 et
618 1598 753 1671 partium
777 1597 950 1654 vicinarum
972 1600 1202 1669 occupaverunt
1219 1601 1248 1653 et
1264 1596 1408 1669 occupari
1425 1593 1562 1652 fecerunt
1582 1594 1670 1652 eccle·

313 1741 317 1748 -
413 1704 482 1772 sias,
498 1702 644 1773 dominia,
662 1709 770 1774 castra,
787 1707 892 1772 terras,
910 1702 1011 1772 villas,
1029 1703 1143 1770 vineas,
1161 1702 1377 1775 possessiones,
1395 1701 1534 1774 pedagia,
1546 1716 1669 1761 mansos.

414 1915 495 1972 bona
526 1913 701 1972 immobilia
731 1919 761 1971 et
792 1913 920 1971 mobilia
952 1913 990 1970 ad
1023 1928 1075 1970 eos
1102 1918 1132 1970 et
1155 1913 1317 1970 ecclesiam
1340 1913 1571 1985 zagrabiensem
1592 1928 1670 1986 spec·

414 2021 509 2079 tantia
532 2027 562 2078 et
585 2035 620 2078 ea
643 2020 779 2078 detinent
801 2024 959 2094 occupata,
983 2035 1036 2076 seu
1060 2018 1239 2077 huiusmodi
1257 2019 1497 2092 occupatoribus
1520 2023 1549 2075 et
1571 2018 1668 2076 deten-

416 2127 536 2184 toribus
566 2132 703 2200 prestant
733 2126 884 2184 auxilium
919 2132 948 2183 et
980 2125 1128 2196 savorem,
1160 2125 1289 2182 clericos
1319 2139 1442 2198 quoque
1471 2139 1508 2182 ac
1535 2125 1669 2182 vasallos.

414 2233 554 2291 homines
577 2240 607 2290 et
630 2233 756 2290 colonos
779 2233 810 2290 in
835 2233 934 2304 terris,
958 2232 1043 2302 locis,
1069 2231 1107 2288 ad
1125 2232 1209 2305 ipsos
1224 2237 1254 2289 et
1277 2231 1407 2289 eandem
1430 2231 1589 2288 ecclesiam
1609 2246 1671 2304 per·

414 2341 582 2398 tinentibus
612 2340 819 2410 consistentes,
844 2338 1000 2405 invadere,
1032 2337 1211 2397 interficere.
1243 2353 1353 2412 capere
1376 2343 1406 2396 et
1428 2338 1543 2396 carceri
1566 2336 1672 2396 manci·

414 2461 489 2519 pare
512 2462 548 2504 ac
571 2447 664 2504 etiarn
688 2445 832 2516 detinere,
856 2444 995 2518 aliasque
1018 2445 1102 2518 ipsos
1130 2445 1296 2516 quominus
1319 2450 1424 2516 terras,
1448 2449 1532 2502 ortos
1555 2451 1584 2501 et
1607 2457 1671 2517 pos·

414 2553 563 2610 sessiones
587 2566 697 2610 eorum
718 2552 859 2609 excolere
883 2551 1022 2609 valerent
1039 2550 1179 2624 inpedire
1202 2566 1237 2608 ac
1261 2552 1452 2625 perturbare.
1468 2550 1570 2623 Equos
1585 2550 1671 2607 etiam

416 2659 513 2716 boves
542 2665 572 2716 et
602 2658 752 2716 nonnulla
782 2657 844 2716 alia
875 2673 930 2715 sua
962 2663 991 2714 et
1022 2657 1184 2714 hominum
1217 2663 1247 2714 et
1277 2658 1469 2715 vasallorum
1493 2658 1524 2715 iu
1549 2656 1671 2731 predam

415 2764 554 2834 aducere,
579 2781 614 2820 ac
637 2763 747 2821 domos
770 2757 935 2841 (ipsorum)
952 2763 1092 2822 incendio
1109 2778 1306 2821 concremare
1326 2769 1508 2838 presumunt
1532 2761 1671 2820 nonnulla

417 2885 540 2944 quoque
563 2915 842 2930 ..........
858 2864 1032 2947 (Nonnulli)
1049 2884 1173 2942 quoque
1198 2870 1331 2927 barones
1354 2875 1384 2926 et
1406 2869 1534 2940 nobiles,
1557 2869 1671 2926 univer·

415 2977 518 3034 sitates
541 2983 571 3033 et
593 2976 765 3048 singulares
789 2991 920 3050 persone
943 2977 1078 3050 partium
1103 2975 1324 3049 predictarum,
1349 2976 1402 3048 qui
1425 2990 1537 3033 nomen
1560 2973 1670 3032 domini

415 3083 445 3139 in
476 3097 607 3140 vacuum
631 3082 769 3156 recipere
804 3097 864 3139 non
888 3081 1056 3139 formidant
1092 3082 1208 3139 eisdem
1243 3082 1390 3154 episcopo
1420 3087 1450 3138 et
1480 3080 1614 3154 capitulo
1644 3079 1670 3135 in

416 3188 561 3258 ecclesiis,
585 3189 701 3258 castriS,
733 3187 887 3258 dominiis,
919 3187 1016 3256 terris,
1046 3187 1138 3256 villis,
1162 3188 1416 3261 possessionibus,
1441 3187 1585 3261 pedagiis
1611 3184 1671 3243 red-

416 3293 542 3364 ditibus,
572 3294 700 3365 iuribus,
727 3293 990 3351 iurisdictionibus
1021 3299 1050 3350 et
1081 3294 1174 3350 rebus
1208 3294 1278 3351 aliis
1301 3293 1339 3351 ad
1364 3293 1489 3351 eosdem
1514 3301 1542 3350 et
1564 3293 1671 3350 dictam

417 3400 578 3458 ecclesiam
603 3399 833 3471 zagrabienscm
867 3399 1077 3472 spectantibus
1100 3399 1290 3473 multiplices
1314 3399 1473 3458 molestias
1496 3398 1626 3457 inierunt
1645 3403 1670 3453 et

417 3507 556 3564 iacturas.
588 3505 691 3578 Quare
721 3506 812 3562 nobis
844 3504 917 3562 dicti
940 3506 1104 3578 episcopus
1128 3511 1158 3562 et
1181 3506 1354 3578 capitulum
1379 3506 1540 3564 humiliter
1562 3505 1671 3579 suppli·

416 3617 533 3682 carunt,
564 3618 598 3668 ut
628 3627 699 3668 cum
732 3610 824 3668 valde
855 3609 984 3669 difficile
1014 3603 1178 3688 (utsupra
1201 3627 1245 3668 nr.
1274 3627 1343 3681 101,
1367 3626 1414 3668 an.
1442 3625 1534 3686 1314.
1560 3627 1605 3668 ar.
1627 3609 1672 3666 de·

416 3709 571 3793 cembris.)
594 3717 711 3774 Datum
743 3716 902 3788 Auinione,
926 3715 1066 3774 kalendis
1095 3716 1238 3773 octobris.
1262 3716 1462 3774 Pontificatus
1485 3717 1582 3774 nostn'
1602 3729 1672 3773 anno

416 3828 534 3894 quarto.

506 3939 645 4003 Originale
665 3939 691 3990 in
711 3940 870 3990 membrana.
890 3940 963 3989 bulla
983 3939 1119 4005 pontificia
1138 3941 1235 3990 auulsa.
1256 3943 1280 3990 Α
1300 3944 1376 4004 tergo
1394 3940 1447 3988 alia
1467 3955 1561 3990 manu:
1581 3940 1670 3990 Execu·

418 4034 505 4078 tores:
525 4028 606 4078 abbas
632 4045 650 4078 s.
678 4029 761 4078 nlarie
787 4031 819 4078 de
845 4028 965 4093 Toplica,
995 4028 1173 4093 zagrabiensis
1197 4027 1330 4094 dyocesis;
1359 4027 1441 4076 abbas
1459 4026 1541 4078 sontis
1560 4045 1579 4077 s.
1599 4023 1671 4076 llarie

418 4131 502 4180 prope
522 4115 698 4174 LanthstrosS,
725 4116 915 4181 aquilegiensis
939 4116 1072 4182 dyocesis,
1099 4116 1249 4181 prepositus
1268 4132 1287 4165 s.
1308 4115 1391 4165 Marie
1411 4116 1444 4164 de
1464 4117 1621 4180 Gloguncza.
1639 4127 1672 4162 ca·

416 4204 525 4254 uouicus
550 4204 782 4268 jerosolimitanus,
809 4204 987 4268 zagrabiensis
1012 4204 1138 4270 dyocesis.
1160 4203 1189 4253 In
1209 4203 1278 4252 arch.
1300 4219 1355 4254 ven.
1376 4219 1433 4268 cap.
1452 4205 1559 4268 zagrab.
1580 4204 1634 4254 fasc.
1654 4209 1672 4248 l.

417 4310 455 4343 nr.
478 4303 519 4353 42.

1012 4489 1088 4556 112.

526 4647 602 4696 Auno
624 4655 697 4704 1320,
719 4653 740 4700 7.
761 4646 885 4696 octobris.
905 4646 1043 4698 Auinione.

506 4797 654 4868 Magistro
677 4796 809 4853 Martino
834 4795 973 4866 M'athiae,
1001 4795 1217 4853 archidiacono
1241 4795 1279 4852 de
1305 4796 1401 4852 Vasca
1425 4797 1455 4853 in
1480 4795 1606 4852 ecclesia
1626 4807 1667 4850 za·

416 4903 571 4990 grabiensi
602 4901 640 4958 de
662 4900 911 4959 archidiaconatu
937 4903 1079 4959 Vascensi
1107 4918 1163 4974 per
1186 4909 1319 4959 mortem
1342 4901 1490 4982 Johannis
1513 4900 1551 4957 de
1571 4899 1666 4970 Regio

418 5009 521 5066 clerici
537 5023 676 5064 camerae
696 5007 883 5080 apostolicae
899 5012 929 5064 et
944 5009 1114 5082 praepositi
1137 5009 1283 5066 ecclesiae
1303 5007 1485 5076 Parmensis,
1503 5021 1521 5063 a
1536 5003 1670 5080 pontifice
