3824 5806
430 510 492 584 384
840 511 915 568 Duc.
934 508 1012 588 398.
1041 546 1076 554 —
1102 513 1159 574 An.
1184 526 1271 594 1397.

428 707 548 766 nowolr.
572 707 657 780 Item,
681 708 826 776 Thomas,
856 724 987 784 arcuper
1017 726 1053 768 ac
1076 713 1216 784 Mathias,
1240 715 1386 773 Nicolaus
1408 724 1438 774 et
1461 718 1627 801 Johannes,
1651 719 1696 776 Ia·

428 816 564 872 miliares
587 815 733 872 eiusdem.
758 815 842 886 Item,
867 817 1018 888 Marchus,
1050 818 1151 876 dictus
1173 820 1311 892 Chunlra,
1336 829 1496 881 mercator.
1520 825 1607 894 Item,
1633 827 1696 882 An-

426 921 559 990 thonius,
590 921 691 978 dictus
723 919 875 978 Zmetana.
910 922 995 993 Item,
1028 924 1150 998 Biskup,
1180 932 1273 984 sutor.
1303 927 1389 998 Item,
1413 928 1538 998 Worch,
1563 930 1695 989 Institor,

427 1029 513 1098 Item,
535 1030 690 1112 johannes
721 1026 760 1084 de
783 1027 905 1100 palacio
937 1036 1020 1087 retro
1051 1038 1189 1090 sanctum
1216 1034 1385 1104 Marchum,
1409 1035 1540 1093 condam
1566 1037 1694 1095 iuratus.

426 1139 512 1206 Item,
535 1135 648 1219 Jalrlin,
671 1135 824 1209 gladear,
846 1137 977 1196 condam
1002 1139 1127 1196 iuratus
1153 1138 1237 1208 Item,
1262 1140 1443 1206 Anthonius,
1457 1156 1585 1214 auceps.
1603 1142 1691 1212 Item,

426 1243 564 1313 Milthen‚
597 1241 748 1315 gladipar.
781 1243 867 1312 Item,
902 1243 1048 1302 Nicolaus
1078 1243 1246 1302 Chemach.
1279 1245 1363 1314 ltem,
1394 1244 1520 1315 Warad,
1551 1246 1590 1304 de
1613 1249 1693 1306 vico.

425 1349 511 1420 Item,
542 1348 670 1416 Blasius,
693 1348 831 1422 sellipar.
862 1349 948 1420 Item,
980 1349 1168 1420 Benedictus,
1194 1350 1327 1408 lonchar.
1352 1351 1437 1422 Item,
1461 1351 1603 1424 Werech‚
1627 1370 1694 1412 ear·

425 1455 517 1513 niIex.
538 1455 624 1524 Item,
648 1455 792 1526 Thomas,
817 1455 983 1514 Constabel
1007 1456 1115 1514 dictus.
1140 1455 1224 1527 Item,
1248 1455 1393 1514 Nicolaus
1408 1456 1597 1516 Sisakouich.
1614 1460 1692 1518 Item

425 1561 571 1620 Nicolaus
603 1561 751 1634 SelezIny.
786 1561 873 1632 Item,
909 1561 1090 1620 Benedictus
1122 1559 1277 1620 Scomich.
1308 1561 1393 1633 Item,
1425 1563 1571 1622 Vrbanus
1605 1565 1693 1622 Kras.

423 1667 510 1741 Item,
533 1667 703 1741 Gregorius
726 1667 867 1726 decanus.
892 1668 978 1738 Item,
1003 1669 1149 1726 Nicolaus
1172 1669 1291 1726 Mahen.
1314 1669 1402 1740 Item,
1427 1670 1524 1727 Lucas
1547 1671 1692 1730 decanus

423 1775 509 1846 Item,
533 1773 694 1843 chhich,
717 1771 862 1844 carnifex,
879 1774 965 1844 Item,
992 1774 1156 1858 Janchech.
1180 1775 1266 1845 Item,
1289 1775 1452 1859 johannes,
1476 1776 1576 1834 dictus
1599 1778 1693 1834 Kaw-

423 1881 521 1938 chich.
544 1881 620 1938 Item
647 1880 773 1950 Blasius‚
808 1879 892 1937 lilius
915 1879 1054 1938 eiusdem
1076 1881 1225 1964 Johanuis
1249 1881 1434 1953 Kawchych.

514 2017 536 2065 E
563 2021 728 2081 transumpto
754 2014 848 2064 Karoli
875 2014 991 2064 Petrucii
1018 2017 1050 2064 de
1069 2015 1206 2082 Fulgineo,
1226 2015 1322 2066 notarii
1342 2017 1451 2082 publici,
1471 2023 1500 2067 ut
1519 2017 1596 2068 intra.

1008 2246 1098 2314 398.

530 2359 605 2406 Auno
627 2361 701 2417 1397.
720 2351 873 2418 Zagrabiae.

415 2488 570 2565 Jahannes
593 2487 672 2560 episc.
697 2483 824 2557 aagrab„
845 2499 907 2538 cum
923 2483 1076 2556 percitus
1101 2479 1275 2538 Greclunses
1296 2481 1379 2539 aedes
1393 2482 1598 2556 capitularium
1613 2501 1688 2540 cam-

420 2595 519 2652 bastae
540 2599 638 2660 essent,
664 2591 774 2658 statuit,
803 2595 837 2646 ut
863 2589 1023 2661 quicunque
1050 2589 1248 2645 canonicarum
1279 2587 1361 2645 aedes
1382 2589 1414 2645 iu
1437 2606 1508 2646 arca
1530 2589 1689 2663 capitolina

420 2707 579 2758 exstrueret
592 2707 651 2772 per
664 2713 847 2754 successorem
863 2695 1080 2772 praedecessori
1098 2701 1152 2752 aut
1172 2695 1340 2752 haeredibus
1359 2695 1479 2752 rudium
1495 2696 1609 2753 aratores
1619 2703 1687 2769 pre·

881 2803 952 2860 tium
974 2800 1138 2860 soluendum
1160 2819 1224 2860 esse.

506 2951 543 3007 Et
566 2950 638 3022 quia
660 2948 757 3006 eciam
782 2952 875 3020 prout
898 2947 1038 3020 ipsorum
1062 2946 1173 3020 peticio
1198 2947 1414 3020 sublungehat,
1438 2963 1508 3006 cum
1525 2964 1582 3022 per
1597 2949 1681 3006 cives

418 3057 551 3116 civitatis
575 3055 689 3112 montis
712 3052 896 3111 Grecbensis
912 3052 1128 3124 zagrabiensis,
1145 3054 1284 3126 ipsorum
1300 3068 1371 3110 area
1388 3055 1568 3127 capitularis
1585 3054 1685 3112 tuerat

420 3163 575 3222 hostiliter
597 3165 627 3217 et
651 3159 828 3217 immaniter
860 3158 939 3230 ignis
966 3159 1106 3217 incendio
1129 3163 1331 3230 concremata,
1356 3159 1472 3218 eisdem
1496 3159 1685 3218 reverendus

419 3275 508 3344 pater
531 3267 676 3325 dominus
698 3265 862 3348 Johannes,
893 3270 974 3335 tunc,
998 3264 1138 3337 predicta
1160 3265 1210 3322 dei
1233 3271 1263 3323 et
1285 3265 1453 3339 apostolice
1476 3266 1558 3322 sedis
1581 3267 1684 3338 gracia

418 3376 583 3449 episcopus
614 3371 829 3443 zagrabiensis,
864 3386 945 3428 nunc
976 3385 1050 3427 vero
1083 3371 1334 3444 archiepiscopus
1368 3371 1545 3441 colocensis,
1579 3379 1683 3428 noster

419 3479 627 3556 predecessor,
659 3478 737 3534 hanc
768 3477 938 3534 contulerat
969 3475 1148 3536 donacionis
1174 3478 1414 3550 prerogativam,
1437 3483 1471 3534 ut
1493 3478 1682 3550 quicumque

418 3588 523 3660 aliqua
546 3583 668 3642 edificia
691 3583 720 3641 in
744 3582 853 3640 eadem
877 3597 948 3640 area
971 3583 1134 3656 capitulari
1150 3583 1355 3654 constitueret,
1372 3581 1411 3639 de
1426 3582 1543 3640 valoris
1560 3597 1683 3640 eorum-

417 3694 488 3751 dem
512 3690 706 3749 edificiorum
729 3687 894 3746 medietate
926 3688 1011 3746 iuxta
1034 3688 1219 3760 condignam
1243 3688 1382 3762 ipsorum
1406 3687 1604 3745 domInorum
1622 3687 1681 3746 Ira-

419 3805 502 3856 trum
526 3801 703 3854 nostrorum
728 3800 758 3851 et
781 3794 916 3851 aliorum
939 3794 1113 3867 proborum
1137 3799 1167 3851 et
1190 3793 1372 3851 idoneorum
1395 3794 1536 3852 vicorum
1559 3793 1681 3851 estima-

417 3905 546 3974 cionem,
569 3902 634 3973 ille,
658 3901 764 3973 quiin
787 3898 894 3956 eadem
919 3898 1040 3956 edificia
1062 3899 1247 3970 succederet,
1271 3905 1436 3972 antequam
1456 3899 1493 3956 ad
1511 3899 1579 3972 ipsa
1594 3899 1681 3956 habi·

415 4017 534 4068 taturus
557 4009 693 4077 intraret,
724 4006 896 4079 plenariam
929 4005 1120 4062 solucionem
1148 4009 1179 4062 et
1201 4005 1414 4062 omnimodam
1436 4003 1679 4062 satisfaccionem

416 4117 501 4174 iuxta
526 4115 624 4190 ipsius
655 4110 828 4169 edificantis
857 4111 887 4168 in
911 4112 975 4167 vita
998 4110 1049 4167 vel
1073 4109 1104 4168 in
1127 4115 1228 4168 morte
1251 4109 1489 4184 disposicionem
1513 4110 1680 4184 inpendere

416 4227 577 4280 teneretur.
614 4219 677 4277 Nos
707 4218 804 4275 eciam
837 4218 936 4291 ipsam
968 4218 1200 4290 prerogativam
1232 4216 1409 4274 donacionis
1440 4233 1493 4274 seu
1517 4217 1678 4286 libertatis,

415 4329 461 4386 uti
487 4326 678 4384 laudabilem
711 4329 740 4381 et
770 4323 929 4380 salubrem
960 4323 1170 4396 approbantes
1200 4328 1230 4379 et
1253 4322 1461 4380 ratihabentes
1488 4323 1679 4380 roboramus.

414 4431 620 4490 Concedimus
655 4431 789 4503 insuper,
822 4434 913 4503 prout
944 4428 1103 4500 hucusque
1135 4429 1214 4485 inter
1249 4427 1333 4500 ipsos
1368 4426 1479 4485 fratres
1506 4434 1626 4485 nostros
1650 4437 1678 4486 et

415 4540 554 4613 ipsorum
578 4537 674 4595 eciam
699 4534 931 4609 predecessores
954 4533 1124 4591 dInoscitur
1137 4532 1234 4592 tuisse
1250 4534 1451 4591 laudabiliter
1466 4533 1677 4604 observatum,

414 4651 448 4702 ut
478 4643 558 4702 infra
588 4643 712 4714 triginta
743 4641 809 4698 dies
839 4639 958 4697 familia
990 4638 1164 4696 decedentis
1191 4641 1350 4713 prepositi,
1374 4640 1507 4710 lectoris,
1532 4640 1674 4711 cantoris

414 4750 561 4820 custodis,
597 4747 805 4806 archidiaconi
836 4751 866 4803 et
896 4746 1061 4803 cuiuslibet
1091 4746 1227 4803 canonici
1257 4761 1293 4802 ac
1319 4759 1451 4820 persone
1472 4745 1678 4803 ecclesiastice

415 4858 453 4915 de
484 4857 569 4915 curia
600 4871 693 4929 quam
725 4853 860 4911 vivendo
891 4853 1069 4914 Inhabitant.
1105 4868 1162 4925 per
1184 4853 1364 4925 quempiam
1387 4853 1525 4910 amoveri
1549 4853 1678 4910 minime

414 4965 512 5040 possit
535 4978 634 5035 neque
658 4961 777 5030 debeat,
802 4959 976 5032 quinimmo
999 4957 1079 5016 intra
1103 4958 1221 5015 dictum
1244 4959 1383 5031 spacium
1408 4957 1529 5014 dierum
1553 4957 1678 5030 trigr'nta
