3600 5804
351 541 392 598 60
776 537 848 594 Dor.
874 533 925 612 69.
941 571 989 628 ¹—-
1014 537 1070 595 An.
1095 533 1188 596 1288.

349 737 535 796 ratificantes
567 743 596 794 et
626 737 836 811 approbantes
865 739 933 810 pari
965 737 1156 796 admiserunt
1187 739 1354 796 voluntate.
1384 738 1490 796 Prima
1515 742 1617 795 autem

350 851 433 902 meta
456 843 593 918 predicte
617 849 697 901 terre
721 844 842 916 collate,
865 845 943 902 sicut
966 847 1056 903 nobis
1079 862 1135 920 per
1154 846 1312 904 hominem
1329 851 1473 905 nostrum
1490 845 1619 902 fidelem

351 965 445 1024 quem
468 948 506 1006 ad
531 949 726 1007 circuendam
751 950 852 1024 ipsam
876 956 990 1009 terram
1013 957 1174 1026 metasque
1197 953 1336 1010 eiusdem
1354 951 1565 1026 inspiciendas
1580 951 1618 1008 ad

350 1055 493 1129 parcium
523 1056 704 1113 instanciam
735 1057 920 1114 miseramus
947 1065 977 1114 et
1008 1075 1064 1132 per
1086 1058 1211 1116 easdem
1234 1065 1338 1132 partes
1361 1059 1452 1116 nobis
1475 1059 1619 1129 constitit,

350 1161 458 1235 incipit
480 1163 511 1220 in
535 1162 619 1219 valle
641 1163 857 1236 prenominata
879 1179 897 1220 a
921 1164 1056 1236 quadam
1079 1169 1168 1239 petra
1184 1165 1270 1222 iuxta
1285 1165 1444 1222 vineolam
1461 1164 1618 1238 quandam

351 1267 528 1342 supradicte
559 1268 680 1342 capelle
703 1285 721 1326 a
743 1269 837 1342 plaga
867 1269 1009 1329 orientali
1036 1271 1202 1342 adiacente,
1226 1271 1298 1329 inde
1321 1270 1459 1329 ascendit
1480 1276 1618 1329 montem

350 1390 458 1432 versus
481 1373 672 1432 occidentem
695 1379 725 1432 et
748 1375 920 1448 procedens
944 1391 1001 1450 per
1023 1377 1156 1435 eundem
1172 1379 1258 1435 venit
1273 1375 1312 1434 ad
1329 1377 1488 1450 quandam
1505 1377 1618 1434 collem

349 1485 515 1554 petrosam,
537 1481 593 1539 ubi
613 1486 684 1538 sunt
706 1482 835 1538 arbores
857 1481 963 1540 kerchi
987 1484 1119 1555 novelle,
1151 1483 1222 1541 inde
1245 1483 1332 1541 vadit
1355 1499 1465 1541 versus
1488 1483 1618 1541 eandem

348 1593 470 1662 partem
501 1592 531 1646 et
562 1566 703 1662 pervenit
731 1587 768 1644 ad
802 1588 948 1646 arborem
970 1589 1044 1661 tilie,
1071 1591 1131 1647 sub
1155 1607 1216 1662 qua
1239 1596 1285 1647 est
1305 1595 1389 1647 meta
1412 1596 1523 1661 terrea,
1548 1589 1619 1647 inde

349 1693 518 1768 procedens
541 1695 580 1752 ad
604 1693 734 1752 eandem
756 1700 878 1769 partem
902 1695 1068 1753 occidentis
1092 1697 1233 1770 pervenit
1255 1696 1295 1754 ad
1318 1697 1446 1755 arbores
1469 1713 1539 1769 nyr,
1564 1695 1618 1754 ubi

350 1805 397 1858 est
427 1805 510 1858 meta
539 1808 647 1874 terrea,
680 1801 752 1860 inde
782 1801 883 1860 adhuc
906 1819 1014 1860 versus
1037 1802 1228 1861 occidentem
1252 1819 1309 1878 per
1331 1804 1481 1861 verticem
1503 1799 1632 1860 montis

348 1905 518 1980 procedens
542 1908 625 1966 veuit
648 1908 687 1964 ad
711 1908 834 1966 foveam
859 1909 1025 1982 quandam,
1048 1909 1119 1967 inde
1142 1909 1257 1966 directe
1282 1908 1439 1966 descendit
1454 1909 1496 1966 ad
1512 1910 1617 1967 locum

349 2012 402 2070 ubi
426 2028 506 2086 aqua
530 2014 665 2088 Crapina
688 2014 770 2072 cadit
792 2015 822 2072 in
844 2015 977 2086 Zawam,
1001 2015 1072 2073 inde
1092 2015 1278 2074 descendens
1294 2031 1351 2089 per
1366 2014 1491 2072 Zavvam
1509 2031 1619 2074 versus

350 2118 511 2176 meridiem
541 2119 572 2177 in
601 2136 714 2193 magno
744 2122 849 2195 spacio
879 2123 964 2180 venit
987 2121 1025 2179 ad
1050 2122 1166 2180 insulas
1190 2121 1341 2195 quasdam
1364 2122 1438 2179 sitas
1457 2122 1489 2179 in
1514 2121 1619 2180 medio

352 2223 451 2294 Zawa,
484 2229 514 2282 et
544 2227 575 2284 in
606 2226 667 2284 fine
698 2235 835 2286 extreme
866 2227 965 2285 insule
996 2229 1058 2286 exit
1089 2227 1128 2286 de
1157 2228 1249 2286 Zawa
1279 2229 1309 2285 in
1339 2243 1449 2285 nemus
1475 2235 1508 2285 et
1535 2229 1620 2286 venit

348 2331 524 2388 transiendo
555 2331 638 2390 idem
668 2313 705 2390 ad
738 2334 822 2391 viam
854 2333 1016 2392 ducentem
1048 2335 1130 2392 ultra
1168 2335 1300 2404 Zaivam,
1331 2349 1508 2409 perquam
1532 2335 1617 2393 viam

349 2436 518 2509 procedens
549 2453 658 2495 versus
688 2439 941 2512 septemtrionem
976 2441 1060 2498 venit
1090 2440 1128 2498 ad
1161 2440 1331 2498 frucectum
1366 2441 1518 2498 arborum
1555 2440 1619 2498 alni

348 2557 447 2616 prope
477 2543 570 2616 viam,
602 2543 673 2602 inde
704 2545 790 2602 iuxta
819 2545 967 2619 paludem
1000 2546 1156 2620 quandam
1188 2546 1358 2620 procedens
1389 2564 1445 2622 per
1467 2563 1619 2622 campum

347 2647 431 2706 venit
462 2649 500 2706 ad
533 2650 639 2707 locum
672 2651 836 2708 Prauischa
867 2658 1022 2724 vocatum,
1050 2655 1144 2709 situm
1167 2653 1250 2710 circa
1273 2653 1358 2710 viam
1381 2668 1538 2726 magnam,
1563 2669 1620 2726 per

348 2769 442 2826 quam
467 2755 637 2828 procedens
660 2772 769 2814 versus
791 2757 991 2830 occidentem,
1022 2765 1198 2816 remanente
1223 2765 1305 2816 terra
1328 2760 1441 2816 collata
1466 2758 1619 2818 fratribus

347 2861 528 2918 memoratis
551 2877 568 2917 a
592 2862 732 2933 sinistris,
756 2864 840 2920 venit
863 2863 902 2920 ad
926 2865 1030 2922 locum
1055 2865 1110 2922 ubi
1132 2866 1254 2922 rivulus
1276 2869 1456 2938 prenotatus
1479 2865 1566 2923 cadit
1589 2867 1619 2923 in

348 2963 481 3036 Zawam,
506 2983 562 3040 per
578 2983 670 3040 quem
689 2969 828 3026 rivulum
848 2969 1015 3028 ascendens
1030 2988 1087 3045 per
1102 2973 1221 3030 vallem
1236 2988 1344 3029 versus
1360 2972 1619 3044 septemtrionem

349 3074 534 3146 supradictis
562 3076 692 3148 capella,
724 3076 793 3132 loco
824 3081 855 3133 et
882 3079 1015 3150 terragio
1038 3078 1160 3135 collatis
1184 3077 1333 3135 iratribus
1356 3077 1503 3150 sepefatis
1539 3079 1619 3136 asi·

348 3181 462 3252 nistris,
479 3182 562 3238 venit
586 3181 623 3238 ad
649 3183 786 3254 priorem
807 3188 931 3240 metam.
956 3183 987 3240 ln
1013 3185 1098 3241 cuius
1121 3185 1166 3242 rei
1189 3171 1383 3255 memoriam,
1400 3184 1618 3243 certitudinem

348 3293 378 3344 et
400 3288 603 3345 stabilitatem
626 3295 810 3363 perpetuam
833 3295 990 3362 presentes
1013 3290 1052 3347 ad
1069 3291 1249 3348 instanciam
1268 3292 1407 3365 parcium
1424 3293 1617 3349 contulimus

348 3392 444 3465 sigilli
468 3394 564 3451 nostri
583 3395 754 3452 munimine
777 3397 945 3454 roboratas
962 3396 1079 3454 Datum
1101 3397 1132 3454 in
1156 3397 1320 3470 quindenis
1343 3397 1425 3454 beati
1446 3397 1619 3468 Mychaelis

348 3500 534 3572 archangeli.
559 3502 648 3557 Anno
672 3501 789 3558 domini
814 3502 897 3559 MCC
921 3504 1131 3576 octuagesimo
1154 3505 1296 3578 septimo

437 3635 459 3683 E
488 3641 650 3700 transumpto
676 3639 773 3702 zagrab
801 3638 879 3703 capit.
905 3641 937 3687 de
963 3653 1031 3688 anno
1058 3647 1121 3697 1321
1149 3645 1173 3689 et
1205 3649 1278 3698 1557·
1304 3639 1334 3690 ln
1357 3639 1427 3690 arch.
1450 3655 1506 3690 ren.
1536 3643 1616 3708 capit

350 3724 454 3788 zagrab.
474 3724 548 3788 Joan.
569 3723 684 3774 Tkaltie.
705 3725 773 3775 Mon.
794 3726 853 3776 hist.
874 3727 954 3792 episc.
972 3728 1077 3793 zagrab.
1097 3728 1116 3777 1.
1136 3744 1162 3792 p.
1182 3739 1240 3779 220.

950 3941 1013 4007 69.

453 4083 529 4130 Anno
551 4080 624 4138 1288,
645 4089 685 4135 27.
705 4081 802 4132 martii.
821 4082 918 4132 Budae.

349 4205 521 4280 Stephanus,
544 4209 628 4264 totzits
659 4207 815 4266 Slavonioe
845 4211 944 4281 banus,
959 4213 1106 4285 palatium
1129 4230 1211 4270 suum
1234 4214 1265 4268 in
1287 4221 1380 4270 monte
1408 4211 1504 4270 Grcclc
1519 4214 1617 4284 sitiam,

732 4314 847 4372 Gilioni
865 4318 960 4374 comiti
980 4326 1008 4375 et
1027 4319 1092 4388 civi,
1115 4319 1232 4393 confert.

436 4457 599 4516 Ladizlaus
622 4458 672 4516 dei
695 4461 798 4532 gracia
821 4476 876 4518 rex
897 4461 1082 4534 Hungariae.
1106 4462 1266 4520 Fidelibus
1281 4463 1362 4520 suis:
1386 4463 1490 4533 iudici,
1506 4462 1619 4521 iuratis

348 4571 378 4621 et
401 4564 595 4623 universitati
617 4566 732 4624 civium
756 4567 794 4624 de
817 4575 922 4625 monte
954 4567 1100 4626 Grecensi
1131 4570 1263 4627 salutem
1292 4575 1322 4628 et
1344 4570 1489 4642 graciam.
1513 4563 1619 4627 Nove·

347 4670 423 4739 ritiS,
447 4671 529 4742 quod
554 4669 728 4744 Stephanus
752 4675 851 4730 banus
875 4675 971 4732 tocius
994 4673 1165 4744 Sclauonie‚
1189 4674 1321 4733 dilectus
1337 4681 1367 4733 et
1382 4673 1486 4732 fidelis
1502 4681 1619 4746 noster,

348 4791 453 4832 coram
478 4777 568 4834 nobis
591 4779 781 4848 constitutus,
813 4779 971 4853 palacium
1002 4797 1102 4851 suum,
1127 4766 1217 4853 ‘quod
1241 4781 1335 4839 habet
1358 4782 1390 4839 in
1412 4786 1513 4839 castro
1537 4781 1618 4838 Gre-

349 4883 431 4939 censi
455 4881 548 4954 dedit,
569 4883 698 4940 contulit
721 4882 837 4942 Gilioni
860 4887 974 4950 comiti.
998 4887 1118 4944 concivi
1141 4894 1253 4958 vestro,
1277 4903 1335 4960 pro
1358 4886 1563 4945 fidelitatibus
1587 4893 1619 4945 et

348 4988 486 5045 serviciis
509 4989 569 5046 sibi
592 4989 736 5063 inpensis.
760 4989 863 5062 Quare
891 4990 1034 5049 fidelitati
1064 4997 1166 5050 vestre
1196 4992 1397 5067 precipiendo
1420 4993 1618 5070 mandamus,
