3782 5812
423 554 460 612 3²
853 534 926 591 Doc.
951 547 1000 610 41.
1028 567 1064 576 -
1090 533 1146 590 An.
1170 530 1258 590 1261.

422 749 552 806 regnum
577 732 740 792 Sclauouie
764 732 803 790 ad
826 732 1032 790 ordinandum
1056 739 1086 790 et
1109 731 1340 790 informandum
1365 737 1464 789 totum
1488 736 1606 788 statum
1627 729 1701 788 Du·

424 847 509 898 catus
534 841 684 898 carissimi
707 839 766 896 filii
788 840 894 909 nostri,
919 838 1006 896 ducis
1027 839 1107 908 Bele,
1124 840 1323 896 intrassemus
1339 838 1563 912 principaliter,
1580 835 1701 893 fideles

424 948 520 1004 nostri
545 947 627 1006 cives
651 946 690 1005 de
720 951 824 1003 monte
856 945 961 1012 Grecz,
994 946 1084 1002 nobis
1111 961 1166 1003 sua
1188 945 1327 1018 plurima
1349 945 1532 1017 gravamina
1554 942 1701 1016 explica-

422 1059 540 1110 verunt
564 1051 628 1110 Nos
651 1057 755 1109 autem
779 1067 886 1109 eorum
910 1052 1092 1124 gravamina
1116 1051 1255 1108 volentes
1279 1049 1520 1108 misericorditer
1539 1051 1700 1116 relevare,

422 1159 587 1233 presertim
618 1174 689 1216 cum
716 1158 799 1215 idem
824 1165 959 1215 castrum
984 1156 1022 1214 de
1044 1171 1127 1214 novo
1150 1155 1189 1214 sit
1212 1162 1422 1214 constructum
1446 1163 1477 1214 et
1499 1161 1635 1213 erectum
1664 1156 1700 1212 in

420 1265 632 1339 principaliori
661 1265 731 1322 loco
754 1264 892 1321 Ducatus
932 1269 962 1320 et
989 1263 1028 1320 ad
1052 1277 1249 1320 communem
1281 1263 1447 1320 utilitatem
1471 1262 1568 1319 tocius
1592 1261 1698 1332 regni,

419 1385 536 1428 necnon
560 1369 599 1427 ad
622 1371 754 1428 tutelam
777 1368 901 1426 confinii
925 1385 991 1427 esse
1015 1368 1177 1426 fundatum
1201 1368 1386 1434 dinoscatur,
1407 1368 1509 1425 causis
1525 1367 1696 1441 premissis

420 1476 662 1534 racionabilibus
692 1474 824 1546 inducte,
855 1481 889 1532 ut
916 1491 952 1531 eo
975 1475 1111 1548 amplius
1141 1480 1172 1532 et
1202 1475 1315 1532 melius
1346 1475 1464 1532 utilitas
1495 1473 1586 1530 castri
1619 1487 1700 1545 pre-

419 1582 568 1641 nominati
592 1582 624 1640 in
647 1581 792 1638 omnibus
816 1582 944 1656 recipiat
968 1581 1200 1652 incrementum,
1224 1579 1365 1637 debitum
1389 1579 1592 1636 ducentarum
1615 1595 1698 1652 pen·

419 1703 533 1757 sarum,
558 1704 635 1760 quas
673 1689 765 1758 bano,
796 1689 921 1746 nomine
951 1688 1096 1759 Ducatus,
1128 1689 1212 1745 cives
1242 1686 1380 1744 eiusdem
1411 1687 1503 1744 castri
1532 1685 1698 1743 annuatim

420 1795 542 1852 solvere
565 1796 756 1865 tenebantur,
781 1795 812 1851 in
835 1799 986 1868 perpetuo
1010 1793 1156 1850 duximus
1172 1792 1363 1862 relaxandae,
1385 1791 1547 1849 reddentes
1563 1790 1697 1848 eosdem

420 1899 457 1957 de
489 1901 594 1960 debito
621 1891 824 1979 (huiusmodi)
855 1899 1022 1956 solucionis
1050 1900 1178 1972 pecunie
1209 1905 1379 1955 memorate
1413 1897 1573 1955 absolutos
1609 1890 1699 1973 (nos-

420 2000 551 2084 trarum)
582 2007 752 2080 patrocinio
784 2007 965 2063 litterarum.
996 2006 1125 2078 Insuper
1156 2005 1334 2078 plebaniam
1366 2004 1505 2062 eiusdem
1536 2004 1629 2060 castri
1655 2005 1696 2060 li-

420 2114 529 2173 beram
560 2113 774 2170 constituimus
804 2117 834 2168 et
865 2117 1048 2184 exemptam
1074 2111 1114 2168 ab
1144 2111 1231 2168 omni
1261 2109 1475 2167 iurisdiccione
1497 2110 1692 2183 episcopalis

419 2218 586 2290 dignitatis,
610 2219 749 2290 alioquin
766 2263 978 2276 ..........
1000 2217 1188 2275 venerabilis
1212 2221 1301 2290 pater
1323 2215 1496 2289 Philippus,
1522 2216 1695 2289 episcopus

418 2325 634 2396 zagrabiensiS,
658 2339 753 2396 quam
777 2323 815 2380 de
838 2324 903 2380 iure
928 2323 979 2380 vel
995 2323 1034 2380 de
1050 2323 1129 2380 facto
1146 2323 1290 2392 habebat,
1308 2321 1519 2395 presentibus:
1539 2321 1695 2392 magistro

417 2429 546 2502 Tbobia‚
569 2429 742 2504 preposito;
758 2430 907 2501 magistro
924 2428 1022 2498 Petra,
1040 2428 1270 2497 archidiacono;
1283 2428 1432 2500 magistro
1450 2427 1539 2497 ana,
1556 2433 1705 2492 cantore;

420 2535 590 2604 prothasio,
622 2535 748 2592 custode
785 2543 814 2592 et
845 2533 1010 2608 Stephano,
1042 2534 1167 2604 decan0,
1199 2535 1260 2591 loci
1291 2535 1505 2608 prenominati,
1537 2533 1697 2590 consenci-

419 2642 551 2712 entibus,
582 2642 773 2700 renunciavit
805 2643 877 2698 viva
908 2656 991 2712 voce,
1023 2647 1173 2712 quatenus
1197 2640 1235 2697 de
1258 2641 1343 2710 meis,
1379 2640 1455 2697 iuris
1486 2638 1637 2696 beneficio
1663 2647 1697 2696 et

421 2749 502 2805 bona
533 2753 615 2806 terre
645 2746 873 2816 consvetudine,
904 2747 1084 2804 attribuitur
1115 2746 1245 2803 facultas
1277 2747 1307 2804 in
1331 2746 1498 2818 premissis.
1531 2745 1572 2803 Ut
1595 2745 1697 2816 igitur

421 2856 475 2912 hec
510 2870 528 2914 a
558 2855 648 2912 nobis
679 2855 900 2927 circumspecte
931 2852 1011 2911 iacta
1041 2852 1170 2911 donacio
1200 2854 1297 2910 robur
1323 2858 1511 2926 perpetuum
1534 2850 1696 2908 firmitatis

419 2962 564 3031 obtineat,
597 2967 627 3018 et
659 2959 741 3018 idem
774 2962 856 3018 cives
888 2975 956 3017 mee
986 2958 1200 3016 munificencia
1223 2959 1326 3030 gracia
1348 2960 1379 3016 in
1402 2963 1562 3032 posterum
1585 2965 1695 3029 gratu-

421 3067 534 3136 lentur,
566 3073 723 3140 presentes
751 3068 868 3125 litteras
892 3066 1079 3123 contulimus
1103 3064 1259 3138 dupplicis
1280 3066 1376 3138 sigilli
1399 3064 1495 3122 nostri
1519 3063 1697 3121 munimine

424 3173 594 3230 roboratas.
617 3172 734 3229 Datum
758 3188 837 3230 anno
857 3173 897 3230 ab
914 3172 1125 3230 incarnacione
1142 3171 1259 3228 domini
1276 3171 1446 3228 millesimo
1462 3169 1694 3228 ducentessimo

422 3279 614 3350 sexagesimo
638 3279 748 3352 primo.

509 3433 530 3480 E
549 3431 664 3496 simplici
684 3438 849 3496 transumpto
869 3431 895 3480 in
915 3431 1013 3488 charta,
1033 3429 1110 3479 initio
1130 3445 1194 3479 saec.
1215 3430 1289 3480 XVI.
1311 3429 1340 3480 In
1360 3430 1468 3479 archivo
1488 3429 1559 3479 civit.
1580 3429 1692 3494 zagrab.

524 3807 572 3854 nn.
596 3806 669 3854 1261.
1018 3769 1077 3835 41·

417 3951 587 4008 Alexander
609 3950 665 4006 IV.
697 3950 785 4023 Papa
814 3949 945 4019 concedit,
976 3958 1010 4006 ut
1031 3951 1110 4026 sesto
1132 3969 1153 4007 s.
1178 3950 1315 4007 Ladislai
1342 3951 1426 4022 regis,
1459 3968 1493 4006 ac
1515 3950 1598 4025 infra
1622 3953 1691 4007 acti-

417 4057 504 4112 duum
528 4058 558 4112 r'n
588 4057 649 4113 eccl.
681 4056 842 4113 cathedrali
870 4056 1063 4128 indulgentiae
1094 4058 1180 4112 unius
1209 4057 1284 4112 anui
1310 4064 1338 4112 el
1365 4069 1408 4131 40
1431 4056 1542 4112 dierum
1556 4057 1691 4128 promul

994 4170 1107 4236 gantur.

506 4325 591 4394 Item,
623 4327 682 4382 sub
713 4326 801 4382 bulla
833 4325 955 4382 eiudem
986 4325 1156 4383 Alexandri
1187 4341 1277 4398 pape,
1310 4331 1452 4382 emanata
1489 4324 1690 4398 pontificatus

418 4433 466 4489 sui
498 4447 578 4489 anno
609 4433 751 4504 septimo,
790 4432 962 4488 continetur
999 4431 1195 4504 indulgencia
1225 4431 1263 4488 de
1294 4447 1356 4488 uno
1387 4447 1467 4488 anno
1498 4438 1527 4488 et
1554 4429 1690 4502 quadra-

418 4539 503 4610 ginta
526 4538 656 4606 dierum,
681 4545 710 4594 et
733 4537 877 4594 similiter
901 4536 981 4594 infra
1004 4547 1074 4595 octo
1097 4537 1170 4606 dies,
1195 4538 1337 4610 quolibet
1360 4537 1498 4606 dierum;
1522 4531 1552 4614 (i.
1573 4553 1596 4592 e.
1616 4535 1688 4592 festi

418 4661 440 4702 s
465 4645 600 4702 Ladislai
622 4635 731 4719 regis).

506 4799 667 4862 Excerptum
687 4813 720 4846 ex
745 4796 879 4861 originali,
899 4799 971 4860 quod
996 4798 1118 4863 perierat.
1143 4798 1170 4847 in
1194 4799 1266 4848 libro
1289 4803 1446 4848 statutorum
1467 4795 1576 4861 capituli
1596 4809 1688 4858 ragra-

418 4889 523 4938 biensis.
542 4893 609 4952 part.
629 4885 674 4934 IV.
695 4901 715 4934 c.
736 4885 769 4934 11.
790 4885 873 4950 Typis
893 4887 1013 4951 vulgavit
1031 4887 1106 4951 Joan.
1126 4885 1242 4936 Tkattie.
1263 4886 1332 4935 Mon.
1353 4884 1431 4950 episc.
1452 4884 1554 4948 zagrcb.
1576 4885 1629 4932 vol.
1651 4883 1687 4932 ll.

418 4993 477 5043 pag.
497 4985 553 5036 103.
