3824 5806
375 568 437 645 364
793 568 866 628 Doc.
884 564 962 646 384.
990 601 1025 610 -
1053 569 1108 626 An.
1133 545 1237 645 1395.Ι

374 767 491 825 domini
522 783 603 825 nunc
633 773 779 825 venturas
801 768 891 825 nobis
914 767 1120 825 amicabiliter
1142 769 1325 826 rescribatis.
1349 768 1508 826 Presentes
1539 775 1645 826 autem

375 873 486 946 sigillis
517 875 630 932 nostris
661 874 841 931 absentibus
872 873 977 946 sigillo
1009 874 1150 946 magistri
1181 875 1305 932 Martini
1336 875 1416 932 Ders
1445 875 1589 933 vicebani
1612 881 1643 933 et

375 978 497 1036 comitis
520 979 616 1036 nostri
639 979 847 1050 zagrabiensis
863 978 992 1036 fecimus
1008 979 1188 1052 consignari.
1205 979 1320 1037 Datum
1342 979 1500 1052 Zagrabie‚
1517 980 1645 1038 decimo

380 1084 431 1142 die
447 1086 570 1143 termini
594 1086 753 1159 prenotati.
782 1087 872 1143 Anno
895 1085 1012 1144 domini
1029 1085 1139 1143 MCCC
1154 1087 1353 1160 nonagesimo
1369 1087 1484 1159 quinto.

467 1219 607 1285 originale
632 1221 659 1270 in
686 1219 784 1278 charta,
803 1235 818 1269 a
839 1226 914 1286 tergo
933 1220 1046 1286 vestigia
1066 1221 1179 1271 duorum
1198 1221 1357 1288 sigillorum.
1377 1221 1408 1272 ln
1429 1221 1500 1270 arch.
1521 1221 1568 1271 tib.
1588 1237 1644 1287 reg.

375 1309 424 1359 civ.
441 1309 546 1375 zagrab.

964 1506 1055 1572 384.

465 1663 541 1712 Anno
564 1672 637 1726 1395,
660 1674 696 1722 15.
717 1665 875 1714 novembris.
895 1666 1049 1731 Zagrabiae.

381 1788 546 1863 Grpti‘rclum
570 1793 685 1864 zagrab.
710 1792 895 1850 reumbulalis
918 1801 946 1850 et
966 1796 1064 1850 erectis
1085 1795 1165 1850 metis
1186 1796 1217 1850 in
1236 1799 1409 1866 possessione
1425 1793 1564 1868 Hrasiy'a.
1579 1812 1644 1850 con·

689 1897 857 1956 lradt'ctores
876 1899 919 1956 ad
938 1899 1072 1956 t'ude'cirmae
1095 1900 1200 1956 boreale
1222 1908 1326 1956 evocat.

464 2059 581 2116 Amicis
612 2061 675 2116 suis
705 2061 892 2132 reverendis,
924 2063 1061 2136 capitulo
1092 2063 1219 2120 ecclesie
1248 2063 1464 2134 zagrabiensiS,
1500 2061 1644 2119 Detricus

374 2165 480 2222 Bubek
511 2167 597 2238 regni
629 2165 791 2228 Sclauonie
821 2168 927 2237 banus,
959 2169 1131 2226 amiciciam
1163 2175 1303 2242 paratam
1326 2183 1397 2224 cum
1420 2167 1544 2224 honore.
1581 2165 1643 2224 No

373 2271 489 2341 veritis,
513 2270 596 2343 quod
619 2272 783 2353 Johannes,
807 2273 891 2331 filius
908 2274 1086 2344 Hermanni,
1102 2275 1179 2332 civis
1195 2274 1328 2331 civitatis
1348 2273 1462 2330 montis
1477 2271 1642 2330 Grecensis

377 2377 415 2434 de
438 2377 590 2448 Zagrabia
621 2393 679 2451 pro
701 2377 802 2435 iudice
825 2384 854 2436 et
878 2380 985 2436 iuratis
1012 2380 1132 2437 civibus
1156 2378 1293 2437 eiusdem
1319 2378 1452 2437 civitatis
1475 2395 1545 2435 cum
1569 2394 1643 2452 pro·
1675 2381 1680 2390 '

376 2485 538 2541 curatoriis
561 2484 673 2542 litteris
696 2484 887 2557 eorumdem,
910 2493 1017 2543 contra
1040 2485 1235 2558 Gregorium‚
1260 2484 1430 2557 Georgium
1453 2491 1484 2542 et
1506 2485 1643 2556 Petrum,

375 2588 458 2646 filios
490 2589 623 2660 Martini,
647 2607 682 2647 ac
708 2590 839 2648 Paulum
870 2597 899 2648 et
922 2591 1006 2662 luan,
1030 2590 1112 2649 filios
1135 2591 1302 2664 Zugouych
1325 2591 1363 2648 de
1386 2591 1512 2662 Oresya,
1536 2605 1644 2663 perso·

375 2694 485 2752 naliter
517 2703 739 2769 comparentes
771 2698 856 2754 iuxta
886 2698 1109 2755 continenciam
1135 2699 1308 2755 litterarum
1332 2703 1510 2754 nostrarum
1534 2711 1643 2769 proro-

374 2801 565 2872 gatoriarum
588 2801 618 2858 in
641 2803 759 2860 octavis
783 2801 853 2860 festi
877 2805 959 2861 beati
983 2805 1152 2875 llychaelis
1175 2803 1352 2878 archangeli
1375 2803 1405 2860 in
1427 2801 1527 2874 figura
1543 2803 1641 2859 nostri

376 2905 480 2962 iudicii
510 2907 728 2980 comparend0,
762 2909 912 2981 quasdam
944 2910 1062 2966 litteras
1092 2913 1211 2966 vestras
1242 2909 1375 2966 sormam
1404 2909 1643 2982 possessionarie

264 3089 269 3100 1
309 3033 310 3036 “
373 3012 641 3086 reambulacioniS,
665 3015 961 3090 contradictorieque
985 3017 1180 3074 inhibicionis
1207 3022 1238 3073 et
1260 3015 1437 3072 statucionis
1460 3031 1496 3071 ac
1519 3013 1642 3071 citacio-

375 3118 422 3174 nis
439 3118 470 3176 in
492 3135 525 3176 se
549 3119 727 3178 denotantes
744 3122 834 3179 nobis
857 3125 1046 3196 presentavit
1068 3122 1267 3192 declarantes,
1292 3121 1376 3194 quod
1400 3121 1477 3193 regii
1500 3125 1530 3177 et
1546 3121 1643 3178 vestn'

376 3225 516 3282 homines
552 3225 661 3283 litteris
686 3227 716 3284 in
739 3227 856 3285 eisdem
890 3229 1048 3298 nominati,
1072 3229 1204 3285 sabbato
1240 3228 1385 3300 proximo
1421 3232 1493 3300 post
1527 3224 1641 3283 festum

378 3330 599 3402 Penthecostes‚
624 3334 766 3406 proxime
790 3335 982 3408 preteritum,
1010 3335 1047 3392 ad
1082 3335 1175 3392 facies
1201 3333 1362 3392 cuiusdam
1386 3333 1538 3406 particule
1561 3339 1643 3390 terre

376 3437 414 3493 ad
438 3439 664 3511 possessionem
688 3441 827 3498 Hrascha
849 3445 991 3497 vocatam
1008 3442 1148 3514 ipsorum
1165 3440 1274 3498 iudicis
1290 3445 1319 3498 et
1336 3440 1507 3496 iuratorum
1524 3439 1643 3496 civium

377 3544 485 3600 vicinis
508 3549 538 3602 et
561 3547 783 3604 commetaneis
806 3547 868 3604 suis
893 3547 1045 3604 universis
1068 3547 1145 3604 inibi
1169 3547 1322 3618 legittime,
1336 3545 1512 3602 convocatis
1528 3551 1558 3601 et
1573 3559 1643 3617 pre-

376 3651 470 3706 sentis
494 3650 675 3722 accedendo
700 3652 800 3724 ipsam
825 3652 1051 3726 possessionem
1075 3653 1215 3709 Hrascha
1237 3657 1381 3708 vocatam
1404 3651 1489 3707 iuxta
1515 3649 1642 3707 demon-

376 3756 560 3813 stracionem
592 3759 734 3830 ipsorum
765 3757 873 3816 iudicis
900 3765 930 3816 et
953 3759 1124 3816 iuratorum
1148 3759 1264 3815 civium
1284 3773 1306 3839 ‘a
1329 3762 1417 3830 parte
1441 3757 1642 3830 possessionis

376 3861 569 3934 prefatorum
594 3863 625 3920 in
649 3879 740 3920 causa
763 3869 966 3922 attractorum
989 3865 1106 3936 Oresya
1127 3870 1243 3934 vocate,
1268 3861 1501 3933 reambulando‚
1525 3861 1641 3918 eisdem

377 3967 479 4038 iudici,
503 3968 610 4025 iuratis
633 3977 663 4026 et
686 3970 805 4027 civibus
829 3969 909 4027 dicte
934 3971 1067 4028 civitatis
1090 3969 1183 4028 statui
1207 3968 1308 4026 iacere
1325 3968 1509 4038 voluissent3
1532 3982 1641 4024 verum

377 4071 490 4146 prefati
513 4074 690 4146 Gregorius,
713 4074 866 4148 Georgius
890 4081 919 4134 et
942 4076 1059 4148 Petrus,
1083 4076 1141 4134 filii
1164 4075 1289 4132 Martini
1310 4075 1340 4132 in
1363 4089 1473 4131 eorum
1495 4081 1526 4130 et
1547 4087 1642 4129 anno·

377 4185 511 4237 tatorum
537 4181 624 4238 Pauli
647 4187 677 4238 et
701 4181 782 4240 lwan
807 4185 947 4256 personis
970 4183 1117 4256 predictis
1144 4181 1417 4255 possessionariam
1440 4179 1642 4236 statucionem

377 4301 435 4359 pro
460 4287 534 4360 ipsis
557 4287 664 4357 iudice,
689 4288 795 4345 iuratis
819 4294 849 4346 et
871 4289 993 4346 civibus
1016 4288 1196 4359 faciendam,
1217 4285 1472 4345 contradiccionis
1487 4283 1643 4342 velamine

378 4393 563 4462 obviassent,
598 4395 640 4450 ob
674 4409 769 4467 quarn
803 4395 1049 4468 prohibicionem
1084 4393 1178 4452 iidem
1213 4390 1454 4449 contradictores
1485 4390 1516 4447 in
1539 4389 1588 4446 die
1612 4395 1642 4446 et

378 4500 447 4557 loco
477 4501 507 4557 in
539 4498 655 4558 eisdem
687 4501 799 4558 litteris
829 4500 1001 4572 declaratis,
1029 4505 1134 4557 contra
1157 4496 1282 4556 eosdem
1316 4496 1451 4554 iudicem
1473 4501 1503 4553 et
1526 4497 1643 4553 iuratos

378 4606 469 4678 cives,
493 4606 532 4663 ad
556 4605 726 4679 quindenas
748 4606 823 4664 dicti
846 4607 968 4664 sabbati
990 4613 1128 4663 nostram
1152 4607 1183 4663 in
1206 4605 1398 4679 presenciam
1421 4603 1506 4660 citati
1525 4602 1642 4659 extitis-

378 4717 451 4770 sent.
488 4712 737 4786 Quibusquidem
769 4713 880 4771 litteris
914 4713 1068 4783 exhibitis,
1106 4711 1245 4786 prelatus
1283 4716 1467 4784 procurator
1501 4707 1641 4781 ipsorum

378 4817 487 4877 iudicis
511 4825 540 4877 et
562 4820 734 4877 iuratorum
759 4820 873 4878 civium
891 4821 921 4878 in
937 4820 1077 4894 personis
1092 4816 1283 4888 eorumdem,
1299 4817 1399 4890 ipsam
1416 4815 1642 4889 possessionem

378 4925 517 4983 Hrascha
541 4926 657 4983 eisdem
683 4943 720 4983 ex
744 4928 828 5000 regia
850 4927 1017 4984 donacione
1040 4925 1195 5000 pertinere
1211 4930 1242 4981 et
1256 4923 1396 4996 legitime
1412 4927 1559 4979 statutam
1575 4919 1642 4978 fore

289 5059 293 5068 ·
379 5024 548 5105 declarans,
580 5033 735 5090 racionem
759 5033 909 5107 premisse
932 5031 1167 5090 contradictorie
1190 5029 1390 5123 inhibicionis‘
1408 5027 1564 5100 assignare
1586 5041 1643 5101 po-
