3600 5804
534 529 607 586 Doc.
631 542 699 604 130.
728 561 763 570 -
789 529 845 586 An.
871 541 957 606 1325.

703 721 790 787 130.

218 846 298 901 Anno,
321 853 394 902 1325.
415 845 438 894 6.
456 843 579 908 januarii.
599 843 630 894 In
648 843 788 909 Visegrad.

149 952 259 1010 Carolus
287 953 465 1027 Hungrrrioe
487 961 533 1012 etc.
557 971 611 1011 rcx
639 953 747 1011 cluibus
776 952 993 1024 Grechensibus,
1017 952 1064 1013 ius
1093 956 1210 1014 radicem
1233 959 1358 1033 elipandi

259 1068 343 1134 atque
365 1060 473 1118 iudicia
495 1060 646 1118 exercendi
667 1078 687 1116 a
709 1061 784 1118 Belo
808 1061 864 1117 IV.
887 1079 1058 1132 concensum,
1079 1064 1236 1138 confirmat.

204 1187 332 1246 Karolus
356 1187 405 1245 dei
429 1189 533 1260 gracia
556 1203 610 1245 rex
634 1187 799 1259 Hungarie.
833 1187 993 1246 Fidelibus
1016 1189 1079 1246 suis
1103 1191 1251 1262 magistro
1275 1197 1376 1251 tavar-

127 1294 250 1350 nicorum
273 1309 410 1356 suorum.
433 1293 539 1351 iudicii
562 1295 645 1352 curie
676 1310 738 1364 sue,
771 1293 852 1352 bano
882 1295 980 1352 tocius
1011 1293 1182 1366 Sclauonie,
1211 1298 1377 1356 comitibus

128 1401 352 1472 parocbyatibus
383 1415 437 1457 seu
466 1400 719 1474 provincialibus
751 1401 934 1470 castellanis,
959 1402 1034 1458 item
1066 1403 1279 1474 quarumlibet
1301 1405 1375 1462 civi-

128 1511 213 1563 tatum
234 1513 263 1563 et
285 1507 435 1564 villarum
458 1505 612 1564 iudicibus
635 1522 689 1564 seu
711 1507 826 1564 villicis
849 1522 885 1564 ac
900 1507 1137 1580 qualiscumque
1153 1511 1378 1581 preeminencie

129 1617 154 1668 et
172 1617 260 1669 status
284 1612 470 1683 hominibus,
494 1627 665 1685 eorumque
685 1613 768 1670 vices
783 1613 969 1685 gerentibus,
986 1609 1181 1687 presentibus
1204 1620 1234 1672 et
1257 1614 1379 1688 futuris,

129 1720 225 1791 quovis
246 1720 370 1776 nomine
400 1719 582 1790 vocitentur,
614 1720 728 1791 quibus
760 1725 916 1794 presentes
946 1719 1157 1792 ostenduntur,
1189 1721 1323 1780 salutem
1350 1729 1380 1780 et

130 1825 258 1896 graciam
281 1824 362 1882 Cum
384 1825 513 1882 libertas
537 1824 679 1883 fidelium
702 1825 818 1882 civium
834 1831 1011 1883 nostrorum
1032 1825 1070 1884 de
1085 1831 1190 1885 monte
1213 1827 1380 1900 Grecyensi

130 1945 174 1986 seu
194 1931 397 2002 zagrabyensi,
421 1947 477 2004 per
500 1930 662 1988 dominum
685 1931 801 2004 Belam,
825 1931 983 2003 quondam
1007 1933 1150 1991 inclitum
1172 1950 1277 2006 regem
1294 1935 1380 1993 Hun-

130 2037 210 2106 garie,
232 2053 384 2110 proavum
406 2043 547 2094 nostrum
572 2037 780 2106 karissimum,
798 2037 881 2094 clare
897 2039 1055 2110 memorie,
1073 2039 1227 2098 mediante
1243 2057 1299 2098 suo
1315 2043 1378 2115 pri·

131 2143 231 2215 vilegio
252 2143 322 2201 data
345 2144 389 2201 eis
413 2151 442 2201 et
466 2159 618 2214 concessa,
642 2160 699 2217 per
721 2159 838 2216 nosque
862 2149 927 2201 tam
950 2145 1048 2218 priori
1070 2152 1100 2202 et
1122 2147 1258 2219 antiquo,
1282 2163 1377 2220 quam

131 2263 202 2305 novo
222 2254 250 2306 et
272 2251 425 2307 autentico
448 2255 554 2308 nostro
569 2250 674 2322 sigillo
690 2251 765 2324 ipsis
782 2249 972 2321 confirmata,
997 2250 1029 2308 id
1051 2253 1200 2324 requirat,
1224 2257 1259 2310 ut
1275 2254 1381 2310 nullus

132 2361 277 2413 extraneus
300 2373 352 2413 seu
377 2355 515 2413 eiusdem
539 2357 674 2414 civitatis
698 2357 792 2413 bomo
815 2357 845 2414 in
870 2357 1062 2430 quibuslibet
1085 2359 1184 2414 causis
1207 2354 1290 2416 cives
1312 2375 1381 2432 pre-

131 2460 199 2518 dicte
213 2463 340 2519 civitatis
355 2468 458 2519 nostre
470 2462 653 2534 Grecyensis
669 2479 722 2520 seu
738 2463 954 2534 zagrabyensis
970 2469 1000 2520 et
1017 2465 1189 2535 quemlibet
1205 2480 1243 2522 ex
1255 2465 1381 2536 eisdem,

134 2569 233 2640 pariter
255 2570 431 2642 iobagioncs
454 2575 484 2626 et
507 2569 642 2644 populos
666 2571 814 2626 villarum
839 2569 920 2627 dicte
937 2570 1069 2626 civitatis
1093 2571 1122 2626 in
1147 2571 1303 2628 territorio
1319 2573 1382 2629 exi-

132 2675 274 2747 stencium,
296 2676 333 2733 ad
359 2681 496 2734 nostram
514 2692 567 2732 seu
583 2675 797 2748 quorumlibet
814 2675 950 2732 iudicum
968 2691 1021 2732 seu
1037 2676 1274 2734 iusticiariorum
1297 2679 1383 2750 regni

132 2783 215 2839 nostri
237 2783 424 2856 presenciam
448 2783 551 2840 valeat
574 2797 703 2840 evocare
726 2799 779 2839 seu
803 2783 926 2840 trahere
948 2781 1056 2838 ordine
1079 2781 1240 2840 iudiciario
1264 2785 1294 2842 in
1311 2801 1381 2842 cau-

131 2901 195 2952 sam,
225 2889 275 2946 sed
306 2891 330 2946 si
362 2889 438 2962 quid
467 2888 586 2962 aliquid
617 2889 753 2946 accionis
781 2895 887 2946 contra
914 2904 974 2960 eos,
1010 2895 1063 2946 aut
1085 2889 1222 2961 aliquem
1246 2907 1283 2947 ex
1308 2892 1383 2964 ipsis

13 2989 15 3008 ²
87 3027 89 3032 =
134 2993 176 3049 vet
202 2994 238 3050 ad
267 2995 349 3068 ipsos
383 2995 569 3069 pertinentes
603 2995 776 3065 habuerint,
814 2996 845 3052 in
869 2996 1028 3068 presencia
1051 2988 1184 3073 iudici(s)
1208 3012 1261 3053 seu
1285 2997 1384 3054 villici

134 3097 203 3156 dicte
235 3101 364 3158 civitatis
399 3109 502 3159 nostre
537 3101 649 3174 exequi
685 3100 824 3158 debeant.
848 3101 1038 3174 Quiquidem
1062 3101 1154 3158 iudex
1177 3118 1231 3158 seu
1255 3102 1379 3160 villicus

135 3203 219 3276 ipsius
242 3207 371 3264 civitatis
395 3209 489 3265 simul
513 3223 583 3264 cum
609 3208 787 3281 pocioribus
810 3207 949 3264 eiusdem
973 3207 1116 3278 civitatis,
1140 3209 1166 3265 si
1181 3209 1383 3282 quibuspiam

134 3320 265 3385 exparte
287 3330 415 3372 suorum
439 3315 615 3372 concivium
638 3319 667 3371 et
698 3313 737 3372 ad
768 3329 820 3372 eos
851 3314 1075 3387 pertinencium
1106 3314 1158 3371 vel
1190 3315 1319 3372 alicuius
1343 3331 1381 3372 ex

135 3416 236 3475 eisdem
256 3420 433 3492 aliqualiter
463 3421 618 3478 iusticiam
648 3418 749 3478 facere
780 3421 959 3493 neglexerit,
988 3435 1048 3478 non
1079 3420 1122 3477 hii
1151 3420 1201 3476 vel
1225 3421 1251 3478 is
1276 3427 1383 3478 contra

136 3539 201 3594 quos
222 3527 326 3599 agitur,
350 3542 458 3599 ymmo
481 3527 565 3584 idem
589 3527 681 3586 iudex
705 3544 759 3585 seu
781 3527 905 3584 villicus
929 3527 1009 3584 dicte
1032 3527 1164 3584 civitatis
1187 3525 1227 3583 ad
1246 3533 1384 3585 nostram

135 3633 308 3701 presenciam
332 3631 444 3690 debeat
467 3633 592 3691 evocari
622 3649 658 3690 eo
689 3632 779 3690 facto.
808 3633 845 3689 Et
874 3647 931 3689 nos
961 3632 1059 3690 dictos
1082 3631 1198 3690 'fideles
1223 3633 1306 3690 cives
1329 3648 1382 3690 no·

136 3741 203 3793 stros
225 3737 252 3795 in
274 3740 335 3796 iam
359 3739 442 3796 dicta
465 3740 607 3797 libertate
638 3738 861 3797 inviolabiliter
891 3753 1074 3796 conservare
1102 3738 1306 3810 intendamus
1331 3755 1384 3797 ve·

136 3845 187 3898 stre
206 3842 342 3902 fidelitati
365 3844 497 3902 firmiter
520 3845 720 3918 precipiendo
744 3844 928 3902 mandamus
959 3861 1015 3919 per
1042 3852 1207 3918 presentes,
1233 3853 1383 3918 quatenus

137 3946 208 4004 cives
228 3950 360 4023 predicte
383 3953 516 4009 civitatis
540 3957 642 4008 nostre
669 3957 699 4008 et
729 3951 768 4008 ad
799 3966 851 4008 eos
882 3953 1069 4026 pertinentes
1100 3952 1150 4008 vel
1180 3953 1317 4026 aliquem
1346 3969 1384 4010 ex

138 4051 238 4110 eisdem
260 4056 288 4112 in
310 4057 503 4128 quibuslibet
525 4057 624 4114 causis
648 4057 740 4113 motis
765 4062 794 4114 et
818 4056 979 4114 movendis
998 4062 1102 4114 contra
1119 4059 1282 4132 quospiam
1307 4059 1384 4117 iudi·

139 4171 198 4214 care
217 4161 387 4219 nullatenus
409 4161 555 4232 audeatis,
571 4161 625 4219 sed
642 4173 675 4220 ut
705 4163 902 4236 premittitur,
920 4163 1108 4234 quicumque
1131 4171 1236 4220 contra
1259 4163 1383 4222 eosdem

140 4261 182 4317 vel
202 4264 328 4336 aliquem
354 4283 392 4324 ex
416 4268 458 4324 eis
479 4268 634 4324 accionem
659 4268 831 4326 habuerint.
856 4268 885 4324 in
910 4269 1067 4340 presencia
1084 4268 1192 4325 iudicis
1212 4285 1263 4326 seu
1283 4269 1381 4326 villici

140 4366 260 4428 eiusdem
283 4375 413 4431 civitatis
437 4382 672 4448 prosequantur,
704 4376 758 4448 qui
782 4376 806 4432 si
830 4375 982 4433 iusticiam
1011 4375 1155 4447 cuiquam
1187 4391 1246 4432 non
1271 4365 1385 4446 fecerit,

141 4487 191 4530 non
212 4477 258 4546 bii,
281 4486 385 4537 contra
407 4496 485 4552 quos
509 4482 619 4552 agitur,
644 4480 697 4538 sed
728 4481 812 4538 idem
844 4479 936 4538 iudex
966 4496 1019 4536 seu
1051 4480 1183 4552 villicus,
1212 4481 1291 4538 sicut
1315 4497 1383 4554 pre-

142 4581 273 4652 scribitur,
292 4587 329 4644 ad
355 4595 490 4644 nostram
512 4589 703 4661 presenciam
719 4595 871 4645 evocetur.
889 4587 1005 4643 Datum
1022 4587 1052 4643 in
1068 4587 1253 4660 Vyssegrad,
1271 4594 1380 4661 quarta

144 4683 207 4744 teria
227 4693 362 4762 proxima
385 4699 455 4766 post
479 4692 593 4750 festum
613 4694 703 4751 beate
726 4696 824 4766 Agate
848 4692 978 4764 virginis
1001 4698 1030 4749 et
1055 4694 1197 4751 martiris.
1216 4695 1304 4751 Anno
1325 4693 1379 4752 do-

146 4793 209 4850 mini
231 4799 390 4856 millesimo
414 4801 627 4858 trecentesimo
651 4799 708 4856 XX
731 4801 847 4873 quint0.

220 4914 349 4980 Originale
369 4919 394 4966 in
414 4919 570 4968 membrana.
592 4919 615 4966 Α
635 4923 711 4982 tergo
731 4916 887 4981 impressum
907 4916 1026 4981 sigillum
1040 4916 1161 4980 deperiit.
1177 4917 1206 4965 In
1219 4917 1288 4965 arch.
1304 4919 1383 4967 Acad.

147 4994 225 5049 Scieot.
242 5003 336 5054 Slavor.
356 5005 448 5054 merid.
