3600 5804
385 577 422 635 92
762 560 834 616 Dee.
860 554 1080 636 106.107.—
1106 561 1161 618 An.
1187 541 1273 638 1317'.

474 753 495 802 E
514 752 586 802 libro
606 753 731 802 Statutor.
752 753 830 818 capit.
849 753 954 819 zagrab.
975 769 999 819 p.
1018 753 1064 803 111.
1081 769 1101 802 c.
1116 754 1146 802 V.
1167 755 1241 820 Joan.
1261 753 1376 803 lkaleic'.
1397 754 1466 803 Mon.
1489 754 1540 803 hist
1567 754 1644 818 episc

385 843 489 906 zagrab.
504 842 555 891 vol.
576 841 609 890 ΙΙ.
629 857 653 906 p.
674 843 785 906 88-89.

471 930 511 978 De
531 932 657 980 solvenda
670 931 776 979 marcha
796 931 901 996 poenali
923 947 971 996 pro
991 934 1169 997 perpetrando
1182 931 1335 991 homicidio,
1348 932 1375 981 in
1389 932 1450 982 libr.
1465 933 1588 982 Statutor.
1603 947 1643 980 ca-

384 1019 464 1084 pituli
483 1020 587 1084 zagrab.
608 1019 645 1068 ita
664 1019 820 1069 adnotatur:

472 1108 591 1156 Debetur
610 1107 693 1156 eciam
713 1107 823 1158 cuilibet
842 1108 1028 1158 archidiacono
1048 1124 1135 1158 marca
1153 1109 1256 1174 argenti
1270 1111 1311 1158 vel
1325 1110 1418 1159 saltem
1430 1109 1530 1158 usualis
1543 1113 1644 1157 monete

382 1197 514 1246 bonorum
526 1195 701 1254 ,denariorum
721 1201 805 1246 tamen
819 1198 852 1246 ad
871 1198 1011 1254 racionem,
1025 1199 1058 1246 de
1071 1198 1192 1260 quolibet
1205 1197 1344 1254 homicida,
1360 1197 1434 1247 iuxta
1448 1197 1645 1246 distinccionem

383 1283 479 1333 tactam
508 1285 534 1333 in
559 1290 677 1334 tenorem
704 1285 853 1334 litterarum
883 1287 982 1336 domini
1009 1286 1159 1352 Augustini.
1189 1293 1275 1336 sancte
1304 1287 1437 1338 memorie.
1458 1301 1510 1348 que
1528 1285 1591 1335 olim
1613 1286 1644 1334 ad

384 1387 512 1422 cameram
526 1372 627 1437 regiam
640 1374 819 1431 solvebantur,
830 1380 854 1424 et
866 1376 970 1424 demum
981 1391 1012 1423 ex
1027 1375 1172 1424 collacione
1186 1374 1260 1439 regia
1273 1375 1379 1424 devenit
1393 1375 1425 1423 ad
1440 1373 1644 1429 archidiaconos,

384 1462 411 1512 in
430 1462 504 1512 cuius
524 1462 706 1528 percepcionis
719 1463 881 1528 possessione
894 1463 1074 1514 archidiaconi
1089 1480 1136 1529 per
1150 1469 1233 1514 toturn
1248 1463 1385 1528 Hungaric
1398 1479 1510 1529 regnum
1523 1462 1645 1512 existunt.

490 1785 565 1832 Anno
589 1791 660 1840 1317.
975 1749 1063 1814 106.

385 1912 498 1968 Relatio
521 1911 626 1985 Rufini
646 1911 744 1967 nuntii
766 1919 864 1984 papae
880 1911 1032 1986 Joleannls
1055 1911 1159 1968 XXII.
1187 1910 1230 1966 ael
1243 1918 1345 1983 partes
1368 1910 1544 1982 Hungariae
1565 1910 1647 1967 messi

505 2025 564 2090 pro
586 2018 744 2074 collectione
758 2018 913 2091 fruetuum
926 2019 1021 2092 peritii
1041 2019 1115 2074 anni
1135 2017 1331 2092 beneficiorem
1355 2017 1527 2074 vacantium.

472 2177 505 2234 ln
530 2177 652 2235 civitate
676 2185 705 2235 et
727 2177 840 2236 diocesi
870 2180 1061 2252 zagrabiensi
1091 2179 1235 2237 dominus
1265 2179 1429 2252 episcopus
1458 2177 1528 2234 lecit
1553 2192 1645 2249 quen·

385 2281 456 2339 dam
481 2283 741 2341 subcollectorem
764 2290 793 2342 et
816 2301 873 2358 ego
897 2287 1043 2344 consensi.
1074 2286 1182 2343 Postea
1205 2285 1288 2342 idem
1316 2285 1480 2357 episcopus
1503 2283 1587 2340 venit
1607 2281 1646 2339 ad

385 2395 488 2461 partes
512 2389 592 2457 istaS,
617 2397 646 2446 et
669 2406 749 2446 nunc
771 2396 816 2448 est
839 2391 899 2461 ibi;
923 2406 980 2463 ego
1004 2397 1105 2448 tamen
1129 2407 1189 2448 non
1214 2391 1302 2464 potui
1325 2388 1425 2446 redire
1455 2386 1645 2460 Zagrabiam

384 2493 523 2551 intellexi
545 2499 657 2566 tamen,
681 2495 765 2568 quod
789 2497 894 2568 aliqua
917 2496 1066 2554 beneficia
1090 2503 1277 2554 vacaverunt
1297 2496 1340 2552 ibi
1355 2502 1385 2552 et
1401 2493 1502 2550 dictus
1523 2492 1645 2549 subcol-

385 2599 482 2656 lector
504 2601 598 2672 exigit
621 2607 742 2673 partem
765 2601 903 2659 debitam
928 2601 1054 2659 domino
1076 2608 1189 2672 nostr0‚
1214 2607 1306 2675 prout
1322 2601 1433 2674 accepi.
1452 2598 1540 2658 Unde
1564 2597 1646 2655 vide·

385 2711 471 2763 retur
492 2706 595 2775 michi,
619 2705 700 2778 quod
727 2708 899 2765 mitteretur
922 2723 980 2780 pro
1011 2706 1093 2765 dicto
1123 2709 1270 2780 episcopo
1292 2713 1323 2763 et
1346 2707 1557 2779 preciperetur
1580 2703 1644 2773 sibi,

385 2809 468 2884 quod
493 2810 641 2883 quicquid
664 2812 830 2869 collectum
853 2818 899 2869 est
921 2811 959 2869 de
984 2812 1135 2870 [ructibus
1158 2812 1342 2886 supradictis
1365 2813 1396 2868 in
1420 2810 1501 2867 dicta
1524 2809 1645 2879 diocesi,

386 2916 499 2974 faceret
522 2916 561 2974 ad
585 2918 703 2975 curiam
726 2917 891 2992 deportari.

473 3073 503 3118 Α.
525 3070 646 3120 Theiner.
667 3071 736 3120 Mon.
756 3072 845 3138 Huug.
865 3072 924 3121 hist.
945 3080 1005 3122 tom.
1025 3073 1045 3122 1.
1065 3088 1089 3138 p.
1108 3083 1167 3134 455.

975 3357 1060 3424 107.

491 3463 568 3511 Anno
591 3472 665 3521 1317,
685 3475 725 3526 29.
745 3463 903 3514 novembris.

408 3590 540 3647 Donabo
563 3591 699 3648 Lerdt'slae'
727 3593 756 3648 V.
781 3593 880 3665 Hung.
905 3600 951 3648 ele.
976 3592 1051 3663 regis
1073 3591 1207 3647 deterre
1225 3589 1332 3645 Kebe'la
1355 3588 1462 3644 civibus
1490 3585 1628 3644 Greclen-

580 3697 656 3754 sibus
670 3698 766 3772 saeta,
789 3717 808 3753 a
837 3698 942 3754 Carole
966 3698 1065 3770 Hung.
1089 3704 1135 3754 ele.
1159 3715 1233 3768 rege,
1255 3695 1448 3768 conflrmalur.

476 3857 610 3915 Karolus
633 3857 682 3915 dei
705 3859 810 3930 gracia
832 3859 998 3931 Hungarie,
1029 3857 1198 3926 Dalmacie‚
1230 3855 1365 3926 Croacie‚
1397 3855 1503 3926 Rame,
1532 3853 1640 3920 Seruie,

387 3961 527 4033 Gallicie,
551 3961 743 4034 Lodomerie,
767 3962 924 4034 Cumanie,
948 3964 1154 4038 Bulgarieque
1178 3979 1240 4021 rex.
1264 3963 1417 4020 Omnibus
1434 3961 1550 4018 Christi
1574 3959 1644 4016 fide·

386 4070 470 4126 libus
503 4070 698 4143 presencium
733 4071 878 4128 noticiam
910 4071 1061 4129 habituris
1092 4072 1225 4128 salutem
1254 4071 1286 4126 in
1316 4068 1457 4125 omnium
1486 4067 1642 4124 salvatore.

386 4175 437 4233 Ad
464 4179 680 4234 universorum
710 4178 856 4235 noticiam
887 4182 951 4235 tam
982 4179 1176 4251 presencium
1207 4190 1303 4249 quam
1333 4173 1511 4231 futurorum
1538 4173 1642 4230 harum
1742 4253 1743 4258 γ

387 4283 465 4340 serie
488 4283 635 4340 volumus
657 4284 828 4357 pervenire,
852 4283 935 4356 quod
959 4282 1063 4341 dilecti
1087 4288 1118 4340 et
1140 4281 1248 4339 fideles
1271 4281 1369 4338 nostri
1391 4279 1475 4336 cives
1491 4277 1530 4335 de
1546 4283 1643 4335 monte

387 4387 541 4460 Grecensi‚
565 4389 711 4446 comitem
733 4389 935 4462 Mycbaelem,
959 4389 1101 4447 villicum
1124 4403 1232 4445 eorum
1249 4385 1290 4444 ad
1305 4389 1442 4444 nostram
1458 4385 1643 4458 presenciam

386 4495 634 4566 transmittentes,
658 4511 715 4569 per
733 4511 804 4553 eum
826 4496 917 4553 nobis
940 4495 1079 4553 exhiberi
1103 4493 1239 4552 lecerunt
1266 4491 1416 4566 quasdam
1443 4490 1563 4548 litteras
1584 4487 1643 4546 Ste-

387 4600 481 4674 phani
506 4600 664 4674 quondam
686 4601 759 4659 bani
782 4603 840 4658 sub
863 4602 969 4674 sigillo
995 4601 1149 4675 pendenti,
1180 4607 1318 4657 tenorem
1348 4596 1505 4671 privilegii
1532 4593 1642 4653 domini

387 4706 525 4764 Ladizlai
548 4705 706 4779 quondam
727 4707 857 4764 illustris
880 4708 962 4780 regis
986 4707 1151 4779 Hungarie,
1176 4705 1274 4762 felicis
1297 4703 1456 4772 memorie,
1466 4700 1580 4780 xfratris
1595 4713 1642 4756 no·

387 4814 443 4870 stri
467 4813 627 4885 carissimi,
651 4829 745 4888 super
765 4818 848 4871 terra
870 4813 986 4870 Kobila
1001 4819 1118 4883 vocata,
1135 4811 1273 4880 confecti,
1296 4815 1326 4867 et
1349 4807 1557 4882 quarumdam
1575 4805 1641 4863 alia-

388 4934 458 4977 rum
482 4919 658 4978 litterarum
687 4925 816 4991 tenores,
845 4926 938 4993 prout
968 4920 1000 4976 in
1030 4917 1146 4976 eisdem
1177 4915 1304 4974 interius
1334 4913 1529 4988 exprimitur,
1556 4908 1642 4969 conti·

387 5031 502 5096 nentes
525 5030 663 5099 petentes
686 5041 704 5082 a
726 5026 816 5083 nobis
839 5039 912 5082 cum
934 5025 1068 5095 instacia,
1092 5027 1126 5080 ut
1148 5021 1273 5080 easdem
1296 5021 1415 5078 litteras
1430 5025 1513 5076 ratas
1536 5017 1641 5075 nabere
