3824 5806
681 511 754 569 Dor.
778 521 849 590 401.
876 545 913 556 -
938 511 994 570 An.
1019 521 1107 588 1397.

852 739 943 807 401.

368 900 445 948 Anno
467 905 541 962 1397,
564 906 585 948 t.
605 895 743 948 februarii.
762 897 916 964 Zagrabiae.

264 1044 402 1101 Debitus
424 1043 524 1100 Bubek
546 1043 638 1101 bonus
663 1062 685 1101 s.
708 1043 840 1101 Admirati
867 1043 901 1100 de
928 1041 1048 1117 Simagre
1077 1049 1242 1101 conventum
1272 1049 1346 1112 orat,
1376 1049 1531 1099 utcontra

257 1151 399 1225 facinora
427 1149 548 1224 quedam
575 1168 595 1205 a
617 1150 742 1223 capitulo
772 1149 888 1223 zagrob.
913 1151 942 1206 in
959 1150 1182 1224 possessionibus
1211 1148 1352 1220 Graloni,
1375 1149 1483 1206 Dedis‘i
1505 1155 1534 1205 ct

655 1257 819 1315 Crnomerci
833 1261 1003 1335 perpetratu
1025 1257 1162 1332 inquirat.

353 1420 469 1478 Amicis
502 1420 564 1477 suis
594 1420 780 1492 reverendis,
812 1421 977 1479 conventui
1006 1419 1134 1478 ecclesie
1164 1418 1532 1492 symigiensis,1)etricus

266 1525 382 1587 Bubelr.
405 1527 492 1598 regni
512 1525 674 1584 Selauonie
697 1527 804 1598 banus,
821 1527 995 1585 amiciciam
1010 1532 1152 1601 paratam
1168 1541 1239 1584 cum
1262 1526 1385 1583 honore.
1409 1524 1531 1581 Dicitur

264 1631 354 1689 nobis
377 1632 406 1688 in
433 1632 574 1706 personis
597 1631 715 1702 iudicis,
747 1633 920 1690 iuratorum
949 1639 978 1690 et
1008 1633 1226 1690 universorum
1257 1631 1373 1689 civium
1397 1630 1531 1688 civitatis

263 1737 379 1819 montis
403 1736 588 1794 Grechensis
612 1736 650 1794 de
673 1737 833 1810 Zagrabia,
864 1737 948 1811 quod
978 1739 1132 1822 Johannes
1164 1736 1293 1811 Crispus
1324 1735 1362 1793 de
1389 1734 1530 1803 Kemlek,

265 1840 433 1914 Gregorius
465 1842 650 1906 dubicensis
679 1843 834 1925 Johannes
865 1843 903 1900 de
932 1845 1088 1914 Vrbouch‚
1120 1842 1237 1914 Symon
1268 1841 1306 1899 de
1337 1840 1449 1912 Vaska,
1479 1841 1531 1922 Jo-

267 1948 381 2005 hannes
405 1948 603 2020 kathedralis,
628 1948 749 2006 Hincho
773 1951 969 2020 ehamensis,
993 1949 1168 2024 Stephanus
1183 1948 1389 2007 varasdiensis
1412 1953 1442 2004 et
1457 1945 1533 2004 Gre-

263 2031 369 2125 'gorius
392 2055 431 2111 de
455 2054 557 2126 Bexin‚
581 2053 805 2124 archidiaconi;
829 2055 902 2112 item
925 2057 1080 2138 Johannes
1103 2055 1268 2126 Lanceloti,
1293 2052 1474 2110 Benedictus
1490 2051 1529 2109 de

266 2161 413 2229 Monoslo,
437 2141 606 2233 Gregorius
639 2160 677 2218 de
711 2161 818 2232 Varas,
849 2161 996 2219 Nicolaus
1026 2167 1057 2218 et
1086 2163 1165 2218 alter
1196 2160 1349 2230 Nicolaus,
1373 2159 1534 2240 Huugari;

264 2267 415 2324 hlartinus
439 2282 577 2339 magnus,
610 2267 767 2324 Barnabas
798 2266 938 2340 Milonis,
968 2269 1148 2326 Benedictus
1180 2269 1295 2337 luanse,
1323 2266 1468 2324 Nicolaus
1492 2265 1531 2322 de

265 2371 387 2442 Kasina,
412 2371 556 2444 Thomas,
579 2388 677 2444 nepos
708 2372 852 2444 custodis,
883 2374 1004 2432 Blasius
1035 2381 1146 2446 custos
1171 2373 1337 2446 Dyonisius
1360 2372 1399 2430 de
1423 2371 1531 2440 Crisio,

265 2475 439 2551 Stephanus
464 2478 629 2550 Hungarus
653 2485 683 2536 et
706 2479 814 2537 Petrus
838 2480 951 2554 Crispi,
982 2481 1129 2550 canonici,
1161 2495 1268 2552 ymmo
1292 2484 1392 2536 totum
1415 2478 1532 2552 capitu·

266 2583 331 2640 lum
356 2585 483 2642 ecclesie
515 2585 722 2658 zagrabiensis
752 2587 891 2644 unanimi
907 2587 1052 2659 ⁸consilio
1082 2587 1162 2644 inter
1194 2587 1276 2660 ipsos
1308 2584 1398 2654 facto,
1423 2583 1481 2641 deo
1504 2590 1534 2640 et

265 2691 330 2747 eius
346 2691 467 2748 iusticia
482 2692 522 2748 ab
538 2691 637 2748 oculis
653 2707 761 2749 eorum
782 2693 970 2765 postpositis,
987 2692 1152 2765 dyabolica
1170 2693 1257 2749 arthe
1273 2691 1445 2764 instigante,
1462 2704 1532 2747 con·

266 2797 401 2868 gregatis
424 2795 576 2869 Gregorio
599 2797 743 2869 litteram,
768 2797 903 2856 officiale
927 2805 956 2855 et
982 2799 1135 2856 universis
1158 2796 1367 2854 familiaribus
1390 2812 1426 2853 ac
1449 2795 1534 2853 ioha-

266 2902 410 2974 gionibus
434 2902 574 2976 ipsorum
597 2902 637 2959 ad
661 2919 772 2961 sonum
795 2904 922 2962 maioris
947 2921 1096 2978 campane
1112 2919 1228 2974 eorum,
1244 2904 1389 2960 manibus
1405 2903 1532 2960 armatis

267 3014 296 3065 et
320 3009 516 3082 potenciariis
540 3023 628 3066 more
651 3010 755 3068 hostili
779 3009 856 3068 ieria
878 3011 1013 3068 secunda
1035 3012 1180 3084 proxima
1211 3015 1280 3067 ante
1314 3008 1427 3066 festum
1451 3008 1535 3066 beati

267 3113 387 3170 Thome
410 3113 552 3186 apostoli,
576 3130 656 3171 nunc
675 3116 833 3188 preterito,
851 3116 994 3174 universa
1010 3115 1186 3174 molendina
1204 3116 1346 3188 ipsorum
1369 3115 1485 3172 civium
1502 3115 1533 3172 in

266 3220 422 3278 territorio
445 3219 525 3278 dicte
548 3221 681 3279 civitatis
710 3223 816 3280 habita
847 3221 965 3280 destrui
996 3228 1026 3280 et
1057 3223 1218 3279 anichilari
1248 3237 1284 3278 ac
1313 3236 1423 3278 sexum
1446 3219 1535 3278 femi-

267 3341 360 3382 neum
390 3327 422 3383 in
453 3325 569 3383 eisdem
601 3307 788 3385 molendinis
818 3336 986 3402 repertum,
1011 3334 1222 3401 pregnantem,
1253 3342 1325 3384 cum
1356 3327 1534 3399 pectoribus

268 3447 420 3504 equorum
443 3432 482 3489 ad
507 3439 622 3490 terram
645 3432 729 3490 trudi
752 3441 782 3491 et
805 3434 943 3508 spoliari,
967 3449 1084 3492 necnon
1107 3432 1259 3506 quasdam
1284 3433 1375 3490 villas
1391 3433 1534 3507 ipsorum

268 3537 384 3595 civium
408 3537 560 3609 Grachan,
584 3538 702 3596 Dedich
731 3545 761 3596 et
792 3517 1027 3597 Churnomersh
1052 3545 1185 3608 vocatas,
1210 3538 1331 3612 penitus
1354 3539 1483 3612 spoliari
1505 3545 1536 3596 et

269 3621 436 3716 depredari
455 3659 490 3701 ac
514 3644 666 3718 quosdam
690 3645 868 3718 iobagiones
892 3661 1002 3702 eorum
1024 3645 1172 3715 mutilari,
1196 3651 1226 3702 et
1249 3645 1375 3718 insuper
1389 3646 1486 3703 noctis
1504 3647 1535 3702 in

268 3749 395 3808 silencio
417 3751 571 3823 plurimas
594 3751 721 3823 sagittas
743 3751 847 3822 igneas
878 3751 916 3808 ad
948 3752 1051 3824 ipsam
1079 3751 1235 3810 civitatem
1258 3751 1393 3823 sagitari,
1417 3766 1535 3809 necnon

268 3854 375 3927 plures
398 3855 480 3913 cives
503 3872 560 3930 per
582 3855 761 3913 huiusmodi
784 3857 862 3914 ictus
887 3858 1072 3930 sagittarum
1094 3856 1193 3929 rigide
1216 3857 1362 3914 wlnerari
1383 3855 1535 3925 fecissent,

269 3961 397 4034 propria
420 3962 560 4034 ipsorum
584 3962 724 4035 potencia
747 3963 909 4034 mediante,
935 3963 965 4020 in
982 3962 1187 4036 preludicium
1205 3963 1345 4036 ipsorum
1362 3962 1454 4019 valde
1470 3978 1535 4020 ma-

271 4081 384 4138 guum;
406 4067 460 4124 lite
484 4074 587 4124 tamen
610 4068 690 4125 inter
713 4069 797 4142 ipsos
818 4068 980 4142 pendente.
1004 4067 1104 4142 Super
1127 4082 1189 4141 quo
1205 4072 1342 4125 vestram
1362 4068 1535 4126 amiciciam

269 4173 465 4246 presentibus
496 4174 632 4248 petimus
663 4173 836 4245 diligenter,
867 4181 1018 4246 quatenus
1048 4178 1188 4232 vestrum
1218 4173 1347 4232 mittatis
1378 4173 1536 4232 hominem

269 4282 328 4349 pro
353 4277 528 4336 testimonio
552 4277 755 4350 fidedignum,
778 4294 840 4352 quo
862 4287 1004 4353 presente
1027 4280 1142 4337 Paulus
1166 4279 1218 4336 vel
1241 4279 1381 4350 Michael,
1397 4278 1455 4336 filii
1471 4280 1536 4336 Ma·

269 4382 333 4439 thei
356 4381 394 4439 de
417 4381 577 4452 hlikulich,
600 4390 653 4440 aut
676 4383 837 4442 Ladislaus
861 4401 914 4443 seu
936 4383 1091 4456 Nicolaus,
1115 4383 1199 4442 filius
1224 4383 1343 4441 Nicolai
1360 4383 1398 4441 de
1417 4377 1534 4462 (sancto

270 4479 417 4565 Geor)gio
440 4469 509 4546 aliis
530 4489 718 4560 absentibus,
741 4491 836 4547 homo
866 4495 978 4562 noster,
1010 4491 1124 4562 quibus
1155 4489 1315 4560 incumbit,
1346 4504 1465 4546 meram
1497 4488 1536 4546 de

269 4593 430 4667 premissis
464 4601 670 4668 expereantur
703 4597 874 4667 veritatem,
914 4611 1009 4669 quam
1039 4595 1164 4653 tandem
1202 4595 1291 4652 nobis
1330 4595 1537 4652 amicabiliter

269 4699 453 4757 rescribatis.
476 4700 592 4758 Datum
615 4700 773 4774 Zagrabie,
797 4703 829 4760 in
850 4702 960 4775 vigilia
983 4701 1053 4760 festi
1076 4700 1303 4776 purificacionis
1324 4701 1454 4773 virginis
1469 4701 1536 4772 glo-

270 4805 358 4863 riose.
381 4807 471 4863 Anno
494 4806 613 4865 domini
636 4807 746 4865 MCCC
770 4809 969 4880 nonagesimo
991 4808 1132 4882 septimo

359 4958 381 5007 Ε
399 4963 564 5024 transumpto
584 4965 726 5010 conventus
745 4976 764 5010 s.
783 4959 876 5025 Egidii
896 4961 929 5008 de
947 4959 1076 5026 Symigi0‚
1095 4964 1124 5009 ut
1143 4957 1218 5008 infra.
