3782 5812
389 525 405 582 8
831 526 906 582 Doc.
932 519 976 580 1‘1.
1007 559 1043 566 -
1070 526 1127 584 An
1152 539 1236 602 J231.

389 723 501 781 onibus
524 731 554 781 et
577 729 700 793 metent,
725 739 780 780 nos
796 723 899 780 sobrie
916 724 1038 797 operari
1055 722 1271 793 desiderantes,
1289 724 1455 782 salubriter
1471 723 1661 780 attendendo

388 835 492 888 eterna
523 845 582 904 pro
612 830 838 904 temporalibus
869 829 1012 902 adipisci,
1044 833 1214 903 proventus
1245 829 1437 886 decimarum
1471 834 1660 896 nostrarum,

387 935 507 992 cuttelli
539 935 655 993 scilicet
686 935 893 1007 zagrabiensis
925 935 1079 1008 parochie,
1111 935 1327 1009 provenientes
1351 935 1379 992 in
1413 934 1563 1005 denariis,
1599 936 1660 992 biis

387 1041 491 1098 solum
522 1041 668 1113 exceptis,
692 1057 752 1112 que
781 1039 820 1097 ad
855 1041 1020 1098 cellarium
1043 1047 1184 1098 nostrum
1207 1041 1308 1097 solent
1339 1039 1491 1114 deputari,
1522 1040 1660 1097 scilicet:

387 1145 551 1218 frumento,
583 1162 689 1216 avena,
720 1163 797 1216 cera,
829 1146 932 1216 melle,
964 1147 1036 1216 lion,
1067 1145 1156 1216 fabis,
1188 1146 1276 1218 agnis
1307 1155 1337 1203 et
1366 1146 1507 1215 nucibus,
1538 1161 1658 1203 necnon

387 1268 448 1309 uno
473 1251 590 1310 fertone
615 1253 792 1310 cancellarii
814 1259 844 1308 et
867 1268 927 1310 una
952 1267 1057 1310 marca
1082 1244 1229 1326 pincerne
1243 1253 1347 1322 nostri,
1366 1251 1488 1309 dilectis
1505 1251 1654 1310 fratribus

387 1359 500 1416 nostris
524 1359 661 1432 capitulo
684 1358 877 1430 zagrabiensi
900 1359 983 1415 licite
1007 1374 1042 1416 ac
1059 1359 1233 1416 liberaliter
1249 1374 1307 1432 pro
1324 1359 1431 1432 cappis
1447 1359 1511 1414 suis
1526 1359 1659 1430 singulis

387 1465 473 1521 annis
511 1463 698 1521 renovandis
732 1465 939 1520 concessimus
975 1473 1127 1539 perpetuo
1161 1463 1385 1538 percipiendos
1421 1463 1659 1521 Considerantes

387 1571 485 1628 eciam
517 1568 772 1627 insufficienciam
800 1577 830 1627 et
853 1569 1009 1628 deiectum
1033 1569 1274 1628 cottidianorum
1299 1571 1437 1626 victuum
1468 1585 1584 1641 eorum,
1619 1587 1658 1627 ne

386 1682 516 1750 propter
546 1674 719 1733 mendicata
749 1676 897 1748 suffragia
928 1683 1113 1749 cogerentur
1140 1675 1260 1748 aliquid
1294 1675 1332 1732 de
1363 1675 1476 1733 divinis
1505 1677 1658 1746 omittere,

385 1781 425 1840 ad
453 1797 562 1839 eorum
592 1797 696 1839 mense
728 1783 1014 1854 augmentacionem
1045 1783 1180 1840 decimas
1203 1781 1241 1838 de
1264 1781 1402 1853 Gerena,
1434 1782 1570 1857 exceptis
1593 1783 1659 1839 illis

387 1888 564 1946 accessoriis
588 1887 789 1958 decimarum,
823 1905 883 1961 que
918 1889 1005 1961 prius
1034 1890 1277 1959 numeravimus,
1310 1904 1426 1946 necnon
1457 1897 1486 1945 et
1510 1887 1659 1945 ducentos

386 2011 498 2070 porcos
520 2001 549 2051 et
574 1994 721 2052 ducentos
745 1997 876 2053 cubulos
900 1997 964 2052 vini
989 1995 1027 2052 de
1052 1996 1180 2053 cellario
1203 1995 1395 2066 zagrabiensi
1411 1994 1528 2051 eisdem
1545 1995 1658 2052 libera·

386 2103 457 2159 liter
480 2102 668 2158 contulimus
692 2103 722 2158 in
745 2110 940 2176 perpetuum.
966 2102 1112 2175 Amplius
1136 2117 1207 2158 cum
1231 2102 1259 2157 in
1277 2100 1371 2158 domo
1388 2100 1506 2158 domini
1523 2101 1659 2158 servien-

387 2208 469 2264 tibus
493 2207 613 2264 salubri
636 2208 752 2264 solacio
775 2206 945 2266 debeamus
969 2209 1144 2277 subvenire,
1169 2207 1309 2280 ipsorum
1333 2207 1471 2280 inopiam
1498 2208 1527 2264 in
1546 2208 1658 2264 melius

387 2312 581 2371 emendando
605 2329 640 2370 eo
665 2313 747 2385 quod
772 2329 833 2370 non
857 2315 1024 2372 habuerint
1048 2314 1225 2370 habitacula
1249 2315 1434 2382 communia,
1456 2315 1487 2371 in
1510 2329 1571 2386 qua
1586 2329 1658 2370 con·

387 2421 545 2478 venientes
569 2419 607 2476 ad
632 2419 738 2477 divina
760 2419 863 2476 officia
882 2421 912 2477 in
937 2419 1031 2478 domo
1055 2419 1174 2477 domini
1198 2419 1378 2492 expedicius
1396 2420 1515 2492 possint
1531 2434 1658 2476 concur-

387 2541 463 2597 rere,
494 2527 611 2583 curiam
644 2533 781 2583 nostram
813 2534 843 2582 et
876 2542 983 2584 omnes
1015 2525 1125 2583 domos
1156 2527 1186 2582 in
1210 2525 1319 2582 eadem
1343 2525 1507 2582 existentes
1539 2524 1658 2582 eisdem

390 2640 542 2706 perpetuo
581 2633 768 2689 contulimus
806 2631 1041 2702 inhabitandas,
1081 2639 1113 2689 ut
1152 2632 1288 2705 amplius
1328 2631 1478 2688 distancia
1516 2631 1658 2688 locorum

387 2738 540 2795 voluntati
565 2739 705 2812 ipsorum
728 2739 921 2795 occasionem
943 2739 1158 2812 impedimenti
1182 2747 1314 2809 nequeat
1338 2738 1521 2806 ministrare,
1550 2735 1603 2793 sed
1627 2737 1658 2793 in

387 2858 484 2901 unum
516 2844 731 2900 convenientes
761 2844 886 2900 valeant
920 2845 1087 2902 salubriter
1120 2843 1322 2900 cottidianum
1356 2842 1496 2900 osticium
1531 2842 1659 2899 domino

390 2949 562 3006 decantare.
586 2949 628 3007 Ut
651 2949 746 3022 igitur
762 2948 891 3008 donacio
911 2957 1014 3007 nostre
1030 2950 1226 3006 liberalitatis
1243 2954 1383 3006 eternum
1400 2950 1497 3005 robur
1512 2949 1658 3018 obtineat,

388 3057 418 3112 in
453 3062 671 3129 argumentum
703 3055 777 3113 fidei
800 3056 918 3112 litteras
943 3057 1149 3113 concessimus
1173 3055 1343 3128 patrocinio
1367 3055 1464 3127 sigilli
1488 3054 1658 3111 roboratas.

389 3161 478 3218 Anno
514 3162 554 3218 ab
589 3161 800 3218 incarnacione
831 3159 950 3218 domini
984 3161 1192 3220 llCCXXVll.
1216 3162 1419 3236 Episcopatus
1450 3160 1545 3218 nostri
1577 3176 1658 3217 anno

389 3267 532 3324 secundo.

475 3418 615 3485 Originale
634 3420 721 3484 periit.
747 3419 953 3486 Transumptum
975 3437 989 3470 e
1010 3423 1084 3470 bulla
1110 3423 1196 3486 Papae
1222 3422 1348 3487 Gregorii
1369 3421 1417 3471 IX.
1437 3423 1470 3471 de
1489 3436 1556 3470 anno
1581 3429 1655 3475 1227.

387 3513 537 3557 asservatur
558 3507 584 3557 in
604 3507 713 3558 archivo
733 3509 810 3573 capit.
831 3510 936 3575 zagrab.
956 3509 1016 3560 [asc.
1040 3519 1059 3559 1.
1081 3526 1118 3559 nr.
1138 3520 1179 3570 41.
1200 3510 1284 3576 Typis
1303 3510 1424 3575 vulgavit
1442 3511 1516 3575 Joan.
1537 3508 1656 3558 Tkaleie.

388 3595 458 3645 Mon.
477 3596 537 3646 hist.
557 3597 635 3662 episc.
656 3598 759 3662 zagrab.
781 3599 831 3648 vol.
849 3597 869 3647 1.
890 3614 915 3663 p.
936 3601 975 3656 58.
996 3601 1048 3648 vol.
1069 3598 1102 3648 ll.
1124 3615 1147 3663 p.
1171 3601 1211 3649 88.

994 3902 1045 3966 11.

492 3951 540 4000 An.
563 3960 637 4008 1231.

387 4076 521 4133 Andreas
544 4077 586 4134 IL
610 4078 769 4152 Hungaric
791 4089 837 4137 etc.
862 4099 924 4149 rex,
954 4081 1087 4149 Thomac,
1104 4081 1173 4155 filio
1196 4083 1310 4138 comitis
1332 4081 1516 4151 Machariae,
1538 4090 1660 4156 propter

381 4183 540 4257 fidelitates
562 4201 639 4253 suas,
663 4193 786 4258 praeter
807 4187 885 4244 alt'as
903 4188 1099 4260 possessiones,
1123 4188 1236 4262 confert
1256 4195 1363 4243 terram
1387 4205 1448 4244 cum
1471 4189 1556 4250 silon.
1584 4207 1659 4262 quae

681 4293 813 4366 fuerant
834 4294 901 4349 olim
917 4295 1096 4366 piscatorum
1119 4291 1357 4366 zagrobiensium.

478 4451 617 4510 Andreas
640 4453 690 4512 dei
712 4457 816 4527 gracia
840 4472 892 4512 rex
917 4457 1076 4529 Hungarie
1099 4465 1146 4514 etc
1149 4503 1314 4514 ........
1339 4456 1536 4514 Contulimus
1559 4459 1657 4514 eciam

388 4560 416 4617 ei
446 4559 542 4616 aliam
572 4566 689 4618 terram
712 4577 783 4618 cum
807 4562 895 4632 silva,
920 4579 980 4635 que
1003 4562 1061 4621 fuit
1084 4564 1272 4637 piscatorum
1297 4561 1335 4619 de
1356 4561 1517 4634 Zagrabia.
1555 4563 1658 4620 Prima

387 4669 471 4722 meta
503 4665 593 4723 huius
616 4673 697 4724 terre
720 4667 828 4740 incipit
851 4667 889 4725 de
913 4669 1013 4739 Odra,
1045 4669 1098 4726 ubi
1122 4669 1205 4726 cadit
1227 4669 1389 4740 Ribnycha
1413 4667 1443 4724 in
1466 4666 1599 4736 Odram,
1628 4677 1658 4724 et

387 4771 472 4828 venit
493 4771 636 4844 superius
658 4787 751 4845 super
774 4772 968 4845 Ribnycham
992 4773 1029 4830 ad
1056 4773 1218 4830 Timenera
1244 4775 1352 4842 mlaca,
1377 4781 1407 4830 et
1429 4771 1468 4828 de
1492 4771 1656 4829 Timenera

388 4876 490 4933 mlaca
521 4877 606 4934 venit
636 4878 666 4934 in
697 4877 838 4950 Zawam,
871 4887 901 4936 et
933 4879 971 4936 de
1000 4879 1092 4937 Zaira
1122 4879 1278 4937 descendit
1304 4878 1431 4936 inferius
1454 4879 1509 4934 ubi
1532 4879 1595 4934 exit
1618 4876 1657 4934 de

388 4979 480 5039 Zawa
510 4981 640 5040 Netusla
670 4983 791 5052 mlalra‚
823 4985 861 5042 de
891 4985 1019 5043 Netusla
1050 4985 1155 5042 mlalra
1185 4984 1272 5042 vadit
1302 4985 1332 5041 in
1360 4982 1532 5054 Chymich,
1564 4989 1595 5039 et
1618 4981 1657 5039 de
