3600 5804
722 611 795 667 Doe.
821 625 887 668 ror.
912 624 979 668 roe.
999 644 1035 650 —
1054 611 1110 667 An.
1135 625 1344 688 1513-1514.

984 804 1065 869 101.

501 927 577 975 Anno
600 935 672 984 1313.
693 935 733 982 27.
753 927 834 993 Junii.
856 926 1106 990 Quinquceeclesiis.

403 1036 565 1110 Capitulum
590 1035 881 1110 Quinqueecclesnnse
894 1045 985 1114 pacta
1005 1038 1111 1095 rietter'tu
1126 1039 1216 1095 castri
1228 1038 1356 1096 elledoed
1374 1039 1458 1106 ine'tu,
1480 1044 1548 1094 rato
1571 1037 1660 1092 habet.

487 1179 551 1236 Nos
574 1180 746 1253 capitulum
771 1179 1107 1253 Quinqueeeclesiensis
1131 1183 1266 1240 ecclesie.
1292 1183 1440 1240 Memoria
1464 1179 1661 1238 commenda·

399 1302 476 1356 mus,
500 1285 707 1358 significantes
731 1287 844 1359 quibus
867 1286 1001 1360 expedit,
1021 1290 1216 1361 presencium
1234 1305 1290 1362 per
1306 1295 1450 1345 tenorem.
1475 1286 1565 1359 Quod
1584 1301 1661 1342 anno

397 1391 516 1450 domiui
540 1391 708 1450 millesimo
732 1393 947 1450 tercentesimo
971 1391 1092 1450 decimo
1116 1395 1219 1464 tercio,
1244 1395 1278 1451 V.
1296 1392 1443 1451 kalendas
1468 1393 1553 1476 Julii.
1577 1407 1661 1448 reve-

397 1498 511 1556 rendus
531 1503 561 1554 et
578 1497 728 1555 discretus
743 1499 793 1556 vir
808 1499 956 1570 magister
972 1499 1161 1570 DominicuS,
1178 1505 1280 1556 eustos
1297 1499 1423 1556 ecclesie
1448 1497 1661 1570 zagrabiensis.

397 1604 526 1661 nuncius
549 1607 578 1660 et
601 1608 784 1676 procurator
806 1603 944 1662 eiusdem
975 1605 1103 1662 ecclesie
1127 1605 1267 1662 exhibuit
1291 1605 1381 1662 nobis
1404 1605 1543 1662 litteram
1567 1605 1662 1677 ipsius

398 1709 527 1782 capituli
542 1709 573 1767 in
597 1709 652 1767 hee
675 1710 788 1767 verba:
812 1703 886 1786 (vid.
910 1727 954 1768 nr.
975 1727 1043 1767 100.
1060 1709 1098 1768 de
1115 1725 1194 1768 anno
1215 1725 1305 1783 1313,
1325 1725 1372 1782 23.
1388 1703 1492 1792 Junii).
1516 1709 1661 1766 Exhibuit

399 1816 497 1872 eciam
509 1814 586 1873 alias
597 1814 715 1873 litteras
727 1815 884 1888 magnifici
897 1817 956 1874 viri
969 1815 1116 1890 Stephani
1131 1817 1202 1873 bani
1215 1817 1312 1874 tocius
1321 1815 1492 1883 Sclauonie,
1508 1830 1577 1872 cum
1592 1831 1662 1888 pen·

400 1922 483 1980 denti
507 1922 619 1994 sigillo
643 1927 782 1980 tenorem
805 1923 983 1982 huiusmodi
999 1924 1202 1981 continentes:
1220 1917 1294 2000 (vid.
1311 1939 1356 1980 ur.
1373 1939 1422 1997 99.
1439 1921 1478 1979 de
1494 1937 1540 1979 an.
1562 1913 1661 1994 1313.)

402 2028 464 2085 Nos
485 2029 580 2100 igitur
602 2027 641 2086 ad
665 2027 777 2086 iustam
809 2034 838 2086 et
869 2030 1054 2101 legittimam
1085 2030 1269 2103 peticionem
1302 2027 1441 2086 eiusdem
1473 2027 1661 2085 honorabilis

401 2134 530 2208 capituli
553 2135 681 2192 ecclesie
702 2137 916 2207 zagrabiensis‚
934 2141 1053 2193 tenores
1078 2133 1287 2208 predictarum
1307 2135 1482 2192 litterarum
1506 2131 1545 2190 de
1568 2132 1661 2188 verbo

402 2238 440 2295 ad
466 2239 597 2297 verbum
621 2241 816 2313 presentibus
839 2241 931 2298 inseri
964 2240 1094 2298 tacimus
1125 2245 1155 2297 et
1185 2241 1291 2312 sigillo
1320 2245 1424 2298 nostro
1448 2239 1559 2296 maiori
1582 2251 1661 2294 com·

400 2346 522 2402 muniri.
545 2345 664 2404 Datum
686 2345 736 2404 die
760 2353 789 2404 et
812 2362 891 2404 anuo
915 2347 1091 2420 prenotatis.

489 2462 608 2512 Farlatti.
628 2462 695 2513 Illir.
715 2478 780 2514 sacr.
802 2469 862 2514 tom.
883 2464 914 2512 V.
935 2481 959 2530 p.
980 2465 1037 2526 308.
1057 2466 1131 2530 Joan.
1158 2464 1324 2528 Kukuljenic'.
1348 2463 1436 2514 Arkic
1457 2479 1486 2512 ra
1506 2463 1609 2528 poviest
1624 2463 1661 2526 jn·

397 2551 463 2614 gosl.
483 2549 530 2600 111.
551 2565 575 2616 p.
596 2552 637 2609 83.

989 2677 1074 2743 102.

504 2799 580 2848 Anno
601 2807 675 2860 1314,
695 2809 736 2848 21.
756 2800 886 2849 decembr.
907 2799 1044 2850 Montiliis.

426 2907 551 2964 Clemens
565 2917 650 2982 papo
683 2909 711 2966 V.
734 2911 859 2984 episeopo
882 2911 997 2984 zergrub.
1021 2911 1193 2985 Augustino,
1215 2919 1314 2968 corctrc
1338 2911 1492 2967 detentores
1514 2918 1541 2966 et
1563 2927 1638 2966 oecu-

631 3023 750 3089 putores
772 3016 908 3073 bonorum
932 3019 992 3073 eccl.
1016 3023 1227 3075 conservatores
1249 3017 1419 3074 denominat.

487 3142 630 3200 Clemens
646 3143 808 3216 episcopus
824 3158 933 3201 servus
948 3159 1110 3202 servorum
1131 3145 1188 3202 dei.
1206 3144 1445 3202 Venerabilibus
1470 3143 1660 3200 iratribus...

397 3249 630 3321 archiepiscopo
648 3247 784 3306 ladrensi
807 3265 842 3306 ac
859 3248 1008 3307 Gurcensi
1024 3257 1054 3307 et
1069 3249 1391 3324 Quinqueecclesiensi
1407 3249 1569 3322 episcopis,
1586 3249 1661 3306 salu·

398 3361 460 3410 tem
477 3363 506 3410 et
523 3354 727 3426 apostolicam
745 3353 997 3412 benedictionem.
1015 3355 1064 3413 Ad
1081 3357 1139 3413 hoc
1155 3371 1210 3413 nos
1227 3355 1302 3413 deus
1319 3356 1450 3430 protulit
1466 3356 1497 3412 in
1514 3354 1661 3412 familiam

398 3460 509 3517 domus
532 3475 594 3530 sue,
618 3465 652 3516 ut
675 3467 851 3533 opportuna
873 3461 1003 3533 singulis
1020 3463 1207 3535 provisionis
1237 3463 1354 3519 auxilia
1384 3461 1486 3518 fidelis
1510 3460 1661 3518 servitutis

399 3567 531 3623 iniuncte
548 3565 712 3639 prudentia
728 3580 787 3638 pro
803 3573 943 3640 tempore
960 3566 1179 3640 dispensantes,
1200 3582 1307 3624 eorum
1324 3568 1488 3641 presertim
1505 3566 1661 3624 necessita·

401 3673 484 3730 tibus
496 3671 699 3742 intendamus,
712 3687 912 3731 occurramus
928 3673 1106 3747 dispendiis,
1124 3675 1269 3747 ipsosque
1285 3674 1325 3732 ab
1342 3674 1597 3747 oppressionibus
1618 3689 1660 3729 re

400 3779 549 3850 levemus,
580 3778 634 3851 qui
657 3780 809 3851 assumpti
832 3779 862 3836 in
878 3785 999 3853 partem
1023 3779 1242 3838 sollicitudinis
1265 3780 1395 3854 potioris
1414 3785 1485 3836 sunt
1509 3778 1661 3852 dignitatis

399 3885 490 3942 titulo
513 3885 656 3957 insigniti.
681 3882 760 3942 Sane
783 3886 970 3943 venerabilis
990 3885 1093 3943 fratris
1117 3887 1213 3944 nostri
1229 3886 1393 3960 Augustini
1416 3885 1557 3958 episcopi
1579 3899 1661 3955 zaga-

401 3991 531 4047 briensis
547 3990 765 4063 conquestione
781 3991 986 4064 percepimus,
1003 3990 1086 4064 quod
1102 3991 1245 4049 nonnulli
1260 3991 1365 4048 clerici
1381 3990 1535 4048 seculares
1552 3996 1581 4047 et
1595 3989 1661 4047 reli-

399 4097 486 4169 giosi,
509 4112 565 4153 nec
587 4112 647 4153 non
672 4096 873 4167 marchiones
897 4096 997 4168 duces,
1019 4098 1155 4168 comites,
1179 4097 1319 4168 barones,
1343 4096 1464 4154 nobiles
1479 4101 1510 4152 et
1526 4097 1580 4153 alii
1595 4095 1660 4152 laici

400 4202 532 4260 civitatis
555 4208 586 4259 et
605 4200 735 4260 diocesis
752 4203 959 4274 zagabriensis
983 4210 1013 4261 et
1035 4204 1171 4276 partium
1187 4203 1360 4260 vicinarum
1383 4217 1482 4276 nuper
1498 4215 1662 4274 occupave-

400 4315 471 4365 runt
494 4313 524 4364 et
545 4309 690 4381 occupari
715 4307 852 4365 fecerunt
867 4313 974 4379 castra,
991 4309 1093 4380 villas,
1110 4315 1215 4380 terras,
1240 4309 1455 4382 possessiones
1480 4307 1617 4364 redditus
1635 4311 1662 4360 et

400 4418 578 4488 proventus,
596 4413 821 4472 iurisdictiones
844 4419 874 4471 et
889 4415 957 4471 iura
972 4430 1007 4472 ac
1024 4415 1172 4472 nonnulla
1188 4415 1249 4472 alia
1265 4415 1348 4472 bona
1363 4413 1540 4471 immobilia
1556 4419 1585 4470 et
1601 4425 1661 4468 mo-

401 4519 477 4577 bilia
500 4518 539 4577 ad
563 4533 701 4576 mensam
723 4519 933 4594 episcopalem
960 4520 1192 4593 zagabriensem
1215 4521 1391 4594 spectantia,
1421 4525 1451 4576 et
1474 4534 1510 4576 ea
1533 4519 1662 4576 detinent

401 4629 559 4698 occupata,
576 4641 629 4683 seu
660 4624 839 4683 huiusmodi
870 4625 1077 4683 detinentibus
1108 4632 1245 4701 prestant
1276 4626 1427 4684 auxilium
1457 4633 1486 4682 et
1518 4624 1660 4691 favorem,

403 4731 549 4806 quodque
573 4733 720 4804 inhibent,
745 4734 909 4791 neoterici
933 4735 1198 4806 ecclesiasticaque
1221 4748 1351 4807 persone
1366 4748 1401 4789 ac
1417 4731 1510 4788 vidue
1534 4731 1584 4788 vel
1606 4729 1661 4788 alie

403 4839 596 4896 miserabiles
619 4853 757 4912 persone,
782 4839 895 4911 quibus
918 4840 987 4896 iura
1009 4838 1218 4898 defensionem
1235 4839 1405 4912 spiritualis
1421 4836 1526 4894 iudicii
1548 4835 1661 4894 favora-

404 4945 509 5003 biliter
525 4952 747 5015 concesserunt,
764 4945 898 5003 habeant
913 4945 953 5002 ad
969 4945 1086 5003 dictum
1103 4945 1252 5003 iudicium
1268 4943 1428 5018 spirituale
1444 4957 1611 5010 recursum,
1629 4954 1661 4995 ac

405 5067 443 5108 ne
459 5049 542 5108 idem
558 5051 721 5125 episcopus
744 5051 923 5109 molendina
946 5059 976 5109 et
998 5051 1061 5108 alia
1083 5052 1171 5110 utilia
1195 5049 1315 5108 edificia
1337 5050 1368 5107 in
1390 5049 1467 5106 locis
1490 5047 1529 5106 ad
1553 5047 1659 5104 dictam
