3824 5806
682 578 755 635 Doc.
774 573 909 660 3⁶⁰5-
935 579 990 635 An.
1015 591 1104 655 1592.
1464 599 1525 658 339

1154 686 1263 694 —-

263 775 349 847 polia
372 781 401 832 et
423 774 537 848 Ztruga
560 776 728 849 appellato,
753 777 958 834 iuramentum
983 779 1144 850 corporale
1168 780 1198 836 in
1222 781 1339 837 octavis
1356 779 1425 838 festi
1442 783 1526 854 puri·

262 879 418 938 ficacionis
444 881 579 953 gloriose
610 881 740 953 virginis
770 898 850 938 nuno
880 884 1001 940 venturi
1024 885 1055 940 in
1079 884 1160 941 dicta
1183 887 1372 956 zagrabiensi
1396 887 1524 944 ecclesia

262 1001 368 1043 coram
400 987 576 1044 testimonio
608 987 937 1059 quinqueecclesiensis
970 990 1098 1062 capituli
1134 990 1381 1048 adiudicavimus
1411 999 1441 1048 et
1472 1008 1528 1066 per

263 1097 420 1165 presentes
443 1091 656 1149 adiudicamus
681 1091 747 1148 fore
771 1093 884 1166 deponi
908 1094 1063 1164 deberent,
1087 1097 1142 1153 tali
1162 1096 1307 1154 videlicet
1324 1097 1426 1165 modo,
1443 1097 1526 1170 quod

262 1197 323 1255 duo
347 1215 385 1255 err
409 1199 477 1270 ipso
500 1199 638 1272 capitulo
661 1199 691 1254 in
716 1198 926 1270 dignitatibus,
950 1207 1058 1274 postea
1081 1209 1110 1258 et
1134 1203 1187 1259 alii
1211 1201 1273 1259 duo
1297 1204 1454 1276 simplices
1478 1220 1527 1260 ca-

262 1303 363 1360 nonici
386 1303 577 1376 prebendati,
601 1320 639 1360 ex
663 1304 731 1376 ipso
753 1306 890 1376 capitulo
914 1313 1047 1378 quatuor
1071 1308 1210 1380 ipsorum
1234 1324 1363 1364 numero
1388 1325 1526 1382 persone,

262 1411 338 1467 hora
359 1410 524 1467 terciarum
557 1426 668 1482 magne
692 1411 785 1468 misse
809 1412 838 1468 in
863 1413 958 1469 choro
981 1414 1195 1486 superpeliciis
1221 1414 1319 1471 induti
1343 1421 1373 1472 et
1396 1396 1523 1472 stollam

262 1517 292 1572 in
316 1517 397 1574 collo
420 1523 451 1572 et
474 1518 617 1574 manibus
639 1523 793 1589 gestantes
816 1525 845 1574 et
868 1519 897 1575 in
922 1519 1022 1576 stallis
1047 1521 1182 1593 propriis
1206 1537 1299 1594 super
1322 1522 1440 1578 eisdem
1473 1521 1525 1579 de·

261 1623 350 1679 cimis
370 1623 408 1679 de
434 1623 619 1680 Dauidowcz
643 1640 678 1680 ac
701 1631 784 1681 recta
807 1630 836 1680 et
853 1625 955 1698 equali
973 1625 1138 1682 medietate
1158 1625 1349 1683 decimarum
1373 1626 1525 1683 devincis

262 1729 408 1786 territorii
424 1730 482 1786 vici
508 1729 703 1794 Latinorum:
727 1746 821 1804 super
844 1731 962 1803 campis
986 1737 1097 1799 autern,
1122 1732 1211 1788 terris
1241 1731 1457 1805 Bokanapolye
1472 1725 1526 1810 (et)

261 1834 374 1907 Ztruga
398 1836 515 1892 vocatis
535 1837 565 1892 in
582 1836 658 1892 sacie
675 1837 813 1892 eiusdem
830 1844 910 1892 terre
927 1835 1151 1908 Bokanapolye,
1169 1844 1277 1893 vocate
1293 1838 1389 1894 semel
1406 1845 1525 1894 tantum

262 1941 364 2012 quoad
388 1942 497 1998 ambas
514 1943 682 2015 particulas
705 1947 857 1998 terrarum
882 1941 1090 2014 predictarum
1114 1942 1230 2000 eisdem
1254 1943 1389 2000 dominis
1416 1943 1454 2000 de
1477 1960 1525 2000 ca·

262 2048 362 2120 pitulo
378 2048 483 2104 valere
507 2054 536 2104 et
551 2049 716 2120 suffragari
733 2063 851 2120 proed,
868 2048 941 2120 quia
967 2063 1028 2104 uno
1045 2054 1074 2104 et
1094 2048 1202 2104 eodem
1220 2048 1270 2104 die
1286 2064 1379 2121 super
1395 2057 1526 2122 utraque

263 2154 414 2226 particula
436 2161 589 2210 terrarum
613 2153 823 2227 predictarum
846 2154 1178 2226 ipsum‘iuramentum
1204 2153 1366 2211 commode
1390 2161 1527 2227 prestare

262 2267 292 2314 et
313 2258 468 2331 deponere
491 2274 551 2316 non
575 2265 708 2332 possent,
732 2260 1001 2331 iuramentumque
1025 2265 1157 2331 quatuor
1180 2260 1290 2316 talium
1314 2276 1527 2333 personarum,

263 2364 397 2438 prefatas
428 2365 597 2438 particulas
629 2369 711 2420 terre
742 2369 871 2436 propter
901 2365 1039 2437 ipsarum
1071 2366 1279 2438 exiguitatem,
1312 2372 1413 2438 potest
1444 2367 1527 2423 licite

262 2470 531 2543 comprehendere.
556 2468 706 2528 Similiter
730 2469 791 2526 duo
815 2471 845 2526 in
869 2469 1071 2541 dignitatibus
1089 2471 1180 2544 positi
1198 2477 1227 2528 et
1243 2471 1297 2527 alii
1313 2471 1374 2528 duo
1390 2473 1528 2529 canonici

262 2577 452 2650 prebendati,
477 2581 611 2649 quatuor
634 2577 774 2648 ipsorum
797 2591 935 2644 numero,
963 2577 1094 2647 cingulis
1118 2576 1285 2645 dissolutis,
1310 2577 1442 2650 pedibus
1466 2577 1527 2634 dis·

261 2684 412 2752 calceatis,
437 2682 652 2755 capitibusque
674 2681 712 2739 de
735 2681 844 2738 eadem
868 2689 949 2738 terra
972 2687 1170 2755 apponentes,
1187 2682 1381 2739 decrevimus
1405 2689 1435 2739 et
1459 2699 1528 2756 pre-

261 2790 400 2846 sentibus
430 2789 624 2846 decemimus
655 2789 757 2862 ipsum
790 2789 996 2845 iuramentum
1029 2787 1128 2844 facere
1155 2795 1185 2844 et
1209 2788 1363 2860 deponere
1387 2789 1527 2860 debeant,

261 2911 298 2952 eo
321 2895 466 2953 videlicet
498 2894 599 2962 mod0,
624 2894 708 2966 quod
732 2893 839 2950 eedem
864 2893 981 2950 decime
1006 2893 1044 2950 de
1069 2894 1255 2950 Dauidowcz
1278 2895 1420 2952 absolute
1444 2903 1473 2952 et
1496 2897 1526 2952 in

262 3007 326 3058 toto
349 3017 384 3058 ac
407 3017 463 3074 per
493 3001 596 3058 omnia
620 3001 687 3072 ,ipsi
719 2999 857 3072 capitulo
881 3005 910 3055 et
934 3015 1038 3056 mense
1062 3001 1199 3072 ipsorum
1225 3001 1390 3072 capitulari
1413 3007 1443 3056 et
1466 3017 1526 3057 non
1620 3005 1622 3010 ’

260 3108 406 3181 episcopo
429 3109 459 3164 in
481 3108 586 3180 aliqua
616 3111 703 3179 parte
734 3105 872 3162 debende
902 3107 963 3163 sint
992 3122 1091 3178 neque
1129 3105 1259 3171 fuerunt,
1282 3105 1334 3162 sed
1357 3123 1411 3164 nec
1436 3107 1528 3178 perti-

261 3219 393 3270 nuerunt
415 3213 510 3270 modo
533 3212 671 3284 aliquali,
695 3212 754 3268 nisi
777 3212 879 3268 solum
903 3211 1064 3268 dumtaxat
1089 3212 1147 3284 ipsi
1171 3212 1307 3283 capitulo
1331 3219 1361 3268 et
1385 3212 1525 3284 ipsorum

262 3335 366 3376 mense
398 3320 570 3394 capitulari,
599 3334 635 3376 ac
666 3319 764 3375 eciam
795 3323 878 3375 recta
906 3324 935 3375 et
958 3319 1078 3390 equalis
1102 3317 1250 3375 medietas
1274 3317 1465 3375 decimarum
1489 3316 1527 3373 de

262 3426 360 3483 vineis
394 3426 540 3483 territorii
576 3426 636 3483 vici
670 3426 850 3482 Latinorum
883 3430 913 3482 et
943 3429 1024 3482 terre
1054 3431 1083 3482 et
1114 3425 1217 3497 campi
1246 3424 1473 3497 Bokaniapolye
1497 3430 1528 3480 et

262 3530 376 3604 Ztruga
409 3532 567 3605 appellate
591 3548 644 3588 seu
667 3531 826 3605 appellati,
858 3531 933 3604 ipsis
960 3531 1093 3588 dominis
1114 3531 1152 3587 de
1175 3531 1312 3604 capitulo
1335 3531 1545 3612 zagrabiensi¹

261 3637 402 3711 predicto
432 3643 463 3695 et
493 3638 658 3711 quartariis
688 3654 768 3695 nunc
799 3637 993 3710 presentibus
1020 3637 1174 3709 pertinere
1196 3635 1328 3693 debeant
1351 3645 1381 3692 et
1403 3651 1521 3692 succes·

261 3744 382 3801 soribus
406 3745 546 3816 ipsorum
570 3743 608 3800 de
632 3744 698 3800 iure
721 3759 756 3800 ac
779 3744 876 3800 eciam
897 3742 1167 3816 predecessoribus
1184 3757 1291 3798 eorum
1310 3742 1522 3815 pertinuerunt

262 3849 301 3905 de
332 3851 397 3906 iure
428 3851 545 3923 absque
573 3849 681 3906 fraude
712 3857 741 3906 et
773 3851 913 3922 ipsorum
945 3864 1048 3905 mense
1079 3847 1251 3922 capitulari,
1276 3847 1386 3904 litteris
1410 3847 1522 3904 nostris

261 3970 332 4012 cum
355 3955 459 4012 debita
484 3956 659 4012 reverencia
681 3959 824 4027 rogantes
847 3955 1018 4028 capitulum
1044 3953 1268 4028 preallegatum
1290 3953 1522 4026 quinqueeccle·

261 4063 369 4131 siense,
392 4073 427 4118 ut
449 4077 508 4134 pro
532 4061 715 4119 testimoniis
731 4059 942 4134 predictorum
965 4060 1105 4117 homines
1122 4061 1284 4116 mitterent.
1302 4059 1372 4130 Quo
1389 4059 1521 4116 termino

260 4167 441 4226 adveniente
466 4168 495 4224 in
519 4169 678 4240 presencia
700 4167 835 4224 hominis
851 4165 1033 4238 preallegati
1050 4165 1180 4239 capituli
1196 4149 1525 4237 quinqueecclesiensis

261 4274 406 4331 videlicet
428 4275 616 4331 venerabilis
647 4274 707 4332 viri
731 4273 848 4330 domini
873 4273 958 4330 Galli
981 4271 1189 4329 archidiaconi
1210 4271 1247 4327 de
1272 4269 1399 4326 llarania
1423 4277 1452 4326 et
1476 4285 1524 4325 ca-

260 4379 362 4436 nonici
386 4380 714 4452 quinqueecclesiensis
748 4379 869 4436 adhoc
892 4395 949 4452 per
972 4378 1075 4451 ipsum
1099 4377 1271 4450 capitulum
1296 4375 1528 4448 quinqueeccle·

260 4487 359 4544 siense
382 4487 557 4560 specialiter
588 4486 735 4559 deputati,
766 4484 898 4559 predicti
922 4483 1040 4540 domini
1064 4483 1102 4540 de
1125 4482 1262 4555 capitulo
1283 4482 1474 4553 zagrabiensi
1498 4483 1529 4538 in

260 4594 377 4651 octavis
408 4593 638 4666 purificacionis
666 4593 754 4650 beate
785 4592 914 4664 virginis
946 4595 1039 4665 prout
1069 4597 1099 4647 et
1121 4590 1199 4646 sicut
1222 4605 1277 4662 per
1300 4595 1439 4645 nostram
1462 4603 1528 4643 sen-

260 4700 392 4757 tenciam
408 4700 483 4772 ipsis
507 4699 606 4756 fuerat
629 4698 846 4768 adiudicatum,
868 4699 1075 4755 iuramentum
1098 4711 1189 4753 suum
1210 4695 1425 4768 deposuerunt,
1443 4703 1474 4751 ut
1491 4709 1528 4750 ex

260 4806 459 4879 responsione
491 4807 581 4864 nobis
612 4822 669 4880 per
699 4805 802 4878 ipsum
834 4804 1006 4878 capitulum
1039 4802 1357 4876 quinqueecclesiense
1388 4799 1469 4857 facta
1496 4800 1526 4856 in

260 4913 317 4969 hec
340 4913 437 4970 verba
462 4912 606 4969 seriosius
630 4912 851 4968 contineretur:
876 4909 1054 4967 Venerabili
1077 4909 1145 4991 viro
1168 4907 1295 4964 domino
1320 4906 1432 4962 Mathie
1457 4921 1526 4979 pre-

260 5019 362 5091 posito
385 5019 558 5076 chasmensi
582 5023 637 5075 etc.
662 5016 731 5089 Qua
753 5017 954 5090 responsione
977 5033 1033 5089 per
1056 5030 1111 5072 nos
1136 5015 1201 5071 visa
1225 5023 1254 5070 et
1277 5013 1442 5084 diligenter
1458 5027 1529 5068 erra-
1614 5007 1615 5012 ’

1412 5117 1425 5146 0
