3728 5806
575 545 647 602 Doc.
672 555 739 619 272.
763 555 831 620 273.
855 575 897 584 -
920 543 976 601 Aa.
1001 554 1086 620 1377.
1405 548 1464 623 263

198 745 335 803 fideliter
367 745 550 803 rescribatis.
582 745 698 802 Datum
729 745 760 802 in
791 746 868 803 villa
898 745 1013 803 Boirlar
1044 753 1160 816 vocata,
1191 753 1302 818 quarto
1324 747 1374 804 die
1398 745 1467 803 festi

199 851 284 908 beati
307 849 454 923 Stephani
478 851 566 922 regis.
596 852 685 908 Anno
709 849 828 908 domini
851 850 1047 908 MCCCLXX
1070 853 1210 926 septimo.

287 983 309 1032 E
328 984 426 1034 litteris
445 983 590 1034 missilibus
608 991 633 1034 et
647 985 824 1049 inquisitoriis
837 986 910 1036 Petri
924 986 1024 1036 Chirke
1038 987 1165 1044 vicebani,
1179 1001 1218 1037 an.
1233 989 1334 1046 eodem,
1348 993 1376 1036 ut
1390 986 1465 1036 insra.

791 1237 875 1304 272.

305 1381 381 1428 Anno
405 1385 479 1436 1377,
498 1387 539 1435 30.
559 1379 724 1444 septembris.
745 1379 833 1429 Crisii.

199 1507 363 1564 Emissarii
382 1508 530 1564 comitams
553 1509 695 1564 cn'siensis
712 1515 836 1580 peracta
852 1509 1034 1582 exquisitione
1048 1509 1082 1564 de
1097 1509 1212 1565 imanis
1227 1527 1247 1564 a
1261 1510 1385 1582 capitula
1400 1511 1467 1567 civi-

433 1615 489 1672 tati
516 1614 674 1672 Grecheasi
694 1615 794 1684 illatis,
818 1616 883 1688 regi
903 1615 1048 1672 Ludaoica
1071 1615 1226 1689 notificant.

289 1759 492 1816 Serenissimo
508 1759 640 1832 principi
658 1757 785 1815 domino
800 1757 965 1829 Lodouic0,
986 1757 1035 1815 dei
1050 1758 1154 1830 gracia
1168 1757 1283 1816 illustri
1300 1759 1365 1830 regi
1381 1759 1466 1817 Hun-

198 1868 293 1938 garie,
318 1865 453 1936 Polonie,
477 1865 638 1921 Dalmacie
654 1869 717 1934 etc,
732 1863 859 1921 domino
883 1865 1021 1938 ipsorum
1045 1879 1202 1938 generoso
1219 1865 1327 1923 Petrus
1343 1864 1466 1937 Chyrke

199 1973 369 2029 vicebanus
392 1977 422 2028 et
446 1987 548 2028 coines
572 1971 727 2028 crisiensis
758 1986 793 2027 ac
817 1970 932 2028 iudices
956 1969 1110 2027 nobilium
1141 1970 1279 2028 ciusdem
1303 1972 1467 2028 comitatus

199 2077 387 2134 famulatum
411 2076 550 2134 debiturn
576 2091 647 2133 curn
671 2081 822 2150 perpetua
844 2077 1001 2133 fidelitate.
1019 2076 1129 2133 Vestra
1149 2077 1269 2134 noverit
1286 2076 1467 2149 magnitudo

198 2199 254 2240 nos
278 2183 397 2239 litteras
421 2181 545 2240 domine
569 2189 672 2239 nostre
696 2183 808 2254 regine,
832 2183 948 2240 honore
972 2197 1034 2254 quo
1059 2182 1170 2253 decuit,
1194 2183 1346 2256 recepisse
1363 2183 1393 2239 in
1410 2184 1467 2239 hec

199 2291 312 2348 verba:
337 2285 411 2368 (vid.
435 2307 479 2346 nr.
507 2303 577 2360 271,
608 2305 688 2346 anno
724 2303 813 2361 1377,
848 2303 895 2362 23·
927 2281 1079 2364 Augusti).
1109 2288 1173 2346 Nos
1196 2289 1290 2361 igitur
1313 2289 1467 2346 mandatis

200 2397 281 2454 dicte
305 2395 430 2453 domine
454 2403 557 2453 nostre
579 2397 684 2468 regine
705 2395 893 2464 obedientes,
918 2401 951 2451 ut
975 2401 1124 2462 tenemur,
1148 2393 1226 2450 duos
1248 2411 1286 2451 ex
1302 2395 1392 2452 nobis
1408 2396 1466 2452 sci-

200 2503 270 2559 licet
294 2501 448 2559 iudicibus
472 2503 634 2572 nobilium,
658 2501 804 2559 videlicet
828 2501 962 2570 Petrum,
987 2499 1088 2558 filium
1114 2499 1232 2558 Nicolai
1248 2506 1278 2557 et
1294 2500 1467 2570 Nicolaum,

200 2609 301 2666 filium
326 2607 491 2679 Dominici,
515 2606 554 2664 ad
579 2607 731 2680 premissa
760 2605 919 2663 rescienda
949 2605 1177 2664 transmisimus
1186 2623 1193 2676 ;
1221 2606 1349 2663 demum
1372 2605 1466 2664 iidem

199 2715 309 2773 exinde
332 2713 371 2772 ad
398 2729 454 2771 nos
487 2714 604 2771 reversi
634 2713 724 2770 nobis
756 2712 949 2770 concorditer
979 2713 1158 2784 retulerunt,
1192 2713 1275 2786 quod
1307 2713 1366 2786 ipsi
1391 2711 1467 2770 feria

201 2826 311 2896 quarta
333 2821 479 2895 proxima
502 2825 572 2877 ante
595 2818 709 2876 festum
740 2820 821 2876 beati
853 2820 967 2876 Mathci
999 2819 1141 2892 apostoli,
1174 2820 1315 2893 proxime
1339 2819 1467 2893 preteri-

200 2934 275 3000 tum,
299 2928 332 2984 in
355 2927 502 2984 comitatu
534 2926 725 2998 zagrabiensi
755 2931 785 2983 et
815 2927 845 2983 in
877 2927 1016 3000 predicta
1044 2927 1167 2983 civitate
1190 2925 1336 2984 Grecensi
1360 2941 1467 3000 proce-

201 3034 312 3105 dend0,
336 3034 377 3090 ab
401 3033 546 3090 omnibus
570 3033 684 3106 quibus
707 3033 858 3090 decuisset
886 3039 915 3090 et
947 3033 1091 3104 licuisset,
1115 3033 1260 3090 videlicet
1294 3033 1414 3090 clericis
1438 3039 1468 3091 et

202 3141 306 3212 laycis,
331 3140 439 3213 palam
463 3145 493 3196 11
516 3139 636 3198 occulte
651 3139 874 3211 investigando
890 3141 1027 3213 exceptis
1044 3139 1132 3197 iactis
1154 3145 1303 3196 nocturno
1327 3145 1467 3212 tempore

203 3248 397 3322 perpetratis,
420 3263 476 3320 per
499 3247 603 3304 omnia
626 3249 669 3304 sic
692 3247 861 3316 scivissent,
882 3253 975 3320 prout
996 3251 1083 3303 tenor
1106 3251 1135 3303 et
1159 3247 1349 3303 continencia
1372 3245 1467 3303 dicta·

203 3370 273 3411 rum
297 3355 473 3411 litterarum
496 3352 615 3426 pretate
638 3353 762 3411 domine
786 3359 889 3410 nostre
905 3353 1010 3425 regine
1026 3353 1195 3410 contineret
1218 3357 1248 3409 et
1271 3351 1466 3425 exprimeret.

201 3459 315 3518 Datum
340 3459 440 3530 Crisii‚
462 3459 596 3516 secundo
622 3459 671 3517 die
696 3459 765 3517 festi
792 3460 874 3516 beati
898 3459 1066 3531 Mychaelis
1089 3459 1275 3531 archangeli.
1300 3459 1389 3516 Anno
1413 3457 1467 3514 do·

204 3567 280 3623 mini
303 3565 498 3623 MCCCLXX
522 3565 663 3638 septimo

289 3701 442 3768 Originalia
467 3703 521 3752 duo
547 3701 695 3752 consimilia
720 3703 747 3752 in
772 3703 869 3752 charta.
895 3704 919 3752 Α
945 3709 1021 3768 tergo
1046 3701 1188 3752 cuiuslibet
1213 3699 1326 3764 vestigia
1353 3701 1468 3748 duorum

201 3791 359 3856 sigillorum.
381 3791 468 3842 Unum
487 3806 535 3856 par
555 3790 583 3840 in
601 3791 701 3841 archiv.
721 3791 767 3841 lib.
787 3806 842 3856 reg.
857 3790 905 3839 civ.
922 3791 1036 3855 zagrab,
1049 3789 1122 3838 aliud
1142 3803 1206 3839 vero
1227 3788 1254 3837 in
1272 3787 1371 3837 archiv.
1385 3787 1466 3836 Acad.

201 3879 294 3930 Scient.
315 3880 385 3930 Slav.
406 3879 498 3929 merid.

790 4057 875 4126 273.

306 4203 383 4251 Anno
405 4207 479 4259 1377,
498 4215 521 4263 9.
541 4199 666 4250 octobris.
685 4198 838 4266 Zagrabiae.

205 4329 344 4386 Nicolaus
376 4329 484 4398 Verius,
514 4345 610 4398 cantes,
640 4327 758 4401 zagrab.
774 4328 922 4403 jadicibas
944 4329 1080 4384 nobilium
1108 4328 1229 4385 eiusdem
1256 4329 1412 4400 comitatus,
1436 4339 1470 4388 ut

204 4435 236 4491 de
257 4436 380 4510 nefariis
402 4434 570 4509 quibusdam
593 4435 701 4492 actibus
716 4435 837 4508 capiiali
849 4435 965 4508 aagrab.
981 4442 1082 4491 contra
1096 4435 1170 4492 cives
1191 4433 1373 4504 Grechemes,
1389 4437 1466 4494 tave·

698 4541 808 4613 stigent,
825 4540 976 4613 praecipit.

289 4683 374 4741 Viris
395 4683 557 4740 nobilibus
580 4688 610 4740 ct
634 4683 776 4754 honestis,
809 4683 962 4740 iudicibus
995 4681 1150 4740 nobilium
1177 4683 1341 4740 comitatus
1364 4698 1468 4756 ragra-

205 4789 326 4860 biensis,
349 4788 457 4846 amicis
480 4789 552 4859 suis,
578 4789 725 4860 magister
747 4789 894 4846 Nicolaus
922 4787 960 4845 de
991 4788 1112 4859 VertuS,
1136 4803 1239 4846 comes
1262 4790 1468 4861 zagrabiensis

206 4899 234 4952 11
255 4895 440 4953 castellanus
463 4893 502 4952 de
526 4893 667 4964 Medued,
693 4895 865 4952 amiciciam
889 4899 1031 4968 paratam
1054 4893 1159 4951 debito
1183 4909 1254 4951 cum
1271 4894 1393 4952 honore.
1414 4895 1467 4952 Di·

208 5007 277 5058 cunt
299 4999 389 5057 nobis
414 4999 596 5058 Franciscus
619 4999 721 5072 iudex,
737 5000 829 5058 iurati
852 5004 882 5056 et
905 4999 1040 5057 universi
1056 5000 1140 5057 cive's
1155 5000 1269 5058 montis
1285 4999 1468 5059 Grechensis
