3600 5804
414 576 473 635 142
830 559 903 616 Dec.
927 552 996 615 162.
1023 591 1059 600 -
1086 557 1144 616 An.
1168 573 1255 636 1333.

411 755 583 813 lacionibus
606 761 636 813 et
658 760 813 814 metarum
835 757 1046 814 ereccionibus
1070 756 1250 814 earumdem
1269 757 1458 832 rescriptum
1473 758 1574 830 extitit,
1588 759 1657 832 ipsas

411 861 678 919 reambulaciones
694 866 724 918 et
739 867 893 919 metarum
914 863 1086 920 erecciones
1102 863 1167 919 sine
1184 862 1354 935 preiudicio
1371 863 1486 920 iurium
1502 869 1657 921 nostrorum

411 971 441 1024 et
465 967 677 1040 quorumlibet
699 968 835 1026 aliorum
858 974 999 1042 patenter
1021 969 1216 1042 presencium
1239 969 1411 1042 patrocinio
1435 969 1598 1026 litterarum
1612 985 1656 1042 ap-

413 1074 582 1147 probantes
614 1073 674 1148 ipsi
704 1075 833 1132 ecclesie
863 1075 1054 1147 zagrabiensi
1085 1080 1115 1131 et
1136 1074 1273 1147 capitulo
1296 1075 1436 1132 eiusdem
1460 1074 1657 1133 confirmamus
1756 1135 1759 1138 ,

411 1179 635 1253 promittentes,
665 1185 701 1237 ut
730 1194 825 1254 quam
856 1181 995 1253 primum
1027 1185 1183 1254 presentes
1214 1180 1317 1238 littere
1343 1180 1383 1237 ad
1414 1196 1470 1238 nos
1499 1179 1601 1238 luerint
1619 1197 1658 1238 re

412 1290 534 1360 portate
557 1286 589 1343 in
611 1283 747 1343 formam
770 1287 868 1344 nostri
890 1287 1049 1361 privilegii
1072 1286 1199 1345 easdem
1221 1287 1321 1359 redigi
1343 1286 1498 1345 faciemus
1514 1287 1656 1360 Magnifico

415 1399 518 1449 tamen
550 1393 618 1450 viro
648 1391 762 1465 Mykch
801 1394 883 1450 bano
921 1393 1019 1450 tocius
1049 1391 1221 1465 Sclauonie,
1245 1392 1332 1450 fideli
1362 1399 1470 1451 nostro
1499 1393 1656 1466 predilecto

414 1499 564 1572 premissa
589 1499 693 1557 omnia
716 1499 905 1557 articulatim
936 1497 1102 1571 diligenter
1128 1499 1330 1571 examinante,
1353 1505 1505 1557 annuente
1527 1499 1609 1558 etad
1630 1515 1657 1557 ea

412 1620 596 1663 consensum
617 1607 767 1680 prebente
791 1612 820 1662 et
843 1620 1008 1662 assensum.
1033 1605 1150 1662 Datum
1172 1605 1331 1678 Zagrabie,
1353 1606 1385 1663 in
1412 1605 1490 1663 festo
1513 1606 1588 1663 beati
1600 1605 1658 1662 Bar·

411 1711 492 1768 nabe
514 1712 656 1786 apostoli.
681 1713 769 1770 Anno
793 1711 911 1769 domini
933 1710 1184 1770 MCCCXXXIII.

500 1867 523 1915 E
542 1865 614 1917 libro
633 1867 760 1918 Statutor.
780 1881 836 1932 cap.
856 1866 960 1932 zagrab.
981 1881 1005 1930 p.
1025 1864 1070 1915 IV.
1092 1880 1112 1914 c.
1134 1865 1179 1915 IV.
1198 1867 1272 1932 Joan.
1292 1866 1408 1918 Tkaldic.
1429 1868 1498 1918 Mon.
1519 1868 1576 1921 hist.
1593 1866 1657 1932 episc.

412 1973 435 2006 v.
455 1955 488 2006 11.
509 1971 535 2020 p.
557 1965 613 2013 115.
638 1954 759 2020 Simplex
786 1961 952 2020 transsumpt.
976 1953 1003 2004 iu
1023 1954 1122 2012 charta,
1142 1960 1214 2004 extat
1234 1954 1260 2004 in
1279 1955 1378 2005 archiv.
1400 1973 1457 2008 ven.
1478 1957 1552 2022 capit
1570 1955 1657 2020 zagrab.

412 2044 473 2095 l'asc.
496 2053 516 2094 l.
536 2060 575 2093 nr.
595 2053 638 2107 39.

1005 2225 1086 2290 162.

516 2384 592 2432 Anno
615 2392 688 2441 1333,
711 2392 750 2441 13.
771 2382 852 2448 Junii.
872 2382 1026 2448 Zagrabiae.

417 2511 538 2569 Carolus
561 2511 738 2583 Hungariae
763 2517 810 2567 etc.
834 2529 897 2580 rex,
924 2511 1070 2584 quibusvis
1092 2509 1241 2568 extraneis
1260 2510 1294 2568 de
1308 2510 1459 2584 frugibus,
1481 2511 1540 2567 sule
1559 2517 1585 2566 et
1601 2509 1658 2565 vino

411 2619 442 2675 in
465 2625 556 2674 niente
584 2616 679 2674 Greck
696 2616 856 2685 vendendis,
873 2624 974 2673 laxam
992 2616 1254 2674 contributibnalem
1273 2617 1437 2673 soluendam
1452 2636 1518 2686 esse,
1528 2616 1658 2690 praecipit.

499 2779 568 2836 Non
592 2779 726 2836 Karalus
749 2777 798 2836 dei
821 2779 926 2851 gracia
955 2794 1009 2836 rex
1040 2779 1206 2851 Hungarie.
1239 2778 1457 2852 Significamus
1482 2785 1581 2837 tenore
1601 2792 1658 2851 pre·

411 2887 548 2944 sericium
582 2885 695 2957 quibus
718 2883 844 2957 expedit
867 2884 1027 2953 universis
1052 2885 1200 2942 memorie
1224 2885 1484 2955 commendantes
1508 2883 1586 2958 quod
1601 2897 1660 2940 con·

411 2992 552 3050 sideratis
576 2991 780 3048 fidelitatibus
804 2996 834 3047 et
854 2989 997 3047 fidelium
1020 2991 1223 3048 serviciorum
1254 2991 1372 3048 meritis
1395 2990 1535 3048 fidelium
1559 2989 1658 3046 civium

411 3105 441 3155 et
463 3097 622 3171 hospitum
652 3103 830 3154 nostrorum
861 3095 1071 3166 Grecensium,
1102 3096 1279 3169 specialiter
1309 3095 1504 3153 advertentes
1533 3095 1659 3167 dampna
1723 3133 1728 3140 -

409 3220 469 3276 que
493 3203 569 3277 ipsis
592 3218 649 3276 per
671 3209 795 3274 gentem
818 3209 965 3273 nostram,
989 3203 1105 3258 scilicet
1135 3217 1192 3275 per
1223 3203 1383 3259 continuos
1407 3203 1557 3259 exercitus
1578 3215 1659 3272 super

409 3309 535 3367 eosdem
559 3308 777 3366 descendentes
808 3314 878 3366 sunt
909 3309 1005 3380 illata,
1038 3309 1201 3366 annuimus
1232 3308 1348 3366 eisdem
1379 3309 1411 3366 in
1438 3309 1601 3382 aliqualem
1620 3321 1660 3363 re

408 3415 698 3489 compensacionem
722 3414 931 3488 dampnorum
962 3414 1152 3485 eorumdem,
1184 3421 1219 3472 ut
1249 3415 1287 3472 de
1317 3416 1381 3472 illis
1409 3416 1504 3473 rebus
1526 3421 1554 3472 et
1575 3414 1660 3482 bonta,

408 3539 469 3596 que
493 3524 524 3579 in
547 3521 656 3579 eadem
678 3523 801 3580 civitate
831 3521 1037 3594 deponuntur,
1068 3521 1200 3578 scilicet:
1232 3521 1314 3593 vino,
1338 3520 1481 3594 frugibus
1511 3528 1540 3578 et
1558 3519 1660 3577 salibus

410 3643 680 3701 quorumcumque
703 3633 920 3684 extraneorum
944 3627 1106 3684 hominum
1130 3631 1160 3684 et
1183 3627 1392 3699 cuiuscunque
1415 3626 1598 3684 condicionis
1611 3638 1658 3696 po

408 3735 556 3807 pulorum
587 3733 696 3791 eadem
728 3732 868 3806 deposita
896 3733 1036 3803 existant,
1067 3733 1264 3790 exaccionem
1299 3747 1353 3789 seu
1388 3732 1550 3790 collectam
1580 3733 1661 3804 pmut

407 3842 590 3898 conveniens
614 3847 644 3898 et
666 3855 837 3912 congruum
861 3839 962 3908 luerit,
993 3838 1163 3912 recipiendi
1193 3839 1324 3912 singulis
1355 3839 1441 3896 annis
1473 3839 1600 3896 habeant
1622 3833 1659 3891 la-

408 3948 564 4019 enitatem,
587 3954 621 4003 ut
644 3947 816 4020 predictam
840 3947 997 4003 civitatem
1019 3951 1158 4002 nostram
1188 3945 1314 4002 firmare
1337 3945 1462 4002 valeant
1485 3951 1515 4002 et
1537 3945 1566 4001 in
1588 3943 1659 3998 bono

407 4059 487 4111 statu
510 4067 699 4110 conservare.
724 4051 877 4108 Volumus
899 4053 1003 4124 itaque
1026 4055 1055 4108 et
1078 4051 1169 4108 vobis
1191 4051 1344 4107 universis
1366 4051 1546 4108 hominibus
1572 4053 1600 4105 et
1617 4062 1660 4103 cu·

408 4159 543 4216 cuiusvis
566 4158 754 4216 condicionis
777 4159 902 4232 populis
934 4158 965 4216 iu
997 4157 1107 4215 eadem
1136 4157 1260 4214 civitate
1291 4154 1437 4214 Grecensi
1461 4156 1598 4230 deposita
1618 4155 1662 4211 ha·

408 4267 553 4323 bentibus
576 4271 606 4323 et
627 4264 786 4336 habendis
810 4265 923 4337 quibus
940 4269 1097 4337 presentes
1113 4263 1321 4334 ostendentur,
1338 4263 1528 4336 precipimus
1545 4261 1662 4320 firmiter

407 4379 436 4429 et
459 4371 604 4442 districte,
629 4376 778 4443 quatenus
801 4369 840 4426 de
863 4369 1012 4443 depositis
1035 4370 1153 4439 vestris
1178 4369 1257 4425 sicut
1284 4367 1486 4441 prediximus,
1510 4368 1662 4424 collectam

406 4494 460 4536 seu
483 4477 677 4535 exaccionem
701 4492 738 4534 eo
761 4475 865 4548 modo,
888 4481 982 4550 prout
1005 4474 1160 4548 sepedicta
1183 4475 1292 4532 civitas
1316 4478 1420 4530 nostra
1443 4473 1605 4529 vobiscum
1620 4485 1660 4527 or·

407 4585 535 4654 dinabit,
566 4584 695 4656 singulis
721 4583 808 4640 annis
840 4582 913 4640 dare
945 4588 975 4639 et
1003 4581 1183 4656 persolvere
1214 4580 1362 4650 debeatis
1389 4584 1419 4636 et
1442 4578 1564 4649 iubos,
1587 4571 1661 4649 quod

407 4707 464 4765 per
485 4696 625 4748 nostram
647 4690 840 4746 maiestatem
870 4695 916 4746 est
947 4687 1134 4758 ordinatum,
1166 4685 1407 4745 contradictores
1431 4700 1577 4742 essenon
1600 4697 1661 4755 pre·

406 4797 544 4868 sumatis,
568 4795 706 4868 alloquin
729 4796 805 4868 ipsis
836 4795 956 4852 civibus
986 4801 1016 4852 et
1046 4795 1221 4868 hospitibus
1252 4794 1365 4850 nostris
1397 4793 1614 4859 commisimus,
1634 4795 1663 4844 ut

406 4902 496 4974 illud,
520 4902 604 4977 quod
627 4903 810 4960 conveniens
833 4907 862 4958 et
886 4917 1056 4974 congruum
1080 4899 1173 4958 luerit
1195 4915 1289 4973 super
1305 4898 1453 4972 depositis
1475 4897 1591 4964 vestris,
1612 4907 1659 4950 no-

406 5015 470 5066 stra
493 5010 673 5067 auctoritate
697 5008 860 5078 mediante,
890 5007 1058 5081 recipiendi
1086 5007 1221 5064 habeant
1253 5004 1439 5063 facultatem.
1471 5003 1581 5060 Datum
1612 4997 1661 5055 Za·
