3728 5806
414 536 474 610 284
828 534 900 590 Dor.
918 548 995 610 300.
1022 567 1060 576 -
1086 535 1142 590 Au.
1166 529 1258 608 1380.

411 733 494 790 mine
518 733 697 806 Georgium,
721 739 867 804 sutorem,
891 733 922 790 in
946 734 996 791 via
1019 733 1147 806 publiea
1170 740 1339 807 repertum,
1362 733 1447 792 clara
1468 734 1547 804 luce,
1569 733 1672 792 crude·

413 839 485 895 liter
507 843 537 895 et
561 819 695 896 letaliter¹
726 839 928 896 winerassent
960 845 989 896 et
1020 840 1064 896 sie
1092 839 1287 910 wineratum,
1318 839 1507 896 semivivum
1537 839 1674 911 reliquis·

413 951 488 1014 sent,
512 944 564 1016 qui
590 944 714 1000 tandem
738 943 815 1001 feria
837 945 931 1002 tercia
953 946 1098 1018 proxima
1121 950 1191 1002 ante
1215 943 1327 1002 festum
1351 945 1434 1002 beati
1455 944 1582 1017 Georgii
1599 961 1672 1002 mar·

412 1049 487 1119 tiris,
518 1065 599 1106 nunc
629 1049 772 1122 proxime
802 1056 977 1120 venturum,
1007 1054 1091 1108 viam
1124 1051 1267 1108 universe
1298 1051 1399 1108 carnis
1434 1059 1480 1108 est
1515 1052 1672 1123 ingressus,

412 1157 508 1213 nullis
531 1155 632 1230 culpis
647 1156 711 1213 suis
726 1157 920 1230 exigentibus
936 1158 1111 1230 aliquibus;
1134 1157 1189 1214 lite
1212 1162 1316 1214 tamen
1339 1156 1491 1230 pendente
1514 1157 1594 1214 inter
1608 1173 1672 1230 pre·

412 1263 511 1321 dictos
534 1263 617 1320 cives
633 1269 663 1320 et
679 1263 852 1337 capitulum
868 1271 1056 1322 annotatum.
1074 1264 1189 1322 Datum
1206 1264 1306 1334 Crisii,
1324 1263 1400 1321 feria
1416 1265 1511 1321 tercia
1535 1265 1674 1337 proxima

412 1376 482 1428 ante
506 1369 619 1428 festum
636 1370 718 1428 beati
734 1369 860 1442 Georgii
878 1371 1021 1428 martiris.
1041 1372 1129 1428 Anno
1145 1371 1263 1429 domini
1284 1371 1453 1428 millesimo
1477 1370 1673 1428 CCCLXXX.

501 1506 641 1572 originale
661 1506 687 1556 in
707 1506 804 1564 charta,
824 1521 839 1556 a
859 1511 935 1571 tergo
951 1513 1080 1572 apparent
1093 1506 1206 1573 vestigia
1219 1508 1333 1557 duorum
1346 1507 1506 1573 sigillorum.
1527 1506 1556 1556 ln
1570 1506 1674 1556 archivo

413 1597 458 1646 lib.
479 1612 533 1662 reg.
553 1595 625 1645 civit.
646 1596 749 1660 zagrab.

995 1792 1090 1858 300.

519 1953 595 2000 Anno
618 1953 692 2010 1380,
714 1961 752 2014 19.
774 1951 875 2016 aprilis.
894 1951 1047 2016 Zagrabiae.

425 2080 566 2136 M'colnus
589 2079 623 2136 dc
654 2080 759 2149 Virtus,
782 2080 898 2152 ungrub.
922 2098 1018 2148 comes,
1034 2080 1182 2155 judicibus
1204 2080 1340 2136 nobilium
1362 2080 1483 2136 eiusdem
1506 2081 1661 2146 comtonrs,

640 2194 673 2244 ut
693 2187 728 2242 de
749 2203 813 2243 nece
842 2185 964 2258 Georgii
984 2187 1099 2255 sutoris,
1121 2187 1281 2259 inquirant,
1297 2185 1449 2259 praecipit

502 2330 584 2387 Viris
607 2328 747 2387 discretis
771 2335 801 2386 et
827 2329 1013 2403 honorificis,
1037 2330 1190 2388 iudicibus
1213 2331 1366 2388 nobilium
1389 2331 1554 2387 comitatus
1576 2345 1676 2402 zagra·

414 2436 538 2506 biensis,
554 2436 702 2508 magister
725 2436 831 2494 Virtus
854 2451 958 2494 comes
981 2437 1187 2509 zagrabiensis
1211 2443 1242 2494 et
1264 2435 1449 2494 castellanus
1472 2433 1511 2492 de
1539 2435 1676 2492 Medwed

413 2542 586 2600 amiciciam
603 2547 743 2616 paratam
768 2557 840 2599 cum
863 2542 985 2599 honore.
1002 2542 1117 2600 Dicunt
1139 2541 1229 2599 nobis
1245 2540 1369 2612 iudices,
1391 2541 1483 2598 iurati
1499 2545 1530 2598 et
1545 2541 1677 2598 universi

413 2649 497 2705 cives
513 2648 626 2714 montis
641 2647 825 2706 Grechensis
848 2649 936 2721 gravi
959 2663 1031 2705 cum
1060 2648 1208 2721 querella,
1232 2646 1317 2720 quod
1340 2646 1459 2705 domini
1482 2646 1522 2704 de
1544 2647 1677 2720 oepitulo

413 2754 541 2812 ecclesie
564 2754 779 2826 zagrabiensis,
811 2753 888 2812 feria
919 2761 1029 2827 quarta
1060 2754 1204 2828 proxima
1234 2759 1305 2828 post
1334 2760 1459 2811 octavas
1488 2752 1559 2810 sesti
1590 2769 1678 2828 pasce

414 2859 532 2918 domini
555 2876 635 2918 nunc
658 2859 801 2934 proxime
825 2861 979 2934 preterita,
1004 2860 1106 2918 missis
1128 2875 1235 2917 eorum
1265 2859 1472 2933 eomplicibus
1495 2865 1525 2916 et
1548 2858 1677 2916 familia·

413 2967 509 3036 ribus,
533 2981 626 3023 manu
647 2972 766 3023 armata
790 2972 820 3024 et
852 2967 1040 3040 potenciaria
1070 2967 1163 3024 simul
1196 2982 1267 3023 cum
1298 2966 1476 3023 hominibus
1506 2966 1620 3022 hlathei
1650 2970 1678 3022 et

416 3071 537 3129 Andree
560 3071 857 3144 archydiaconorum
882 3073 912 3130 in
936 3065 1064 3130 e‘cclesia
1096 3073 1243 3146 predicta,
1274 3070 1442 3145 quemdam
1474 3072 1678 3128 habitatorem

413 3181 552 3252 ipsorum
577 3179 700 3236 nomine
724 3177 902 3251 Georgium,
919 3186 1065 3250 sutorem,
1083 3181 1113 3237 in
1137 3179 1186 3236 via
1213 3179 1341 3252 publica
1360 3179 1574 3251 reperientem,
1598 3177 1679 3233 clara

414 3286 490 3356 luce,
513 3285 680 3342 crudeliter
703 3289 733 3341 et
756 3285 890 3342 letaliter
919 3287 1119 3344 wlnerassent
1142 3293 1172 3343 et
1204 3287 1247 3343 sic
1278 3286 1463 3342 wineratum
1493 3285 1677 3341 semivivum

415 3391 620 3464 reliquissent,
645 3391 698 3463 qui
722 3391 846 3448 tandem
871 3391 947 3449 feria
971 3392 1064 3449 tercia
1091 3392 1234 3464 proxima
1267 3397 1337 3447 ante
1368 3389 1480 3447 festum
1514 3389 1595 3446 beati
1623 3388 1679 3446 Ge-

414 3498 493 3569 orgii
522 3497 657 3554 martiris
688 3513 768 3554 nunc
791 3499 934 3570 proxime
963 3503 1136 3567 venturum,
1169 3497 1253 3553 viam
1275 3497 1418 3554 universe
1441 3497 1541 3552 carnis
1564 3505 1610 3552 est
1636 3496 1677 3552 in·

413 3619 545 3677 gressus
574 3603 670 3660 nullis
693 3604 793 3677 culpis
817 3605 880 3661 suis
903 3605 1097 3676 exigentibus
1125 3604 1293 3676 aliquibus,
1318 3603 1371 3660 lite
1402 3611 1506 3660 tamen
1529 3601 1678 3676 pendente

414 3711 493 3767 inter
517 3709 673 3783 predictos
696 3711 779 3767 cives
803 3717 832 3766 et
856 3711 1028 3783 capitulum
1051 3717 1240 3768 annotatum.
1257 3708 1358 3784 Super
1374 3724 1437 3780 quo
1453 3715 1589 3766 vestram
1606 3707 1678 3764 ami·

414 3817 523 3874 eiciam
556 3816 750 3890 presentibus
782 3817 916 3890 petimus
947 3823 1132 3882 reverenter,
1163 3821 1314 3888 quatenus
1349 3830 1447 3872 unum
1469 3815 1519 3871 vel
1543 3813 1621 3870 duos
1643 3829 1678 3869 ex

415 3923 506 3979 vobis
536 3921 750 3979 transmittatis
781 3923 835 3994 qui
866 3923 906 3978 ab
937 3923 1081 3980 omnibus
1111 3938 1129 3979 a
1160 3922 1274 3994 quibus
1306 3921 1417 3978 decens
1440 3927 1470 3978 et
1492 3927 1678 3994 oportunum

416 4029 507 4086 fuerit
542 4029 649 4102 palam
684 4035 714 4086 et
747 4029 850 4086 oculte
882 4028 1095 4100 investigando
1126 4030 1202 4086 sciat
1232 4037 1261 4085 et
1293 4029 1428 4101 inquirat
1457 4027 1496 4084 de
1523 4026 1679 4100 premissis

415 4135 628 4193 omnimodam
653 4135 823 4202 veritatem,
848 4141 878 4192 et
897 4141 968 4208 post
991 4136 1047 4192 hec
1071 4134 1218 4208 quicquid
1242 4135 1352 4194 exinde
1375 4135 1466 4191 vobis
1481 4134 1597 4190 veritas
1612 4147 1679 4190 con-

415 4243 534 4312 stiterit,
558 4241 684 4298 domino
707 4247 812 4299 nostro
836 4243 901 4314 regi
925 4241 1059 4298 fideliter
1075 4242 1258 4299 rescribatis
1282 4241 1400 4298 Datum
1423 4240 1583 4313 Zagrabie‚
1606 4238 1678 4296 feria

416 4349 524 4421 quinta
558 4349 701 4422 proxima
732 4353 802 4405 ante
832 4347 1007 4421 predictum
1038 4346 1150 4404 festum
1179 4349 1260 4405 beati
1284 4346 1411 4420 Georgii
1434 4347 1580 4418 martiris,
1603 4359 1679 4402 anno

417 4455 534 4514 domini
557 4456 727 4514 millesimo
750 4455 950 4513 CCCLXXX.

505 4576 579 4644 Joan.
600 4573 767 4640 Kukuljevid.
786 4573 873 4624 Arkiv
892 4589 921 4623 za
940 4573 1044 4639 poviest
1061 4574 1192 4639 jugoslav.
1211 4575 1228 4623 l.
1248 4573 1296 4623 111.
1317 4589 1341 4638 p.
1359 4574 1399 4624 88.
