3728 5806
659 594 731 650 Dec.
751 590 829 669 308.
857 629 893 636 -
919 594 975 652 An.
997 593 1089 672 1380.
1440 618 1498 680 293

236 789 371 847 iusmodi
402 791 647 864 possessionibus
674 797 816 866 respectu
847 794 1000 851 uberioris
1031 795 1171 852 utilitatis
1203 812 1261 868 pro
1292 798 1355 855 alia
1385 816 1418 856 re
1448 801 1499 857 vel

236 895 428 968 possessione
451 895 489 954 de
512 911 661 954 consensu
685 897 876 956 confratrum
900 899 981 956 dicte
1004 903 1254 973 congregacionis
1282 905 1444 976 contigerit
1469 907 1500 962 in

235 1003 451 1059 concambium
477 1002 544 1060 dari
560 1019 613 1060 seu
630 1005 808 1077 permutari.
825 1004 979 1077 Ceterum,
996 1022 1033 1062 ne
1050 1005 1192 1064 videatur
1214 1014 1249 1064 ut
1268 1008 1382 1081 aliquis
1398 1011 1500 1076 minor

233 1107 285 1163 vel
308 1107 445 1178 inferior,
468 1109 558 1182 inops
582 1116 634 1166 aut
658 1125 778 1183 pauper
800 1110 892 1167 huius
908 1111 990 1168 beati
1007 1113 1157 1169 consorcii
1174 1114 1275 1170 calore
1291 1120 1400 1186 careat,
1417 1131 1500 1173 com-

232 1212 394 1283 mittimus,
417 1220 451 1270 ut
474 1215 575 1272 omnis
599 1216 677 1272 hanc
700 1215 879 1273 societatem
902 1216 1079 1286 intraturus,
1101 1219 1239 1291 exceptis
1255 1225 1348 1292 prout
1370 1221 1499 1293 premit-

231 1318 315 1389 titur,
339 1319 429 1376 nobis
452 1325 505 1376 aut
531 1319 679 1378 fratribus
702 1321 815 1378 nostris
839 1321 1053 1379 consimilibus
1082 1322 1161 1380 datis
1185 1329 1215 1380 et
1238 1325 1347 1381 solutis
1372 1325 1498 1383 domino

232 1425 348 1482 decano
380 1425 488 1498 viginti
521 1425 654 1484 denariis
685 1427 846 1485 usualibus
876 1429 973 1502 possit
1004 1445 1129 1501 presens
1162 1432 1355 1488 consorcium
1385 1433 1499 1490 intrare

232 1531 331 1588 libere
355 1537 446 1604 atque
469 1533 572 1590 valeat
600 1534 751 1606 presentis
782 1535 939 1607 privilegii
972 1536 1171 1608 prerogativa
1203 1552 1328 1610 semper
1351 1537 1381 1594 in
1404 1553 1498 1596 evum

231 1637 403 1708 gavisurus
428 1637 568 1710 Quorum
601 1640 740 1696 omnium
772 1631 922 1717 (nom)ina
953 1641 1019 1713 ipse
1050 1641 1194 1698 dominus
1225 1641 1358 1700 decanus
1387 1644 1418 1700 in
1442 1659 1498 1701 suo

231 1745 347 1816 registo
379 1744 505 1802 debebit
538 1745 652 1804 habere
676 1762 800 1820 semper
831 1747 968 1804 seriatim
1001 1749 1181 1820 conscripta.
1213 1748 1367 1805 Volumus
1391 1750 1497 1822 eciam,

232 1848 316 1920 quod
342 1853 520 1922 prenotatus
544 1849 688 1908 dominus
713 1851 846 1908 decanus
869 1857 939 1909 ante
963 1852 1208 1926 complecionem
1233 1853 1398 1911 cuiuslibet
1426 1856 1498 1913 anni

230 1953 356 2012 sindicis
379 1971 436 2028 per
459 1955 616 2028 predictos
640 1956 810 2014 confratres
834 1957 988 2031 deputatis
1020 1957 1058 2014 de
1087 1959 1232 2016 omnibus
1261 1959 1356 2016 rebus
1379 1965 1408 2016 et
1432 1961 1498 2033 qui·

230 2060 369 2118 buslibet
392 2062 482 2119 bonis
505 2067 598 2135 atque
621 2064 763 2137 expensis
786 2064 883 2137 ipsius
906 2065 1067 2134 societatis,
1092 2079 1208 2121 necnon
1232 2065 1329 2122 eciam
1361 2065 1399 2122 de
1424 2081 1497 2139 aug-

230 2171 334 2224 mento
359 2183 412 2224 seu
435 2183 530 2242 super
552 2170 762 2226 excrescencia
784 2169 937 2227 dictarum
958 2185 1061 2226 rerum
1079 2169 1117 2226 de
1133 2169 1259 2228 denario
1275 2170 1314 2227 ad
1335 2171 1496 2230 denarium

230 2272 387 2329 racionem
411 2272 492 2330 dare
509 2279 538 2330 et
561 2275 717 2346 assignare
741 2275 860 2344 debeat,
893 2281 923 2332 et
954 2275 992 2332 ad
1023 2276 1261 2346 restitucionem,
1286 2275 1313 2332 si
1336 2277 1367 2333 in
1390 2277 1497 2350 aliquo

229 2377 353 2436 debitor
376 2381 566 2449 remanserit,
591 2381 747 2452 obligatus
771 2385 916 2438 teneatur.
940 2379 1109 2439 Statuimus
1138 2381 1357 2438 nichilominus
1381 2383 1497 2441 delibe-

230 2491 340 2554 rantes,
365 2491 399 2541 ut
423 2485 555 2558 quilibet
578 2491 720 2543 nostrum
743 2487 774 2543 in
805 2487 862 2544 hac
894 2487 1039 2544 videlicet
1069 2503 1156 2544 sacra
1188 2489 1332 2546 societate
1359 2488 1497 2546 kalendi-

229 2605 339 2647 narum
365 2592 554 2661 constitutus,
579 2592 706 2649 domino
730 2592 846 2650 decano
869 2608 927 2667 pro
951 2597 1092 2666 tempore
1115 2595 1282 2652 constituto
1305 2595 1336 2651 in
1352 2595 1497 2652 omnibus

231 2696 322 2752 licitis
345 2702 375 2754 et
397 2698 533 2755 honestis
556 2697 709 2755 mandatis
732 2715 859 2772 presens
884 2699 1000 2756 scilicet
1024 2700 1188 2770 negocium
1209 2700 1413 2772 tangentibus
1437 2703 1497 2758 sub

232 2818 310 2875 pena
332 2803 442 2875 viginti
466 2803 639 2861 solidorum
663 2821 720 2878 per
743 2804 925 2862 mandatum
949 2805 1046 2878 ipsius
1070 2804 1176 2862 decani
1208 2805 1309 2862 eidem
1333 2806 1496 2863 solvendo-

232 2925 300 2965 rum
326 2909 453 2967 obcdire
476 2909 586 2966 debeat
610 2919 640 2968 et
664 2917 808 2968 teneatur.
836 2910 896 2967 Nos
919 2909 1083 2983 siquidem,
1108 2911 1162 2983 qui
1187 2912 1265 2968 inter
1288 2912 1366 2968 alios
1389 2928 1496 2985 pecca·

231 3021 312 3071 tores
334 3021 512 3072 nostrorum
535 3023 678 3073 reatuum
698 3023 915 3089 cognoscentes
931 3033 1073 3073 excessus
1089 3018 1348 3090 severitatemque
1365 3020 1496 3076 extremi

230 3119 335 3178 iudicii
359 3121 472 3178 obnixe
495 3121 754 3194 pertimescentes,
779 3123 833 3179 ubi
858 3129 932 3179 teste
956 3123 1126 3194 eivangelio
1150 3123 1208 3180 erit
1228 3122 1315 3180 fletus
1331 3125 1495 3181 oculorum

231 3230 261 3282 et
283 3225 398 3283 stridor
421 3225 573 3297 dencium,
598 3225 651 3284 ubi
675 3229 772 3284 eciam
797 3229 960 3300 unicuique
984 3235 1077 3301 prout
1101 3229 1130 3286 in
1154 3244 1284 3302 corpore
1312 3229 1406 3300 gessit
1429 3231 1494 3286 sive

229 3329 346 3387 bonum
370 3332 408 3388 sit
431 3332 497 3388 sive
521 3333 640 3389 malum
659 3334 888 3406 comprobetur,
912 3335 997 3390 omni
1012 3333 1077 3390 sine
1100 3333 1196 3390 dubio
1216 3335 1388 3405 revicietur‚
1405 3335 1495 3392 vobis

231 3435 381 3492 universis
405 3445 507 3494 nostre
530 3440 681 3511 presentis
705 3439 954 3511 congregacionis
985 3439 1194 3497 confratribus
1217 3447 1247 3496 et
1271 3441 1419 3497 consociis
1443 3441 1494 3498 de-

232 3545 303 3596 vote
318 3547 346 3597 et
364 3543 512 3600 instanter
535 3544 759 3616 supplicamus,
776 3550 927 3617 quatenus
944 3543 1047 3601 divine
1064 3545 1186 3618 pietatis
1210 3551 1351 3618 respectu
1368 3546 1494 3618 eiusque

230 3647 439 3704 misericordie
463 3649 575 3707 intuitu
598 3651 695 3706 nostri
718 3655 747 3707 et
770 3649 901 3708 fratrum
925 3655 1103 3708 nostrorum
1121 3657 1294 3724 presentem
1316 3652 1493 3709 societatem

228 3751 463 3810 kalendinarum
490 3755 699 3826 ingressorum
723 3756 834 3812 vestris
858 3757 888 3812 in
912 3756 1108 3813 oracionibus
1132 3755 1252 3814 devotis
1269 3763 1298 3814 et
1314 3757 1493 3814 salubribus

230 3859 406 3915 continuam
429 3861 615 3917 memoriam
638 3877 728 3933 agere
760 3863 863 3918 velitis
894 3869 924 3918 et
956 3862 1078 3932 habere,
1110 3869 1145 3919 ut
1167 3867 1341 3920 vestrarum
1365 3879 1493 3936 precum

228 3970 258 4020 et
281 3965 459 4022 oracionum
494 3967 644 4024 beneficio
672 3967 794 4024 suffulti
822 3973 914 4040 atque
945 3967 1042 4024 adiuti
1073 3984 1132 4042 pro
1162 3970 1307 4042 perituris
1337 3975 1441 4027 eterna
1464 3976 1494 4027 et

228 4085 286 4142 pro
319 4071 446 4128 terrenis
478 4072 602 4129 celestia
633 4071 753 4130 facilius
784 4072 914 4146 adipisci
945 4074 1111 4131 valeamus.
1143 4074 1302 4131 Presentes
1326 4081 1430 4132 autem
1453 4075 1492 4133 ad

228 4170 429 4254 ub(eriorem)
453 4184 482 4235 et
504 4171 700 4256 (firmiorem)
723 4181 814 4237 huius
830 4179 1035 4238 ordinacionis
1051 4181 1254 4237 stabilitatem
1270 4181 1367 4238 nostri
1390 4186 1420 4238 et
1443 4199 1491 4239 ca-

226 4281 319 4355 pituli
350 4281 503 4340 dictorum
538 4283 670 4341 fratrum
705 4290 882 4342 nostrorum
913 4286 1089 4358 sigillorum
1126 4287 1315 4359 appensione
1347 4286 1492 4345 duximus

227 4389 456 4461 consignandas.
474 4389 590 4446 Datum
606 4390 638 4447 in
654 4389 732 4448 festo
749 4391 831 4448 beati
852 4392 1020 4462 Mychaelis
1036 4393 1221 4464 archangeli.
1255 4394 1343 4450 Anno
1374 4391 1493 4452 domini

227 4493 337 4551 MCCC
362 4496 579 4568 octuagesimo

317 4627 457 4694 Originale
477 4628 503 4679 in
516 4630 675 4689 membrana,
701 4646 795 4695 parum
817 4631 944 4681 attritum.
975 4631 1071 4697 Sigilla
1090 4633 1190 4682 desunt.
1210 4633 1240 4682 In
1263 4632 1332 4682 arch.
1357 4649 1411 4682 ven.
1435 4647 1490 4698 cap.

228 4717 333 4782 zagrab.
353 4715 414 4766 fasc.
434 4719 474 4776 83.
494 4733 533 4768 nr.
552 4731 594 4781 49.
