3854 5806
400 543 464 601 440
763 523 917 598 Exaetpta
940 543 955 581 e
976 541 1087 582 coaevis
1108 523 1297 598 scriptor-rbus.

400 735 476 793 pum
501 719 733 795 postulandum,
758 723 811 794 qui
833 729 906 780 tunc
928 724 1079 796 temporis
1101 721 1218 796 Spaleti
1250 722 1433 779 morabatur
1455 765 1644 778 .......

402 826 570 898 Regressus
603 833 706 884 autem
739 827 898 900 Zagrabia.
920 830 1005 887 misit
1027 828 1065 886 ad
1089 843 1250 886 romanam
1274 826 1379 884 sedem
1402 842 1460 899 pro
1476 841 1549 882 suae
1561 831 1667 900 postu-

403 933 526 990 lationis
550 933 724 1007 expetendo
747 950 880 992 assensu.
897 934 955 992 Sed
978 943 1049 993 tunc
1065 935 1214 1009 temporis
1237 939 1360 992 mortuo
1376 935 1475 990 bonae
1498 934 1667 989 memoriae

399 1037 550 1110 Gregorio
574 1054 665 1113 papa,
690 1038 769 1096 iacta
793 1051 838 1097 est
862 1040 1010 1098 dissensio
1034 1042 1114 1098 inter
1136 1040 1315 1110 cardinales
1347 1040 1396 1110 ita,
1420 1045 1454 1096 ut
1484 1039 1665 1110 subrogatio

399 1144 512 1201 summi
537 1144 691 1217 pontificis
717 1143 794 1202 foret
819 1144 916 1203 ferme
940 1146 1064 1204 biennio
1088 1147 1249 1218 protelata.
1273 1143 1323 1202 Sic
1346 1159 1420 1217 ergo
1444 1159 1535 1200 causa
1562 1143 1666 1200 electi·

402 1249 468 1306 onis
492 1249 589 1323 ipsius
612 1251 760 1324 episcopi,
784 1259 847 1308 toto
871 1252 927 1310 illo
950 1259 1091 1326 tempore
1114 1251 1351 1309 indeterminata
1368 1240 1567 1324 permansit¹
1598 1295 1603 1308 .
1627 1296 1633 1306 .
1658 1297 1664 1306 .

399 1399 404 1412 .
431 1399 437 1412 .
462 1400 468 1412 .
493 1401 498 1412 .
522 1355 579 1412 His
601 1371 735 1429 namque
759 1359 954 1431 temporibus
977 1358 1183 1429 zagrabiensis
1200 1359 1363 1431 episcopus
1384 1356 1568 1429 praedictus,
1592 1357 1665 1412 mis·

398 1475 432 1516 sa
455 1461 606 1518 relatione
629 1461 667 1518 ad
693 1477 854 1520 romanam
877 1463 983 1524 sedem
1010 1464 1166 1520 nitebatur
1191 1464 1331 1520 obtinere
1354 1478 1426 1519 suae
1449 1462 1667 1536 postulationis

398 1581 557 1624 assensum
581 1583 652 1624 cum
681 1569 868 1640 quibusdam
890 1569 1126 1640 conditionibus
1140 1585 1216 1642 quas
1228 1569 1391 1630 admittere
1408 1569 1506 1625 noluit
1522 1567 1666 1624 dominus

403 1669 596 1730 Innocentius
612 1690 714 1749 nuper
729 1674 765 1731 ad
785 1691 940 1732 summam
965 1675 1068 1732 sedem
1086 1676 1287 1749 apostolicam
1301 1675 1494 1732 sublimatus.
1508 1674 1664 1746 Quamob

404 1794 469 1836 rem
503 1779 603 1837 dictus
633 1781 797 1855 episcopus
830 1782 913 1840 misit
936 1781 1097 1856 Spaletum
1127 1789 1157 1838 et
1180 1783 1369 1840 renunciavit
1401 1783 1599 1856 postulationi
1627 1783 1666 1840 de

401 1901 434 1940 se
458 1884 564 1955 iactae,
588 1885 664 1944 dans
689 1888 843 1946 licentiam
867 1887 905 1945 de
929 1904 1060 1962 persona
1084 1889 1144 1946 alia
1174 1879 1389 1962 providendi²

495 2017 500 2048 ¹
520 2019 634 2070 Thomas
652 2021 753 2073 archid.
773 2025 792 2074 l.
812 2039 833 2072 c.
853 2039 909 2090 cap.
929 2024 1001 2074 XLI.

490 2105 589 2174 ²Ibid.
608 2123 629 2158 c.
651 2109 736 2160 XLV.
756 2141 786 2148 -—
809 2111 884 2176 Joan.
904 2113 991 2172 Lucii,
1010 2113 1027 2166 1.
1048 2129 1069 2165 c.
1089 2129 1115 2178 p.
1135 2117 1194 2172 358.
1214 2121 1239 2163 ct
1258 2116 1315 2171 361.

1010 2398 1048 2462 4.

503 2500 578 2547 rinno
602 2501 780 2558 1:48-1262.

602 2628 757 2702 Philippus
781 2632 860 2702 episc.
884 2631 1001 2704 zagrnb.
1023 2640 1154 2688 castrum
1178 2632 1304 2688 Medon!
1323 2633 1462 2705 rectificat.

486 2790 564 2846 Huic
587 2785 617 2868 (i.
642 2807 665 2850 e.
689 2791 846 2864 Stephano
869 2793 904 2850 Il.
933 2795 1079 2867 episcopo
1108 2796 1310 2864 zagrabicnsit
1342 2795 1486 2851 successit
1518 2795 1663 2851 dominus

397 2895 570 2969 Philippus
594 2897 718 2970 dequo
742 2899 848 2971 plures
872 2900 933 2957 iam
958 2901 1159 2958 recordantur
1182 2909 1212 2959 et
1235 2901 1292 2959 fuit
1315 2902 1498 2976 sollempnis
1523 2919 1662 2975 persona.

399 3001 457 3058 Hic
481 3002 563 3058 bono
586 3003 653 3059 zelo
677 3003 787 3061 (luctus
812 3006 969 3064 edificavit
992 3015 1125 3064 castrum
1153 3007 1260 3065 Medue
1283 3024 1340 3082 pro
1363 3009 1574 3065 conservando
1599 3010 1662 3065 the-

397 3121 490 3164 zauro
514 3109 641 3166 ecclesie
665 3117 749 3167 metu
772 3111 1005 3182 Thartarorum‚
1030 3116 1101 3186 quia
1124 3115 1224 3172 adhuc
1248 3130 1308 3172 non
1335 3121 1400 3172 erat
1416 3121 1538 3172 murata
1553 3117 1661 3172 civitas
1751 3193 1756 3202 .

395 3231 447 3270 seu
472 3220 607 3272 castrum
635 3215 787 3274 Grecense
790 3264 945 3277 ......
947 3237 949 3242 ·

401 3339 403 3346 ’
488 3353 507 3400 li
528 3353 618 3401 codice
641 3354 816 3406 membraneo,
833 3356 919 3414 „liber
938 3359 1101 3406 arelat-atum
1123 3358 1204 3408 dicto.
1228 3358 1251 3406 in
1271 3358 1378 3408 archivo
1398 3373 1453 3407 ren.
1474 3357 1544 3422 capit
1572 3373 1661 3420 zogra-

396 3441 502 3492 biensis
524 3471 554 3480 -
576 3441 650 3506 Joan.
669 3443 792 3493 Tkaliic':
814 3445 982 3495 Monumenta
1000 3445 1078 3511 episc.
1099 3447 1283 3512 apamensis,
1303 3449 1354 3501 vol,
1374 3444 1407 3496 11.
1427 3462 1487 3510 pag.
1506 3449 1531 3496 ti,

1010 3767 1043 3830 5.

501 3891 576 3937 Anno
597 3897 670 3946 1300.
690 3905 776 3937 mense
796 3892 924 3954 Augusto.

443 4019 564 4074 tholus
587 4017 726 4075 Robcrlus
741 4039 823 4092 regin
848 4022 1024 4091 Hungrm'ac
1039 4024 1203 4094 tanimundi
1216 4025 1317 4092 gratia
1335 4023 1512 4094 Zertrrabt'am
1529 4025 1611 4080 zicmt

482 4180 573 4238 Anno
597 4180 714 4238 domini
732 4182 848 4240 MCCC.
866 4199 970 4242 mense
987 4187 1134 4253 Augusto.
1160 4193 1300 4259 tempore
1317 4184 1463 4242 Bonifacii
1483 4203 1588 4260 papae.
1602 4187 1655 4242 do-

393 4287 495 4343 minus
518 4287 649 4344 Carolus
670 4305 766 4362 nepos
790 4291 894 4348 Caroli
918 4293 999 4362 regis
1023 4291 1145 4348 Siciliae
1170 4310 1224 4366 per
1256 4309 1341 4350 mare
1365 4310 1433 4350 cum
1458 4295 1554 4367 galeis
1580 4295 1655 4368 Spa-

394 4393 489 4449 letum
517 4393 676 4466 applicuit,
701 4395 753 4452 ubi
778 4411 833 4469 per
856 4412 992 4454 mensem
1022 4399 1071 4454 vel
1105 4399 1167 4456 fere
1200 4399 1277 4456 duos
1308 4401 1397 4458 stetit.
1429 4402 1655 4475 Egrediensque

395 4499 433 4555 de
457 4499 580 4556 civitate
603 4499 723 4573 Spalati
746 4503 776 4559 in
796 4503 943 4560 comitatu
968 4504 1056 4562 Pauli
1080 4506 1151 4562 bani
1176 4521 1283 4562 versus
1313 4507 1482 4578 Vngariam
1506 4508 1543 4564 ad
1569 4526 1655 4568 usur·

397 4604 534 4678 pandum
559 4621 689 4678 regnum
713 4609 905 4682 praedictum
927 4610 965 4666 de
981 4625 1074 4667 manu
1097 4611 1178 4682 regis
1196 4611 1345 4684 Andreae,
1365 4615 1448 4670 venit
1472 4613 1654 4688 Sagrabiam

391 4717 420 4767 et
444 4711 488 4768 ibi
511 4712 541 4768 in
565 4712 709 4770 manibus
732 4716 870 4786 magistri
894 4716 1026 4789 Hugrini
1050 4718 1188 4778 traditur.

481 4863 586 4913 Michae
605 4865 688 4914 Madii
709 4866 742 4914 de
760 4867 926 4923 llarbazanis.
947 4870 1059 4920 historia
1078 4873 1110 4920 de
1129 4874 1210 4936 gestis
1232 4873 1409 4924 Romanorum
1426 4875 1615 4940 imperatorum
1629 4884 1654 4926 et

393 4967 555 5003 summorum
573 4953 736 5020 pontificum.
757 4985 787 4992 -
807 4954 883 5020 Joan.
903 4957 989 5012 Lucii.
1009 4960 1028 5009 l.
1048 4975 1070 5011 c.
1088 4977 1148 5027 pag.
1170 4969 1230 5020 371.
1248 4978 1271 5014 c.
1289 4962 1336 5014 111.
