3728 5806
220 756 335 826 minici‚
358 771 394 812 ac
418 755 600 812 Michaelem
632 755 811 823 litteratum,
838 755 922 811 curie
952 754 1035 826 regie
1065 755 1222 810 notarium
1252 755 1422 827 specialem
1445 755 1484 812 ad

221 862 505 919 reambulacionem
529 866 682 918 metarum
707 861 786 918 inter
808 876 865 917 vos
888 860 1022 917 fiendam
1047 860 1168 934 pridem
1185 859 1440 932 deputaverimus
1456 866 1485 918 et

220 967 314 1025 iidem
338 966 462 1024 easdem
490 971 588 1024 metas
618 967 847 1040 particulariter
878 967 1151 1038 consignaverunt;
1184 971 1295 1036 tamen,
1330 967 1402 1038 quia
1426 967 1486 1040 ipsi

218 1079 347 1147 propter
370 1072 571 1145 frigiditatem
595 1073 745 1146 temporis
769 1077 799 1130 et
830 1072 1043 1146 pluralitatem
1074 1072 1193 1129 nivium
1217 1073 1319 1145 ipsam
1342 1073 1485 1130 reambu-

217 1180 378 1250 laciouem,
403 1180 489 1236 iuxta
504 1179 726 1236 continenciam
743 1179 980 1252 privilegiorum
997 1185 1173 1235 vestrorum
1189 1177 1338 1251 perficere
1361 1179 1486 1251 nequie-

218 1291 304 1355 runt;
328 1285 397 1342 ideo
421 1285 568 1342 volumus
590 1291 620 1342 et
645 1284 787 1342 fidelitati
803 1289 904 1342 vestre
920 1284 1052 1342 firmiter
1069 1282 1272 1358 precipiendo
1291 1283 1485 1355 mandamus,

220 1397 368 1464 quatenus
392 1392 491 1464 ipsam
509 1393 653 1448 metalem
672 1391 938 1464 consignacionem
963 1407 1020 1464 per
1042 1390 1178 1463 prefatos
1202 1389 1341 1447 homines
1365 1395 1486 1447 nostros

219 1498 341 1568 factam,
365 1503 445 1554 statu
470 1498 500 1554 in
522 1495 631 1554 eodem
657 1513 838 1571 permanere
861 1497 967 1554 sinatis
991 1496 1110 1554 tamdiu
1134 1511 1295 1568 quousque
1312 1496 1412 1569 ipsam
1430 1512 1485 1569 per

219 1604 358 1660 homines
394 1608 514 1660 nostros
549 1602 656 1676 perfici
692 1601 839 1660 faciemus
870 1607 899 1660 et
930 1603 1051 1660 interim
1084 1609 1192 1659 neutra
1228 1602 1369 1674 parcium
1404 1601 1487 1660 ultra

219 1710 482 1781 consignacionem
515 1709 661 1766 metalem
694 1709 878 1782 premissam
912 1708 1030 1781 aliquid
1066 1707 1176 1764 debeat
1212 1709 1367 1777 innovare,
1399 1708 1486 1766 aliud

219 1815 313 1888 igitur
337 1831 393 1889 pro
417 1823 522 1873 nostra
545 1815 648 1887 gracia
672 1830 732 1872 non
756 1814 875 1872 facturi.
899 1815 1015 1872 Datum
1040 1815 1070 1871 in
1103 1813 1180 1870 villa
1210 1811 1347 1883 Susicha,
1378 1815 1409 1872 in
1435 1830 1485 1872 oc·

224 1922 302 1978 lavis
325 1920 395 1978 sesti
419 1921 501 1978 beati
524 1921 671 2004 Johannis
695 1921 829 1995 apostoli
852 1929 882 1978 et
905 1921 1110 1991 ewangeliste.
1135 1921 1224 1977 Anno
1248 1919 1367 1978 domini
1382 1922 1485 1978 mille-

220 2029 299 2085 simo
323 2027 516 2085 CCCLXXX
540 2033 657 2099 quarto.

310 2145 449 2210 Originale
467 2145 494 2195 in
514 2145 611 2194 charta.
635 2145 759 2211 Sigillum
780 2145 937 2196 minusclum
962 2147 1124 2211 impressum.
1152 2146 1181 2196 In
1201 2147 1270 2196 arch.
1290 2148 1370 2196 Acad.
1391 2145 1479 2196 Scient

221 2235 321 2284 Slavor.
343 2234 435 2283 merid.

815 2447 899 2513 316.

309 2553 384 2601 Anno
406 2553 480 2614 1384,
502 2563 523 2601 l.
543 2551 645 2616 aprilis.
665 2552 762 2600 Budae.

220 2679 370 2737 Elisabeth
393 2681 494 2754 regina
518 2681 697 2752 Hungariaa
719 2681 803 2737 banis
825 2681 910 2752 regni
931 2677 1102 2736 Sclavaniae
1124 2688 1262 2752 expensas
1276 2681 1333 2737 sibe·
1341 2687 1400 2752 per
1413 2682 1486 2738 cives

228 2787 516 2860 Grcclrcrrsesfactas,
529 2787 566 2843 ab
581 2787 778 2860 rabage'anibus
792 2788 916 2844 danatus
931 2786 1031 2843 eisdem
1046 2787 1243 2844 resarciendas
1258 2805 1323 2856 esse,
1335 2789 1484 2861 praecipit.

308 2929 372 2986 Nos
396 2931 564 2998 Elizabeth,
587 2929 637 2988 dei
660 2931 764 3002 gracia
787 2931 895 3002 regina
918 2931 1084 3002 Hungarie,
1104 2929 1239 2991 Polonie.
1255 2931 1415 2988 Dalmacie
1431 2936 1485 2989 etc.

220 3036 318 3093 Vobis
342 3035 514 3107 magnificis
537 3036 613 3093 viris
637 3035 793 3109 Stephano
818 3043 847 3093 et
870 3037 1011 3118 Johanni,
1034 3037 1121 3108 regni
1141 3035 1303 3095 Sclauonie
1319 3037 1416 3108 banis,
1435 3037 1487 3095 fir·

222 3142 313 3199 miter
337 3140 537 3215 precipiendo
561 3142 753 3212 mandamus
777 3148 927 3214 quatenus
944 3159 1093 3216 expensas
1108 3159 1167 3216 pro
1182 3144 1372 3201 victualibus
1399 3145 1489 3201 nobis

222 3246 345 3321 pridem
368 3247 517 3320 Zagrabie
541 3248 742 3304 existentibus
773 3265 830 3322 per
862 3249 944 3306 cives
975 3248 1112 3306 eiusdem
1144 3250 1277 3308 civitatis
1304 3249 1408 3320 factas,
1435 3250 1489 3308 ha·

224 3353 288 3410 bita
310 3359 339 3410 et
362 3351 515 3425 condigna
537 3353 825 3426 recompensacione
845 3370 902 3427 per
925 3355 1104 3426 iobagiones
1127 3360 1247 3412 nostros
1268 3354 1341 3412 dicti
1357 3355 1488 3412 banatus

222 3459 359 3531 persolvi
383 3458 510 3529 faciatis
534 3459 619 3516 aliud
643 3475 704 3516 nou
729 3459 846 3518 facturi.
870 3459 988 3516 Datum
1011 3459 1104 3530 Bude,
1137 3459 1213 3517 feria
1235 3467 1322 3518 sexta
1344 3461 1489 3534 proxima

223 3569 291 3621 ante
315 3564 503 3627 dominicam
526 3565 633 3622 Ramis
657 3565 842 3638 palmarum.
875 3566 965 3622 Anno
996 3564 1114 3624 domini
1145 3565 1255 3623 MCCC
1278 3567 1488 3640 octuagesimo

222 3677 341 3742 quarto.

311 3806 333 3856 E
354 3812 518 3872 transumpto
537 3806 648 3872 capituli
669 3807 854 3872 aagrabicnsis,
874 3823 940 3857 anno
963 3809 1036 3869 1384,
1060 3809 1097 3858 18.
1117 3807 1187 3865 maii,
1207 3812 1236 3856 ut
1255 3807 1330 3856 inira.

815 4055 896 4123 317.

329 4197 405 4244 Anno
427 4196 502 4256 1384,
521 4205 561 4244 20.
582 4195 682 4259 aprilis.
703 4197 799 4245 Budae.

224 4323 366 4379 Nicolam
391 4321 497 4379 Zamba
520 4324 697 4393 tavarrrIcus,
720 4326 847 4381 alciora
876 4325 1036 4383 Grelzenses
1050 4327 1193 4384 dominam
1209 4329 1362 4384 Dikaoam
1386 4328 1416 4383 ae'n
1432 4329 1491 4383 exi-

488 4429 557 4485 lium
572 4430 686 4486 missam
709 4430 821 4486 damam
844 4441 1016 4502 revocarent,
1043 4433 1217 4506 deprecatur.

310 4573 375 4629 Nos
397 4573 544 4631 Nicolaus
567 4573 692 4646 lambo,
718 4576 864 4647 magister
888 4576 1138 4634 thavarnicorum
1163 4576 1326 4648 regalium.
1349 4577 1422 4647 Vos,
1447 4577 1491 4633 iu-

221 4678 333 4748 dicem,
365 4679 480 4736 iuratos
511 4684 540 4736 et
571 4680 732 4736 universos
763 4681 901 4753 hospites
924 4681 962 4738 de
986 4681 1137 4754 Zagrabia
1159 4682 1294 4754 petimus
1319 4681 1490 4753 diligenter,

223 4789 373 4855 quatenus
406 4784 564 4841 dominam
595 4785 759 4843 Dikawam
790 4787 885 4844 vestri
917 4787 947 4842 in
979 4785 1116 4843 medium
1140 4787 1226 4844 iuxta
1249 4791 1385 4843 tenorem
1411 4787 1490 4843 litte-

225 4904 330 4945 rarum
353 4889 540 4961 reginalium
564 4905 776 4964 assumpmere
800 4897 829 4948 et
852 4897 1012 4964 acceptare
1035 4891 1146 4963 velitis,
1163 4907 1218 4948 nec
1235 4891 1335 4949 eidem
1352 4891 1491 4964 aliquam

222 4995 400 5053 molestiam
424 5002 453 5053 et
478 4997 689 5055 turbacionem
714 4997 824 5056 inferri
847 4997 992 5054 debeatis.
1016 4997 1133 5054 Datum
1156 4997 1248 5068 Bude,
1280 4996 1357 5054 seria
1381 5003 1492 5069 quarta
