3782 5812
380 571 419 611 20
708 553 781 609 Doc.
805 567 852 610 22.
877 568 924 629 23.
951 587 988 596 -
1014 554 1070 612 An.
1094 551 1309 637 1246-1247.

378 751 420 810 Ut
442 753 536 824 igitur
559 769 597 810 ex
620 752 749 826 speciali
772 751 949 823 devocione,
973 768 1069 826 quam
1091 755 1130 812 ad
1152 772 1208 815 nos
1231 765 1262 815 et
1290 773 1452 816 romanam
1481 759 1648 816 ecclesiam

377 859 492 916 habere
508 858 683 929 dinosceris,
700 859 813 916 sentias
829 859 887 916 tibi
902 858 1044 918 favorem
1059 863 1265 936 apostolicum
1282 865 1460 936 accrevisse,
1490 871 1524 922 ut
1539 865 1648 924 nullus

377 965 537 1037 delegatus
560 965 611 1021 vel
635 965 865 1036 subdelegatus,
889 971 1035 1024 executor
1057 975 1110 1024 aut
1133 974 1340 1042 conservator,
1361 971 1542 1029 auctoritate
1563 969 1648 1027 sedis

377 1070 547 1144 apostolice
571 1071 622 1127 vel
645 1071 820 1143 legatorum
844 1072 950 1145 ipsius,
974 1072 1057 1130 inte
1080 1074 1132 1131 vel
1164 1076 1326 1134 ecelesiam
1357 1081 1444 1135 tuam
1467 1092 1648 1134 excommu-

376 1176 559 1245 nicacionis,
591 1177 800 1250 suspensionis
829 1182 881 1234 aut
915 1178 1070 1236 interdicti
1105 1182 1275 1239 sentencias
1306 1183 1409 1240 valeat
1443 1183 1647 1257 promulgare

377 1281 495 1352 absque
519 1281 665 1338 mandato
688 1281 769 1339 sedis
793 1283 963 1356 apostolice
986 1285 1122 1358 speciali,
1146 1285 1276 1345 faciente
1308 1289 1435 1362 plenam
1458 1287 1497 1346 de
1520 1289 1577 1346 hac
1599 1289 1647 1346 in·

377 1387 540 1460 dulgencia
571 1389 768 1458 mentionem,
798 1389 979 1447 auctoritate
1010 1391 1067 1448 tibi
1098 1394 1288 1465 presentium
1320 1394 1525 1468 indulgemus.
1558 1394 1647 1452 Nulli

376 1509 451 1566 ergo
475 1495 600 1551 omnino
624 1495 787 1551 hominum
810 1494 902 1552 liceat
924 1497 1004 1553 hanc
1027 1498 1174 1570 paginam
1190 1505 1292 1557 nostre
1308 1501 1512 1558 concessionis
1535 1499 1645 1558 infrin-

376 1615 456 1672 gere,
480 1601 532 1657 vel
555 1601 583 1657 ei
607 1615 681 1657 ausu
706 1601 870 1657 temerario
895 1603 1054 1660 contraire.
1082 1601 1115 1668 Si
1147 1606 1217 1677 quis
1248 1613 1353 1664 autem
1376 1607 1435 1664 hoc
1458 1611 1646 1679 attemptare

378 1707 603 1779 presumpserit
634 1705 876 1778 indignationem
907 1709 1126 1782 omnipotentis
1157 1711 1207 1768 dei
1238 1719 1266 1768 et
1299 1713 1463 1770 beatorum
1494 1712 1575 1770 Petri
1610 1717 1645 1769 et

378 1812 468 1870 Pauli
498 1812 712 1884 apostolorum
743 1812 809 1869 eius
840 1828 872 1869 se
902 1815 1023 1870 noverit
1054 1816 1257 1875 incursurum.
1289 1819 1405 1876 Datum
1437 1818 1579 1892 Lugduni
1606 1818 1644 1875 X.

378 1917 526 1976 kalendas
549 1919 632 1975 maii.
655 1918 855 1975 Pontificatus
878 1921 975 1977 nostri
997 1937 1077 1978 anno
1101 1925 1202 1981 tercio.

466 2035 550 2084 Liber
569 2034 659 2099 privil.
678 2035 756 2100 episc.
778 2036 882 2099 zagrab.
904 2035 948 2085 sol.
969 2039 1009 2086 82.
1030 2038 1115 2104 Typis
1129 2041 1257 2105 vulgavit,
1276 2043 1350 2107 Joan.
1368 2041 1484 2091 Tkaleie.
1498 2041 1569 2090 Mon.
1584 2041 1647 2091 hist

378 2124 457 2188 episc.
478 2125 582 2189 zagrab.
603 2141 625 2173 v.
646 2124 665 2173 Ι.
686 2140 709 2188 p.
731 2127 771 2186 84.

484 2321 531 2367 An.
555 2319 628 2380 1246.
643 2329 666 2367 2.
680 2319 752 2368 maii.
765 2319 899 2384 Lugduni.
981 2284 1039 2350 22·

378 2429 561 2485 Innocentius
585 2429 640 2485 IV.
665 2429 762 2502 Papo,
785 2431 897 2487 relevo!
917 2431 1073 2504 eptscrssum
1096 2439 1124 2487 et
1144 2433 1300 2505 capitulum
1323 2434 1510 2506 zagrabiense
1532 2452 1551 2490 a
1574 2437 1650 2492 reci-

372 2535 488 2608 piendis
512 2538 561 2592 vel
576 2536 762 2608 providendis
794 2537 903 2608 legatis,
933 2537 992 2592 nisi
1012 2546 1176 2610 expressum
1198 2537 1325 2596 habeant
1344 2539 1384 2597 ab
1405 2541 1561 2613 apostolica
1584 2542 1651 2598 sede

926 2643 1101 2700 mandatnm.

465 2769 664 2826 innocencius
687 2771 851 2843 episcopus
874 2785 982 2827 servus
1005 2784 1168 2828 servorum
1185 2771 1242 2828 dei.
1260 2771 1439 2828 Venerabili
1455 2771 1544 2829 fratri
1567 2765 1649 2850 (Ste-

378 2867 493 2952 phano)
510 2876 657 2949 episcopo
678 2877 868 2948 zagrabiensi
892 2883 921 2932 et
945 2876 1066 2932 dilectis
1090 2875 1164 2934 filiis
1188 2877 1325 2950 capitulo
1340 2878 1540 2949 zagrabiensi,
1563 2878 1647 2935 salu-

378 2987 494 3038 temet
517 2980 721 3054 apostolicam
745 2981 999 3039 benedictionem.
1029 2981 1071 3042 Ut
1093 2983 1213 3054 gravati
1237 2998 1331 3056 super
1354 2984 1533 3056 provisione
1556 2984 1648 3040 cleri-

379 3103 495 3158 corum,
513 3103 570 3162 per
587 3087 692 3145 sedem
717 3089 928 3160 apostolicam,
945 3105 1005 3160 que
1025 3095 1185 3161 tamquam
1201 3089 1253 3162 pia
1269 3094 1368 3146 mater
1385 3089 1512 3146 illorum
1535 3105 1655 3162 precesv

379 3195 566 3267 plerumque
597 3208 658 3250 non
690 3198 791 3266 potest
818 3193 960 3250 indurata
984 3193 1060 3251 facie
1084 3195 1286 3267 pertransire,
1317 3210 1466 3268 peream
1489 3194 1648 3253 interdum

380 3300 511 3357 alicuius
542 3299 741 3356 relevationis
772 3299 883 3355 solatio
913 3299 1088 3371 gaudeatis,
1123 3301 1304 3358 auctoritate
1333 3302 1424 3358 vobis
1454 3303 1647 3375 presentium

378 3405 593 3477 indulgemus:
624 3411 659 3461 ut
682 3404 721 3462 ad
745 3405 952 3478 receptionem
980 3421 1034 3462 seu
1058 3405 1268 3478 provisionem
1292 3407 1422 3464 alicuius
1446 3423 1502 3480 per
1524 3415 1647 3465 nostras

380 3513 507 3572 litteras.
530 3511 699 3583 generales,
730 3526 784 3567 seu
809 3511 982 3582 legatorum
1013 3511 1183 3585 apostolice
1206 3511 1287 3569 sedis
1311 3513 1459 3586 compelli
1482 3513 1521 3570 de
1544 3519 1647 3572 cetero

379 3634 439 3675 non
464 3619 588 3692 possitis
611 3617 707 3686 inviti,
732 3633 792 3689 que
815 3616 1005 3688 indulgentie
1028 3617 1207 3674 huiusmodi
1230 3634 1410 3690 expressam
1431 3619 1648 3678 non.fecerint

378 3725 580 3782 mencionem.
613 3723 700 3780 Nulli
724 3738 797 3795 ergo
821 3724 947 3780 omnino
970 3725 1132 3781 hominum
1156 3725 1246 3781 liceat
1270 3725 1348 3782 hanc
1371 3727 1519 3798 paginam
1542 3732 1647 3784 nostre

380 3831 584 3888 concessionis
609 3828 784 3901 infringere,
807 3830 859 3886 vel
882 3831 910 3886 ei
933 3845 1008 3886 ausu
1034 3831 1198 3887 temerario
1222 3831 1381 3888 contraire.
1398 3829 1430 3889 Si
1447 3832 1516 3904 quis
1540 3838 1646 3889 autem

378 3939 437 3996 hoc
461 3943 645 4009 attemptare
676 3937 905 4008 presumpserit
938 3936 1184 4008 indignacionem
1208 3937 1428 4010 omnipotentis
1451 3937 1501 3994 dei
1524 3943 1554 3995 et
1573 3938 1648 3994 bea·

378 4050 482 4102 torum
507 4043 590 4100 Petri
613 4048 642 4100 et
665 4043 753 4100 Pauli
776 4044 989 4116 apostolorum
1013 4044 1078 4100 eius
1102 4060 1134 4100 se
1156 4045 1278 4101 noverit
1301 4044 1505 4102 incursurum.
1531 4044 1647 4102 Datum

378 4149 524 4222 Lugduni
549 4149 598 4206 Vl.
623 4165 717 4206 nonas
741 4149 822 4205 maii.
846 4148 1045 4206 pontificatus
1069 4150 1165 4206 nostri
1188 4163 1268 4206 anno
1291 4150 1394 4207 tercio.

468 4265 551 4315 Liber
570 4265 660 4330 privil.
681 4265 759 4330 episc.
779 4279 849 4330 zagr.
870 4263 915 4314 fol.
935 4266 976 4316 82.
999 4265 1083 4332 Typis
1110 4266 1230 4330 vulgavit
1253 4267 1328 4332 Joan.
1353 4265 1467 4315 Tkaleic'.
1489 4267 1559 4320 Mon.
1579 4267 1642 4318 hist.

378 4356 456 4421 episc.
477 4371 548 4421 zagr.
568 4372 590 4404 v.
611 4355 630 4404 1.
651 4371 675 4420 p.
696 4356 736 4405 86.

979 4479 1040 4544 23.

484 4534 534 4581 An.
549 4541 621 4592 1247.
636 4541 674 4580 11.
686 4538 751 4596 sept.
765 4530 795 4580 In
805 4531 904 4580 Zolum.

379 4643 453 4700 Belo
478 4642 533 4699 IV.
558 4641 737 4714 Hungorioe
759 4648 806 4698 etc.
831 4660 885 4697 rex
907 4642 1020 4715 confert
1036 4643 1163 4714 capitulo
1185 4643 1370 4715 zagrabiensi
1386 4651 1504 4701 montem
1527 4643 1648 4718 Graios

497 4749 582 4804 iuxta
605 4745 792 4820 Zogrobrom,
816 4754 850 4804 ut
870 4747 911 4802 ibi
931 4747 1066 4822 nerlfficr'o
1090 4755 1224 4805 exstruat
1244 4749 1389 4824 locumque
1411 4752 1530 4807 muniat.

468 4893 541 4950 Bela
558 4891 608 4949 dei
631 4893 729 4964 gratia
752 4892 919 4964 Hungarie,
935 4893 1105 4963 Dalmacie,
1123 4893 1281 4965 Chroacie,
1305 4895 1411 4965 Rame‚
1435 4894 1549 4966 Seruie,
1571 4895 1647 4952 Gal-

383 5001 461 5070 licic,
494 4998 687 5068 Lodomerie,
717 4997 928 5070 Cumauieque
959 5015 1021 5056 rex.
1053 4999 1214 5058 Universis
1245 4999 1361 5058 Christi
1390 5000 1546 5072 fidelibuS,
1576 5017 1649 5075 pre·
