3824 5806
421 533 482 606 33⁶
859 533 931 589 Dor.
950 529 1027 608 360.
1053 567 1090 578 -
1116 535 1172 592 An.
1190 548 1281 611 139²·

419 729 523 786 omnia
546 735 576 786 et
599 729 720 800 singula
744 730 973 800 committendo,
995 738 1088 805 prout
1109 739 1139 789 et
1162 735 1239 790 sicut
1264 735 1292 791 in
1316 735 1427 792 litteris
1451 737 1549 808 ipsius
1565 735 1686 793 domini

420 836 557 908 episcopi
578 836 939 909 compromissionalibus
963 839 1105 910 superius
1129 839 1283 912 inscriptis
1307 841 1486 898 continetur.
1511 841 1572 898 Pro
1600 851 1687 914 parte

421 957 495 998 vero
519 941 674 998 dictorum
698 941 897 998 dominorum
921 944 1139 1000 canonicorum
1163 951 1192 1002 et
1215 946 1343 1018 capituli
1367 961 1384 1001 a
1407 952 1495 1019 parte
1515 948 1614 1004 altera
1630 948 1687 1004 luit

420 1049 624 1121 propositum,
648 1047 732 1119 quod
753 1063 810 1121 per
833 1048 935 1120 ipsum
959 1047 1119 1106 dominum
1144 1052 1326 1124 episcopum
1351 1052 1488 1125 plurima
1504 1060 1534 1110 et
1550 1053 1687 1126 plurima

419 1161 564 1213 attentata
588 1159 619 1212 et
639 1155 783 1211 innovata
806 1153 934 1211 fuissent
957 1161 987 1212 et
1009 1163 1109 1212 essent
1133 1163 1240 1214 contra
1271 1158 1373 1230 ipsum
1406 1159 1588 1232 capitulum,
1611 1175 1685 1215 nam

419 1263 485 1335 ipse
508 1261 652 1319 dominus
674 1261 839 1334 episcopus
862 1266 968 1317 contra
991 1260 1084 1317 deum
1108 1268 1137 1319 et
1154 1263 1306 1320 iusticiam
1323 1265 1402 1320 inter
1419 1269 1519 1321 cetera
1535 1264 1688 1336 quasdam

419 1369 587 1442 particulas
611 1373 691 1425 terre
714 1366 937 1440 Bokaniapolia
960 1371 990 1424 et
1013 1365 1127 1440 Ztruga
1151 1376 1283 1440 vocatas,
1308 1372 1381 1427 item
1407 1370 1542 1427 decimas
1566 1371 1605 1426 de
1624 1371 1685 1427 Da-

418 1474 556 1532 uidoucz
580 1474 655 1547 ipsis
677 1472 810 1530 dominis
834 1473 986 1530 canonicis
1009 1479 1039 1530 et
1061 1475 1199 1548 capitulo
1224 1477 1409 1548 pertinentes
1427 1477 1512 1533 iuxta
1528 1479 1686 1534 continen-

418 1583 481 1638 cias
504 1585 691 1638 statutorum
713 1581 810 1654 ipsius
842 1579 976 1637 ecclesie.
1013 1580 1098 1650 item,
1122 1586 1237 1638 rectam
1262 1589 1291 1638 et
1314 1583 1456 1654 equalem
1486 1583 1684 1640 medietatem

418 1687 610 1744 decimarum
634 1685 672 1742 de
695 1685 793 1742 vineis
817 1686 962 1742 territorii
987 1686 1048 1743 vici
1072 1686 1252 1744 Latinorum
1276 1687 1351 1760 ipsis
1375 1688 1509 1745 dominis
1532 1691 1686 1746 canonicis

419 1809 455 1850 ac
477 1793 615 1866 capitulo
639 1807 674 1848 ac
697 1791 862 1864 quartariis
885 1792 1051 1864 provenire
1074 1792 1259 1850 debencium
1285 1800 1463 1866 occupasset
1486 1801 1516 1852 et
1542 1797 1686 1867 occupari

418 1899 538 1957 fecisset
569 1905 598 1955 et
621 1899 676 1956 ‘sui
717 1899 858 1970 potencia
889 1897 1043 1955 mediante
1072 1903 1222 1972 occupata
1252 1899 1401 1957 detineret
1432 1901 1463 1957 in
1494 1901 1596 1958 anime
1631 1917 1684 1957 sue

418 2004 634 2079 preiudicium,
659 2019 719 2061 non
748 2003 906 2062 modicum
938 2003 1159 2062 detrimentum
1182 2011 1213 2062 et
1236 2006 1384 2063 iacturam
1409 2006 1483 2062 dicti
1506 2007 1633 2080 capituli
1656 2013 1687 2062 et

419 2112 648 2184 quartanorum
672 2125 808 2179 suorum,
831 2126 909 2183 quas
936 2116 966 2168 et
993 2127 1053 2183 que
1084 2111 1241 2185 prefatum
1264 2113 1439 2186 capitulum
1459 2114 1520 2186 ipsi
1535 2118 1565 2169 et
1588 2114 1685 2185 ipsius

418 2233 523 2276 mense
546 2219 586 2274 ab
610 2217 737 2290 antiquo
764 2217 947 2290 pertinuisse
979 2223 1009 2274 et
1039 2218 1070 2275 in
1098 2219 1231 2291 presenti
1263 2219 1417 2291 pertinere
1448 2220 1625 2276 asserebant
1656 2229 1685 2274 et

418 2333 554 2382 asserent
577 2324 616 2381 de
639 2325 781 2398 presenti.
806 2323 891 2392 Item,
915 2323 1022 2396 plures
1045 2325 1254 2382 instituciones
1277 2326 1308 2382 in
1332 2326 1394 2382 suis
1417 2325 1544 2396 synodis
1567 2325 1638 2381 lecit
1655 2325 1684 2381 in

419 2431 558 2504 ipsorum
584 2429 789 2504 preiudicium
821 2435 850 2486 et
881 2429 995 2486 iurium
1019 2429 1160 2503 ipsorum
1183 2431 1258 2505 ipsis
1281 2446 1342 2488 non
1371 2431 1488 2488 vocatis
1517 2447 1616 2502 neque
1640 2446 1686 2486 re-

419 2536 548 2608 quisitis.
572 2535 658 2604 Item,
689 2535 854 2592 nonnullas
885 2534 1147 2606 denunciaciones,
1169 2537 1514 2606 excommunicaciones,
1539 2536 1683 2593 videlicet

418 2643 520 2716 ipsum
538 2642 710 2716 capitulum
733 2647 763 2698 et
777 2641 950 2713 singulares
966 2657 1113 2715 personas
1129 2643 1225 2716 ipsius
1241 2643 1368 2716 capituli
1386 2644 1416 2700 in
1433 2643 1544 2699 ultima
1562 2640 1680 2713 synodo

418 2749 448 2806 in
480 2749 614 2806 Chasma
645 2765 701 2821 per
731 2747 834 2820 ipsum
867 2746 1029 2804 dominum
1053 2749 1235 2822 episcopum
1258 2749 1422 2818 celebrata,
1447 2749 1486 2805 de
1509 2748 1590 2806 sacto
1615 2747 1685 2804 fecit

418 2862 448 2911 et
471 2871 508 2912 ex
532 2855 675 2928 abrupto,
702 2853 790 2909 nullo
814 2853 889 2910 iuris
911 2853 1019 2910 ordine
1049 2861 1180 2924 servato,
1208 2871 1267 2928 que
1295 2855 1632 2912 excommunicaciones
1656 2861 1685 2910 et

418 2959 719 3019 denunciacionessi
743 2959 826 3016 etin
850 2965 1000 3032 quantum
1032 2967 1179 3033 apareant
1209 2965 1280 3018 sunt
1309 2961 1395 3018 nulle
1420 2961 1487 3035 ipso
1516 2962 1589 3030 iure,
1617 2961 1685 3016 nul-

418 3069 478 3125 lius
499 3067 615 3124 valoris
638 3073 668 3124 et
692 3067 857 3136 momenti;
880 3082 974 3139 super
998 3067 1112 3139 quibus
1143 3069 1274 3139 petitum
1305 3067 1363 3125 fuit
1393 3083 1451 3140 pro
1474 3074 1562 3140 parte
1586 3068 1682 3140 ipsius

417 3174 545 3248 capituli
569 3190 626 3248 per
648 3187 704 3230 nos
727 3178 757 3229 et
779 3177 918 3229 nostram
940 3173 1157 3230 arbitrativam
1180 3180 1210 3230 et
1233 3172 1427 3231 definitivam
1442 3174 1627 3230 sentenciam
1645 3189 1682 3228 ex

418 3285 505 3353 parte
528 3272 625 3353 ipsius
648 3278 766 3336 domini
789 3277 927 3351 episcopi
951 3279 1070 3336 iusticie
1108 3279 1371 3353 complementum
1397 3285 1427 3336 et
1450 3278 1531 3336 dicta
1547 3280 1614 3335 iura
1630 3295 1686 3334 sua

417 3387 546 3457 restitui,
569 3401 640 3443 cum
663 3390 800 3458 spectent
830 3397 860 3442 et
890 3385 1071 3458 pertineant,
1102 3391 1319 3458 spectaverunt
1349 3393 1378 3442 et
1401 3386 1617 3458 pertinuerunt
1643 3385 1682 3442 ad

417 3493 536 3550 dictum
559 3491 731 3564 capitulum
763 3497 793 3548 et
823 3505 962 3548 mensam
993 3491 1198 3563 capitularem
1226 3491 1366 3564 ipsorum
1389 3497 1419 3547 et
1442 3491 1681 3563 quarteriorum.

417 3599 546 3672 ipseque
569 3603 691 3667 statuta,
715 3597 1052 3655 excommunicaciones
1075 3602 1104 3654 et
1127 3596 1381 3654 denunciaciones
1401 3598 1599 3669 pronunciari
1622 3613 1683 3654 non

417 3705 522 3762 valere
553 3719 653 3776 neque
677 3711 788 3774 tenere,
812 3719 872 3761 nou
896 3703 1031 3760 valuisse
1054 3719 1154 3775 neque
1177 3704 1318 3775 tenuisse,
1350 3708 1379 3760 et
1408 3703 1495 3760 nulla
1527 3718 1592 3760 esse
1617 3703 1685 3776 ipso

417 3811 483 3868 iure
506 3817 536 3868 et
559 3815 710 3883 quatenus
733 3809 772 3866 de
795 3809 876 3867 facto
899 3809 1112 3882 processerint
1144 3816 1268 3866 eatenus
1291 3809 1330 3866 de
1360 3807 1443 3866 facto
1466 3810 1606 3866 revocari
1632 3809 1685 3866 de·

418 3917 533 3988 luerent,
558 3917 687 3974 arbitrio
710 3921 823 3986 tamen,
847 3915 1055 3988 disposicioni,
1080 3915 1262 3973 discussioni
1281 3920 1311 3972 et
1327 3915 1547 3973 deliberacioni
1570 3916 1684 3972 nostris

417 4023 521 4080 omnia
544 4028 574 4080 et
598 4022 720 4094 singula
743 4021 974 4091 committendo
991 4025 1084 4094 prout
1108 4028 1138 4079 et
1160 4021 1239 4079 sicut
1254 4023 1286 4079 in
1301 4021 1413 4079 litteris
1432 4023 1685 4095 compromissio-

416 4129 540 4186 nalibus
563 4129 661 4202 ipsius
684 4129 813 4202 capituli
837 4129 979 4201 superius
1010 4129 1165 4201 inscriptis
1195 4129 1409 4186 contineretur.
1443 4127 1565 4185 Auditis
1589 4129 1686 4199 igitur

416 4236 555 4310 ipsarum
578 4236 719 4309 parcium
743 4234 837 4293 modo
860 4235 1024 4308 prehabito
1049 4233 1138 4292 factis
1158 4234 1427 4308 proposicionibus
1451 4241 1481 4290 et
1504 4235 1685 4307 replicacio-

415 4343 507 4400 nibus
537 4349 629 4414 atque
659 4342 730 4400 hinc
760 4342 831 4400 inde
863 4339 951 4398 factis
975 4341 1240 4413 altercacionibus,
1273 4341 1540 4412 assignaveramus
1565 4340 1683 4397 eisdem

416 4449 558 4522 partibus
592 4449 690 4505 alium
722 4449 889 4505 terminum
923 4446 1090 4504 iuridicum
1118 4451 1346 4520 competentem
1376 4445 1415 4502 ad
1448 4445 1685 4518 producendum

415 4555 559 4612 universa
584 4555 659 4623 iura,
684 4554 832 4612 litteralia
854 4554 1058 4610 instrumenta
1081 4559 1111 4609 et
1134 4553 1229 4609 simul
1253 4552 1471 4610 testimonialia
1493 4551 1520 4608 si
1546 4567 1608 4624 que
1634 4553 1686 4607 ha·

415 4661 524 4718 berent
547 4675 605 4733 pro
629 4660 761 4716 tuicione
784 4666 814 4716 et
839 4658 1015 4716 defensione
1038 4659 1086 4716 sui
1110 4659 1185 4716 iuris
1208 4663 1301 4731 atque
1317 4657 1355 4715 ad
1373 4657 1540 4715 dicendum
1562 4665 1592 4716 et
1607 4659 1681 4714 alle·

415 4765 552 4840 gandum
576 4767 601 4822 si
625 4765 701 4838 quid
725 4765 843 4823 vellent
866 4766 964 4822 verbo
982 4765 1031 4822 vel
1049 4765 1219 4839 inscriptis
1242 4771 1348 4822 contra
1372 4781 1403 4821 se
1427 4765 1561 4822 invicem
1578 4771 1688 4820 mutua

414 4871 632 4930 vicissitudine.
670 4871 740 4943 Quo
775 4872 907 4930 termino
938 4871 1118 4929 adveniente
1152 4871 1325 4928 constitutis
1359 4870 1505 4944 predictis
1539 4871 1687 4942 parribus

415 4979 508 5036 modo
532 4979 684 5052 premisso
707 4993 813 5036 coram
828 4979 918 5036 nobis
935 4993 993 5050 pro
1009 4977 1157 5034 tribunali
1173 4993 1234 5034 una
1250 4993 1321 5034 cum
1338 4977 1545 5033 assessoribus
1569 4978 1687 5034 nostris
