3728 5806
582 547 654 605 Boc.
678 561 748 624 293.
773 561 845 625 294.
873 580 909 588 -
935 545 991 603 An.
1015 541 1106 623 1380.

807 741 895 808 293.

319 866 395 914 Anno
418 865 491 922 1380,
512 875 553 928 29.
575 864 675 914 marcii.
693 864 846 930 Zagrabiae.

214 992 359 1048 Nt'colnus
392 993 491 1050 Verius
521 993 642 1071 nagrab.
673 1011 770 1064 comes,
799 993 938 1050 iudicibus
967 993 1103 1049 nobilium
1133 993 1255 1050 eiusdem
1277 994 1426 1049 comitatus
1449 992 1482 1050 de

309 1098 407 1174 foedis
427 1099 535 1156 actibus
557 1101 689 1156 canonici
709 1100 829 1157 Mcolai
850 1099 977 1156 Briilini
997 1106 1032 1156 nt
1051 1100 1210 1172 inquirant,
1230 1099 1377 1172 praeibit.

302 1241 470 1300 Nobilibus
499 1243 575 1300 viris
606 1248 636 1300 et
667 1244 811 1314 honestis
835 1243 990 1300 iudicibus
1013 1244 1167 1300 nobilium
1190 1243 1353 1300 comitatus
1377 1257 1480 1316 ragra-

214 1348 337 1405 biensis.
362 1347 476 1406 Dicunt
507 1349 605 1419 nobis,
636 1349 719 1406 Luca
742 1347 843 1420 iudex,
871 1349 971 1408 iurati.
996 1350 1161 1406 consiliarii
1187 1355 1216 1406 et
1239 1349 1375 1406 universi
1398 1349 1481 1406 cives

212 1461 315 1512 vestre
338 1455 472 1513 civitatis
495 1456 609 1512 montis
632 1455 824 1526 Grechensis,
847 1457 937 1528 gravi
960 1471 1031 1512 cum
1055 1455 1190 1528 querela,
1210 1455 1293 1528 quod
1310 1456 1481 1529 capitulum

213 1561 341 1618 ecclesie
369 1561 585 1633 zagrabiensis.
617 1560 694 1618 feria
725 1562 818 1618 tercia
851 1561 995 1634 proxima
1019 1569 1088 1633 post
1113 1559 1224 1617 festum
1250 1576 1339 1634 pasce
1363 1560 1481 1618 domini

215 1682 294 1723 nunc
325 1667 469 1740 proxime
501 1667 655 1740 preterita,
686 1668 827 1740 nequicia
857 1667 1056 1740 precogitata,
1088 1667 1137 1724 dei
1167 1668 1277 1724 timore
1300 1667 1481 1740 postposit0,

214 1776 361 1843 tanquam
385 1773 522 1829 satelltes
546 1787 581 1829 ac
605 1773 804 1830 immemores
827 1773 920 1830 saluti
937 1773 1038 1830 anime
1054 1773 1204 1846 ipsorum,
1221 1773 1316 1830 misso
1333 1775 1481 1846 magistro

218 1876 354 1948 Nicolao,
386 1877 453 1935 filio
484 1877 626 1950 Bryslini,
658 1879 863 1936 concanonico
894 1885 924 1936 et
954 1880 1038 1936 socio
1068 1880 1209 1953 ipsorum
1240 1895 1310 1936 cum
1344 1880 1482 1952 ipsorum

217 1984 425 2056 complicibus
462 1984 606 2041 manibus
642 1985 778 2054 armatis,
816 1985 1000 2057 potenciaris
1031 2001 1065 2042 ac
1097 1985 1250 2056 violentis,
1287 1986 1371 2042 clara
1405 1985 1482 2054 luce,

215 2089 290 2146 citra
322 2088 483 2146 meridiem
516 2105 572 2163 per
602 2090 851 2148 commissionem
883 2089 956 2148 dicti
979 2091 1108 2164 capituli
1131 2091 1161 2148 in
1194 2091 1350 2149 civitatem
1382 2097 1483 2148 vestre

214 2196 383 2253 maiestatis
420 2196 560 2269 ipsorum
592 2197 707 2254 civium
739 2196 941 2254 habitacionis
972 2197 1045 2254 dicti
1077 2197 1191 2254 montis
1221 2196 1405 2255 Grechensis
1431 2212 1481 2253 ve·

215 2301 334 2372 nlend0,
365 2317 465 2376 prope
495 2303 658 2359 ecclesiam
688 2302 785 2358 sancti
818 2303 940 2360 Martini
972 2303 1131 2360 irruissent
1161 2309 1191 2359 et
1223 2302 1300 2360 duos
1342 2303 1482 2374 ipsorum

213 2408 305 2477 cives,
336 2407 491 2478 videlicet,
524 2408 671 2478 iwanum,
702 2407 804 2465 filium
835 2408 1014 2480 Draginych
1046 2408 1122 2466 diris
1153 2413 1183 2466 et
1210 2409 1358 2465 letalibus
1381 2409 1483 2482 plagis

213 2514 368 2571 wlnerum
392 2513 422 2571 in
449 2515 578 2588 propria
607 2513 702 2571 domo
731 2514 870 2588 ipsorum
902 2515 1104 2571 wlnerassent
1135 2521 1165 2571 et
1195 2515 1398 2584 mutilassent,
1428 2515 1482 2571 ubl

213 2620 373 2692 predictus
408 2620 499 2690 iwan,
530 2620 615 2678 filius
647 2620 825 2692 Draginich.
856 2620 1001 2694 spiritum
1033 2619 1203 2688 exalasset;
1237 2619 1276 2676 de
1310 2621 1373 2676 alio
1408 2634 1483 2676 vero

214 2725 304 2784 Petro
328 2726 528 2784 Iowrecbich
554 2726 592 2784 de
615 2742 670 2784 sua
694 2727 758 2784 vita
781 2727 913 2784 dubium
937 2726 1121 2795 haberetur;
1142 2727 1196 2783 lite
1213 2731 1316 2783 tamen
1331 2725 1483 2799 pendente

213 2835 293 2890 inter
316 2831 474 2906 predictos
501 2834 584 2890 cives
616 2839 645 2890 et
678 2834 851 2907 capitulum
883 2839 1089 2906 prenotatum.
1121 2831 1222 2906 Super
1254 2848 1315 2905 quo
1348 2839 1483 2889 vestram

216 2939 353 3012 petimus
376 2939 549 2997 amiciciam
574 2945 604 2996 et
626 2939 845 2996 nichilominus
878 2939 1069 3012 precipimus
1093 2939 1289 3012 presentibus
1312 2938 1483 3010 diligenter,

215 3050 366 3118 quatenus
397 3061 493 3102 unum
523 3046 576 3102 vel
608 3045 687 3102 duos
718 3061 755 3102 ex
787 3047 878 3103 vobis
910 3045 1133 3116 transmittatis,
1157 3045 1210 3116 qui
1234 3045 1275 3101 ab
1298 3044 1484 3101 omnibusa

215 3152 328 3224 quibus
351 3151 462 3209 decens
476 3141 515 3209 'et
538 3157 727 3226 oportunum
751 3151 852 3223 fuerit,
872 3152 978 3224 palam
995 3157 1025 3208 et
1040 3151 1160 3207 occulte
1177 3149 1391 3221 investigando
1407 3150 1483 3206 sciat

215 3265 244 3314 et
268 3257 403 3330 inquirat
433 3257 472 3314 de
495 3258 655 3331 premissis
679 3257 891 3315 omnimodam
919 3258 1092 3326 veritatem,
1123 3263 1154 3313 et
1188 3255 1312 3314 tandem
1335 3254 1483 3327 quicquid

217 3364 327 3421 exinde
350 3365 442 3422 vobis
466 3365 580 3421 veritas
604 3363 782 3434 constiterit,
801 3362 928 3419 domino
944 3370 1049 3420 nostro
1065 3362 1132 3435 regi
1147 3361 1282 3419 fideliter
1297 3360 1481 3417 rescribatis.

217 3469 329 3528 Datum
355 3469 513 3542 Zagrabie‚
538 3469 613 3527 feria
647 3470 753 3542 quinta
776 3469 920 3542 proxima
947 3473 1018 3541 post
1048 3467 1223 3542 predictum
1248 3466 1360 3523 festum
1392 3481 1483 3539 pasce

216 3576 342 3634 domini.
367 3578 456 3634 Anno
479 3575 617 3634 eiusdem
641 3575 811 3632 millesimo
834 3574 1034 3632 CCCLXXX.

305 3712 327 3761 E
347 3717 513 3777 transumpto
532 3711 650 3760 iudicum
668 3710 799 3761 nobilium
819 3709 959 3760 comitatus
975 3709 1162 3776 'zagrabiensis
1185 3724 1252 3758 anno
1274 3709 1347 3766 1380.
1362 3713 1390 3756 ut
1405 3707 1480 3757 inira.

803 3943 894 4010 294.

322 4089 399 4138 Anno
421 4087 494 4145 1380,
514 4095 537 4144 3.
558 4085 659 4150 aprilis.
680 4085 834 4151 Zagrabiae.

217 4217 327 4274 Iudi'ccs
350 4216 486 4274 nobilium
508 4215 656 4273 comitanus
677 4215 794 4288 nagrab.
815 4222 936 4289 peracta
964 4216 1146 4289 inquisitione
1167 4215 1201 4272 de
1227 4215 1352 4289 nefariis
1377 4213 1486 4272 actibus

426 4322 558 4378 canonici
579 4320 699 4378 Nicolai
728 4321 860 4389 Briilini,
884 4321 1028 4378 ludovico
1050 4323 1114 4394 regi
1135 4321 1271 4395 refiruni.

305 4465 574 4522 Excellentissimo
597 4463 724 4522 domino
756 4480 863 4522 eorum
895 4465 1060 4535 Lodouico
1089 4463 1139 4521 dei
1161 4463 1265 4536 gracia
1288 4463 1395 4520 inclito
1418 4463 1484 4534 regi

219 4571 384 4645 Hungarie,
416 4569 551 4640 Polonie‚
583 4571 743 4628 Dalmacie
778 4576 833 4628 etc.
866 4571 984 4628 ludices
1016 4571 1171 4628 nobilium
1193 4571 1358 4628 comitatus
1380 4585 1485 4640 zagra-

219 4679 332 4736 biensis
355 4677 590 4735 inclinacionem
607 4693 679 4735 cum
695 4683 845 4752 perpetua
860 4677 1017 4734 fidelitate.
1035 4677 1163 4734 Noverit
1178 4683 1282 4733 vestra
1300 4675 1485 4744 sublimitas,

219 4799 273 4841 nos
297 4783 449 4856 recepisse
477 4783 594 4840 litteras
620 4783 763 4855 magistri
787 4782 908 4840 Nicolai
932 4782 970 4840 de
994 4783 1109 4852 Virtus,
1134 4781 1256 4839 comitis
1279 4779 1486 4852 zagrabiensis

218 4895 247 4947 et
268 4889 429 4947 castellani
452 4888 491 4946 de
519 4888 668 4960 Medwed,
700 4889 781 4946 hunc
811 4895 947 4946 tenorem
982 4889 1184 4946 continentes:
1220 4882 1293 4964 (vid.
1333 4903 1375 4943 nr.
1415 4899 1484 4960 ²93·

219 5009 297 5053 anno
324 4993 418 5068 1380,
451 5010 498 5069 29·
531 4987 659 5070 marcii.)
690 4994 753 5051 Nos
784 4996 888 5067 itaque
920 4994 1124 5068 peticionibus
1151 4999 1181 5051 et
1209 4993 1362 5051 mandatis
1386 4993 1484 5066 ipsius
