3824 5806
773 527 846 586 Dee.
869 543 943 606 404„
967 539 1037 606 405.
1065 562 1102 572 -
1123 529 1179 587 An.
1203 542 1291 608 1397.

1331 636 1671 645 ———.

988 739 1085 806 404.

508 879 585 928 Anno
606 886 681 941 1397,
702 889 743 928 21.
763 879 861 928 martii.
882 877 1134 943 Quinqueecclesiis.

405 1003 605 1078 Segumundus
625 1006 802 1078 Hungareire
824 1014 872 1062 ete.
895 1025 950 1063 rex
971 1007 1045 1064 ciues
1081 1006 1263 1077 Greclrenses‚
1292 1027 1328 1065 ne
1351 1017 1472 1082 propter
1497 1028 1630 1067 excessus
1652 1029 1673 1064 a

470 1111 593 1184 quolibet
612 1111 703 1168 iudice
723 1113 944 1170 molestarentur
957 1113 1101 1186 prohibet,
1124 1132 1224 1188 eosque
1247 1117 1276 1171 in
1300 1116 1427 1172 netellam
1447 1117 1603 1173 assummit.

493 1269 555 1328 Nos
577 1269 794 1344 sigismundus
818 1272 868 1330 dei
891 1275 995 1346 gracia
1018 1289 1073 1331 rex
1089 1274 1255 1347 Hungarie,
1273 1275 1442 1346 Dalmacie,
1463 1275 1591 1333 Croacie
1616 1285 1672 1333 etc.

405 1377 554 1434 Memorie
587 1377 841 1436 commendamus
873 1387 977 1437 tenore
1009 1382 1203 1453 presencium
1237 1381 1443 1453 significantes
1474 1382 1588 1453 quibus
1620 1397 1673 1437 ex·

405 1482 492 1556 pedit
515 1483 676 1554 universis,
700 1485 783 1556 quod
808 1501 863 1542 nos
887 1485 925 1542 de
947 1487 1135 1557 benignitate
1158 1487 1264 1559 regali,
1289 1503 1350 1559 qua
1376 1487 1595 1544 excedentibus
1618 1503 1674 1542 ve·

405 1589 489 1646 niam
502 1595 531 1645 et
545 1589 640 1662 lapsis
653 1591 855 1648 sublevamen
872 1592 1009 1649 solemus
1026 1592 1188 1665 impertiri,
1206 1594 1342 1666 iurisque
1359 1593 1494 1664 rigorem
1514 1591 1672 1649 interdum

407 1693 531 1750 lenitate
555 1695 766 1753 misericordie
781 1698 999 1754 consvevimus
1014 1703 1196 1769 temperare.
1217 1698 1375 1755 Fidelibus
1391 1699 1503 1755 nostris
1519 1697 1674 1754 universis

407 1809 437 1856 et
459 1800 589 1872 singulis
613 1801 733 1858 civibus
757 1818 809 1860 seu
834 1803 1009 1876 hospitibus
1034 1804 1145 1860 nostris
1168 1803 1207 1860 de
1232 1803 1383 1876 Zagrabia
1402 1819 1496 1876 super
1519 1803 1673 1860 universis

408 1904 496 1962 iactis
519 1907 723 1980 potenciariis‚
748 1909 908 1966 hominum
940 1909 1235 1982 interempcionibus
1265 1919 1295 1966 et
1327 1909 1594 1978 wineracionibuS,
1619 1908 1675 1965 do·

409 2026 595 2084 morumque
618 2014 885 2072 combustionibus
908 2031 944 2072 ac
964 2015 1035 2072 aliis
1062 2014 1150 2072 lactis
1182 2017 1336 2073 iniuriosis
1360 2021 1391 2072 et
1414 2013 1594 2072 facinorosis
1618 2029 1676 2086 per

410 2117 494 2189 ipsos
517 2117 663 2174 hactenus
687 2120 909 2192 quoquomodo
939 2121 1175 2178 honorabilibus
1205 2122 1280 2179 viris
1312 2121 1447 2178 dominis
1474 2119 1513 2176 de
1536 2121 1675 2192 capitulo

407 2223 535 2280 ecclesie
564 2224 771 2295 zagrabiensis
801 2226 897 2283 illatis
927 2233 957 2282 et
986 2227 1124 2299 patratis
1155 2228 1317 2300 capitibus,
1347 2227 1601 2300 possessionibus,
1628 2241 1676 2282 re·

409 2330 529 2401 busque
553 2336 583 2386 et
609 2329 697 2387 bonis
728 2346 836 2389 eorum
868 2334 1019 2390 universis
1050 2334 1187 2406 graciam
1214 2341 1243 2390 et
1277 2332 1521 2390 misericordiam
1546 2331 1675 2390 lecimus

409 2435 584 2508 specialem.
616 2435 768 2507 Quocirca
792 2439 882 2495 vobis
907 2439 1079 2511 magnificis
1103 2439 1188 2510 viris,
1205 2439 1339 2496 dominis
1370 2439 1508 2513 palatino
1530 2445 1560 2495 et
1581 2438 1675 2494 iudici

409 2539 493 2597 curie
516 2547 628 2611 nostre,
660 2541 733 2598 item
765 2545 851 2615 regni
882 2545 978 2601 nostri
1012 2543 1175 2602 Sclauonie
1206 2547 1295 2614 bano,
1328 2553 1507 2618 vestrasque
1538 2545 1621 2601 vices
1644 2544 1674 2600 in

410 2645 546 2704 iudicatu
569 2648 756 2720 gerentibus,
780 2651 849 2707 aliis
872 2652 970 2708 eciam
994 2651 1111 2709 cunctis
1134 2651 1220 2722 regni
1242 2651 1338 2707 nostri
1354 2649 1516 2719 iudicibus,
1535 2649 1675 2706 ecclesia-

410 2753 493 2810 sticis
517 2753 663 2810 videlicet
686 2763 715 2811 et
738 2757 939 2827 secularibus,
972 2758 1162 2829 alteriusque
1193 2765 1290 2813 status
1320 2763 1350 2813 et
1380 2755 1569 2812 condicionis
1590 2754 1676 2826 regni

409 2859 507 2916 nostri
531 2859 709 2917 hominibus
743 2863 935 2934 presencium
967 2863 1114 2920 noticiam
1145 2862 1297 2920 habituris
1328 2861 1460 2919 firmiter
1487 2861 1676 2934 precipimus

410 2971 441 3022 et
464 2965 657 3028 mandamus.
689 2973 839 3040 quatenus
872 2968 1009 3043 prelatos
1039 2970 1122 3027 cives
1153 2975 1182 3025 et
1214 2969 1350 3042 hospites
1381 2973 1502 3024 nostros
1533 2965 1677 3024 dedicta

412 3070 564 3144 Zagrabia
587 3079 617 3129 et
640 3075 813 3145 quemlibet
843 3091 952 3132 eorum
986 3081 1129 3149 pretextu
1160 3075 1384 3148 premissorum
1416 3074 1447 3130 in
1478 3072 1592 3130 iudicio
1625 3073 1677 3130 vel

411 3185 499 3234 extra
521 3177 670 3235 iudicium
699 3179 729 3236 in
760 3181 848 3237 nullo
879 3181 1027 3254 inpedire,
1059 3182 1232 3250 molestare,
1264 3179 1486 3254 dampnificare
1517 3194 1570 3235 seu
1601 3194 1677 3251 quo-

413 3299 546 3356 cumque
569 3285 752 3357 perlurbare
769 3287 1004 3358 presummatis;
1028 3303 1115 3344 secus
1131 3293 1238 3344 contra
1255 3285 1388 3343 formam
1404 3285 1555 3358 premisse
1574 3289 1678 3341 nostre

412 3390 515 3462 gracie
538 3389 613 3464 ipsis
638 3388 716 3448 lacte
748 3390 850 3449 lacere
873 3407 933 3449 non
956 3393 1061 3450 ausuri
1085 3394 1115 3450 in
1139 3392 1307 3466 premissis.
1338 3391 1453 3448 Datum
1484 3390 1678 3463 Quinqueec·

412 3495 521 3568 clesiis,
545 3497 576 3553 in
599 3495 677 3554 lesto
701 3498 782 3555 beati
816 3498 969 3556 Benedicti
1000 3499 1129 3556 abbatis.
1154 3499 1243 3555 Anno
1275 3496 1393 3554 domini
1427 3497 1595 3554 millesimo
1619 3504 1680 3553 tre·

413 3602 581 3659 centesimo
604 3603 804 3675 nonagesimo
828 3604 969 3677 septimo.

501 3737 524 3786 E
543 3743 708 3802 transumpto
726 3737 853 3804 Johannis
872 3738 931 3788 abb.
952 3744 1060 3789 monast.
1080 3740 1105 3789 b.
1124 3756 1147 3789 v.
1169 3739 1276 3798 Mariae,
1296 3740 1353 3788 ord.
1374 3738 1564 3796 CisterciensiS,
1583 3739 1617 3788 de
1631 3738 1677 3788 Za·

413 3824 516 3891 grahia,
535 3839 603 3876 anno
624 3835 699 3886 1435,
718 3825 762 3875 die
784 3835 804 3876 1.
822 3826 944 3891 januarii.
970 3827 1001 3878 In
1021 3827 1129 3878 archivo
1151 3828 1196 3876 lib.
1217 3843 1271 3892 reg.
1292 3827 1341 3877 civ.
1361 3826 1464 3893 zagrab.

1004 4093 1096 4159 405.

519 4233 596 4282 Anno
617 4237 691 4295 1397,
711 4241 751 4291 25.
771 4231 871 4283 marcii.
892 4232 1143 4298 Quinqueecclesiis.

418 4357 618 4433 Segimundus
633 4360 810 4433 Hunganhe
824 4367 871 4418 etc.
888 4380 951 4431 rex,
965 4363 1089 4435 episcopo
1101 4369 1130 4419 et
1138 4363 1263 4436 capitulo
1274 4361 1401 4435 zagrab,
1413 4361 1519 4419 ciue'lrus
1538 4361 1681 4419 Greclrere-

420 4466 497 4524 sibus
512 4465 634 4541 fiendas,
657 4466 757 4524 uineas
771 4473 818 4524 etc.
834 4485 907 4541 quas
922 4469 1034 4525 ratione
1048 4459 1255 4525 discordiarum
1271 4474 1487 4542 occupauerant,
1502 4468 1586 4524 reddi
1597 4467 1678 4525 iubet

1269 4619 1362 4664 nendo
1375 4617 1498 4663 Eberhnrdi
1512 4617 1626 4674 prepositi.

505 4748 720 4824 sigismundus
743 4751 793 4810 dei
815 4752 918 4826 gracia
932 4768 988 4810 rex
1003 4751 1169 4825 Hungarie,
1185 4751 1356 4822 Dalmacie,
1372 4750 1499 4808 Croacie
1515 4757 1579 4820 etc,
1600 4765 1682 4807 mar-

418 4857 550 4930 chioque
573 4856 891 4932 Brandemburgensis
921 4863 976 4916 etc.
1007 4859 1167 4917 Fidelibus
1199 4859 1270 4928 suiS,
1301 4857 1472 4916 reverendo
1495 4858 1527 4914 in
1558 4855 1682 4914 Christo

418 4962 510 5036 patri,
534 4961 660 5021 domino
683 4964 838 5038 episcopo,
861 4979 978 5022 necnon
1001 4965 1138 5038 capitulo
1167 4965 1294 5022 ecclesie
1321 4963 1528 5037 zagrabiensis
1551 4963 1683 5020 salutem
