3728 5806
605 550 678 608 Doc.
701 546 772 607 262.
800 584 836 592 -
862 551 919 609 An.
942 544 1030 627 1376.
1394 565 1451 620 251

184 749 331 821 religioso
352 755 383 806 et
406 749 464 806 deo
488 748 603 806 devoto
626 749 722 808 Paulo
746 750 850 824 priore
874 754 904 806 et
926 750 1066 832 Johanne
1090 749 1279 823 presbiteris,
1308 748 1455 806 fratribus

185 855 311 911 claustri
346 855 435 911 beate
466 855 605 927 virginis,
638 855 755 912 ordinis
786 855 917 913 fratrum
949 855 1188 926 Heremitarum‚
1215 853 1333 912 ordinis
1359 855 1455 912 sancti

186 960 276 1017 Pauli
310 960 405 1032 primi
430 961 597 1031 lleremite‚
628 961 667 1017 de
690 963 904 1034 promontorio
928 965 1041 1031 nostr0‚
1069 961 1133 1018 suis
1155 968 1186 1016 et
1208 961 1275 1017 vice
1298 975 1333 1016 ac
1356 961 1454 1018 nomi·

186 1067 278 1123 nibus
308 1067 407 1123 tocius
441 1072 611 1124 conventus
644 1067 772 1124 claustri
808 1067 956 1136 eiusdem,
991 1065 1166 1124 confessum
1202 1066 1301 1124 extitit
1335 1072 1365 1122 et
1399 1081 1455 1138 per

187 1171 313 1230 eosdem
336 1177 445 1245 sponte
468 1187 506 1228 ex
530 1179 613 1230 certa
636 1173 766 1230 sciencia
788 1187 893 1230 coram
917 1173 1007 1230 nobis
1030 1172 1148 1246 pariter
1163 1177 1194 1229 et
1210 1171 1352 1242 relatum,
1370 1170 1454 1244 quod

184 1279 243 1352 ipsi
274 1283 397 1335 matura
430 1277 668 1352 deliberacione,
700 1279 902 1353 diligentique
925 1279 1053 1337 consilio
1084 1279 1256 1352 prehabitis
1277 1279 1356 1336 inter
1378 1293 1452 1348 sese,

184 1386 412 1458 diligenterque
435 1386 663 1443 considerantes
687 1402 723 1444 ac
746 1387 936 1459 dilegencius
959 1385 1154 1443 advertentes
1170 1385 1318 1442 utilitates
1334 1390 1364 1441 et
1381 1399 1452 1458 pro-

184 1496 294 1550 ventus
324 1493 554 1565 possessionum
586 1493 667 1550 infra
698 1491 966 1562 nominandarum,
997 1491 1166 1566 prenotatis
1197 1490 1335 1548 ecclesiis
1358 1490 1454 1548 sancti

182 1599 333 1682 Johannis
356 1604 386 1655 et
407 1599 497 1656 beate
521 1599 651 1671 virginis
674 1614 709 1656 ac
732 1599 871 1672 ipsarum
896 1597 1097 1656 ecclesiarum
1116 1596 1320 1654 servitoribus
1335 1611 1454 1653 succes-

183 1706 258 1762 sivis
282 1705 476 1778 temporibus
507 1721 578 1762 curn
610 1705 744 1762 utilioris
770 1704 921 1762 ubertatis
946 1701 1077 1761 comodo
1100 1702 1264 1776 provenire
1287 1699 1452 1772 debendaS,

184 1811 223 1868 de
254 1816 361 1868 nostro
393 1826 542 1868 consensu
573 1815 603 1868 et
632 1811 760 1884 speciali
790 1810 959 1868 annuencia
982 1826 1017 1867 ac
1040 1809 1242 1883 permissione
1275 1805 1454 1865 huiusmodi

183 1919 263 1975 inter
292 1933 325 1974 se
356 1918 575 1974 concambium
605 1933 659 1974 seu
690 1917 957 1991 permutacionem
984 1915 1256 1990 possessionariam
1281 1910 1453 1970 ordinando

184 2023 327 2080 fecissent
350 2038 403 2080 seu
427 2023 644 2095 celebrassent,
676 2037 785 2096 ymmo
808 2021 953 2094 fecerunt,
978 2021 1160 2080 ordinarunt
1183 2025 1213 2078 et
1235 2017 1453 2091 sollempniter

184 2130 382 2186 celebrarunt
417 2145 522 2186 coram
556 2130 654 2202 nobis,
689 2130 733 2187 sic
768 2128 930 2187 videlicet:
966 2127 1049 2201 quod
1076 2125 1271 2202 supradictus
1305 2124 1453 2196 magister

184 2235 335 2307 Mychael,
359 2235 504 2308 predium
521 2234 649 2294 inferior
663 2235 779 2308 Blyzna
795 2240 948 2306 vocatum,
964 2251 1035 2292 cum
1053 2249 1115 2307 quo
1131 2231 1308 2306 supradicta
1324 2230 1453 2288 ecclesia

182 2341 279 2398 sancti
308 2341 468 2423 Johannis,
489 2341 624 2416 baptiste
654 2358 711 2415 per
740 2341 845 2399 virum
874 2342 981 2414 utique
1016 2340 1235 2398 honorabilem
1258 2343 1288 2396 et
1311 2351 1371 2394 non
1395 2337 1452 2394 im·

182 2448 294 2504 merito
325 2446 560 2519 recordacionis,
588 2447 721 2504 condam
751 2447 913 2505 dominum
933 2447 1116 2530 Johannem,
1139 2444 1391 2503 archidiaconum
1413 2441 1452 2500 de

183 2553 335 2610 Gewrche
357 2553 563 2627 principalem
588 2553 786 2612 fundatorem
801 2553 948 2625 eiusdem,
965 2569 1003 2610 ex
1025 2553 1123 2626 ipsius
1146 2550 1275 2626 capituli
1297 2548 1452 2608 adiutorio

184 2659 327 2716 extiterat
358 2659 463 2716 dotata
492 2660 611 2732 pariter
633 2666 664 2717 et
685 2665 801 2732 omata,
824 2660 915 2717 metis
938 2659 1143 2733 infrascriptis
1166 2656 1319 2715 inclusam
1341 2661 1372 2712 et
1394 2655 1452 2712 cir·

184 2763 373 2836 cumdatam,
404 2771 532 2838 excepta
564 2766 700 2839 quadam
729 2766 884 2841 particula
914 2772 994 2823 terre
1025 2765 1160 2838 aplaga
1183 2762 1366 2821 occidentali
1389 2760 1452 2818 exi·

184 2875 281 2927 stente
298 2870 337 2927 de
353 2876 436 2928 terra
451 2870 525 2928 dicti
541 2871 649 2945 predii,
665 2873 756 2930 metis
772 2872 854 2930 infra
873 2871 1067 2929 declarandis
1083 2871 1218 2928 excisam
1234 2875 1263 2926 et
1279 2872 1450 2941 exceptam,

183 2977 215 3034 in
238 2991 300 3049 qua
324 2977 441 3034 scilicet
471 2977 560 3035 vinee
592 2978 707 3036 civium
738 2979 871 3036 civitatis
894 2978 1056 3036 Grecensis
1079 2983 1109 3034 et
1132 2976 1265 3034 aliorum
1288 2973 1450 3034 hominum

182 3083 497 3156 comprovincialium
525 3085 659 3142 existunt
689 3085 835 3158 plantate,
866 3101 961 3159 quam
991 3085 1092 3142 dictus
1121 3083 1282 3158 plebanus,
1313 3078 1451 3155 predicta

185 3189 314 3246 ecclesia
337 3189 435 3247 sancti
457 3191 605 3272 Johannis
628 3207 663 3249 ac
686 3207 744 3265 pro
767 3208 800 3249 se
826 3192 951 3266 suisque
973 3190 1202 3250 successoribus
1225 3191 1450 3261 sequestratam

183 3311 252 3352 cum
284 3296 349 3352 suis
381 3296 625 3355 obvencionibus
655 3299 807 3356 universis
837 3298 926 3356 duxit
953 3295 1181 3367 reservandam,
1213 3310 1285 3353 cum
1311 3291 1449 3350 eiusdem

181 3401 282 3476 predii
308 3403 497 3461 utilitatibus
519 3409 549 3461 et
572 3405 767 3477 pertinenciis
800 3405 954 3464 universis
981 3404 1116 3462 cuiusvis
1138 3401 1272 3460 nominis
1295 3399 1450 3456 vocabulo

182 3508 332 3580 vocitatis,
356 3509 533 3582 specialiter
555 3525 631 3568 vero
654 3526 725 3569 cum
748 3527 810 3568 uno
833 3511 1013 3569 molendino
1036 3510 1067 3568 in
1090 3509 1186 3568 fluvio
1209 3507 1324 3580 Blyzna
1340 3513 1450 3563 vocato

184 3621 214 3672 et
235 3631 297 3672 una
328 3617 419 3672 vinea
449 3616 529 3674 intra
558 3622 656 3674 metas
687 3617 825 3675 eiusdem
852 3617 954 3692 predii
977 3617 1156 3688 constitutis,
1179 3612 1366 3689 supradictis
1389 3611 1449 3670 fra·

183 3721 281 3778 tribus
305 3721 473 3779 Heremitis
503 3739 584 3780 nunc
609 3725 641 3780 in
673 3723 755 3781 dicto
779 3724 913 3782 claustro
936 3724 1026 3781 beate
1048 3722 1179 3795 virginis
1202 3721 1285 3778 etin
1309 3717 1449 3776 futurum

183 3826 240 3884 deo
264 3833 295 3884 et
318 3827 384 3885 eius
404 3829 545 3900 genitrici
560 3830 673 3903 virgini
688 3831 824 3903 gloriose
838 3831 952 3906 Jugiter
968 3828 1200 3900 famulantibus,
1216 3827 1282 3884 iure
1298 3829 1449 3900 perpetuo

182 3939 212 3990 et
234 3934 483 3992 irrevocabiliter
505 3936 735 4009 possidendum,
760 3937 927 3996 tenendum
951 3942 980 3994 et
1002 3934 1180 3994 habendum
1196 3932 1450 3992 concambialiter

184 4039 325 4113 dedisset,
346 4041 523 4099 tradidisset
547 4047 577 4100 et
600 4044 792 4116 assignasset,
815 4059 889 4116 ymo
908 4044 1016 4116 vigore
1031 4041 1271 4117 permutacionis
1297 4039 1448 4114 premisse

183 4145 275 4216 dedit,
300 4145 428 4204 tradidit
451 4155 481 4204 et
503 4149 671 4220 assignavit
694 4165 799 4207 coram
815 4150 913 4209 nobis.
928 4150 953 4206 E
968 4163 1117 4207 converso
1133 4153 1237 4206 autem
1253 4145 1448 4221 supradictus

182 4253 267 4325 prior
298 4257 328 4308 et
354 4253 491 4311 universi
526 4253 637 4312 fratres
666 4257 824 4314 Heremite
858 4256 990 4330 predicti
1024 4255 1151 4313 claustri
1185 4255 1274 4312 beate
1309 4253 1446 4326 virginis,

184 4357 339 4431 quandam
363 4359 474 4417 villam
495 4361 644 4434 ipsorum,
660 4362 772 4437 Twpal
795 4369 946 4434 vocatam,
963 4363 1202 4430 Heremitarum‚
1218 4362 1301 4418 ultra
1317 4360 1446 4418 fluvium

183 4463 271 4534 Zaue,
295 4465 326 4522 in
350 4467 494 4523 continua
517 4467 672 4525 vicinitate
697 4470 897 4542 possessionis
920 4475 1023 4527 nostre
1046 4468 1151 4526 Mlaka
1173 4475 1355 4542 nuncupate,
1375 4485 1448 4527 curn

183 4570 329 4627 omnibus
359 4571 545 4629 utilitatibus
576 4578 606 4630 et
636 4575 832 4647 pertinenciis
861 4591 896 4633 ac
929 4576 1097 4633 utilitatum
1124 4582 1154 4633 et
1187 4575 1446 4648 pertinenciarum

184 4675 322 4734 eiusdem
338 4677 582 4750 proprietatibus
598 4680 758 4752 universis,
775 4682 834 4739 sub
851 4681 968 4739 eisdem
983 4682 1189 4754 libertatibus
1205 4681 1445 4756 condicionibus,

182 4781 270 4838 metis
294 4787 324 4839 et
347 4783 486 4841 terminis
516 4785 658 4858 antiquis,
689 4788 748 4844 sub
780 4788 893 4860 quibus
916 4803 973 4861 per
995 4788 1080 4861 ipsos
1103 4793 1132 4846 et
1155 4803 1263 4846 eorum
1285 4789 1446 4863 predeces-

181 4902 274 4957 sores,
299 4893 334 4944 ut
355 4888 449 4946 series
473 4891 606 4947 continet
628 4897 805 4950 nostrarum
820 4894 1004 4964 litterarum,
1025 4895 1135 4953 eadem
1150 4903 1330 4954 conservata
1346 4898 1446 4956 extitit

182 4991 327 5050 hactenus
349 4995 466 5068 pariter
488 5001 519 5054 et
541 5011 691 5070 possessa,
722 5014 839 5056 necnon
870 5015 941 5058 curn
965 5000 1100 5074 quadam
1124 5002 1213 5060 vinea
1235 5003 1267 5060 in
1291 5003 1446 5062 territorio
