3728 5806
574 556 647 613 Doc.
666 569 740 631 301.
758 570 834 632 302.
862 590 899 598 —
925 552 1097 632 An‚1380.

794 751 880 817 301.

306 875 383 924 Anno
405 874 479 932 1380.
500 883 541 932 23.
561 874 664 939 aprilis.
685 873 839 940 Zagrabiae.

238 1002 362 1079 Judices
384 1002 520 1059 nobilium
542 1003 690 1060 comitatus
713 1003 830 1076 eagrob.
853 1002 998 1060 Lodouico
1021 1003 1086 1075 regi
1105 1003 1284 1076 Hungoriae
1305 1003 1338 1061 a'e
1361 1023 1425 1062 nece

632 1109 754 1182 Georgii
770 1111 884 1179 sutorii,
908 1111 1045 1184 referunt.

289 1236 558 1294 Excellentissimo
580 1236 707 1294 domino
731 1251 839 1293 eorum
871 1236 1037 1307 Lodouico,
1061 1236 1109 1294 dei
1140 1238 1245 1310 gracia
1275 1239 1382 1296 inclito
1403 1239 1469 1310 regi

201 1343 367 1415 Hungarie,
392 1342 527 1412 Polonie,
551 1342 713 1399 Dalmacie
745 1347 799 1400 etc.
829 1341 954 1425 Judices
984 1342 1138 1400 nobilium
1170 1344 1332 1400 comitatus
1363 1358 1468 1416 zagra-

201 1449 316 1506 biensis
348 1448 584 1505 inclinaclonem
616 1463 687 1504 cum
712 1454 863 1521 perpetua
892 1446 1050 1505 fidelitate.
1082 1447 1211 1505 Noverit
1237 1453 1340 1506 vestra
1371 1448 1467 1506 subli-

201 1555 294 1612 mitas
314 1571 371 1612 nos
395 1555 549 1628 recepisse
573 1555 691 1611 litteras
714 1554 855 1626 magistri
880 1553 998 1611 Nicolai
1022 1553 1060 1610 de
1085 1554 1199 1624 Virtus,
1217 1555 1338 1612 comitis
1361 1569 1465 1626 zagra-

201 1661 316 1718 biensis
339 1667 368 1718 et
384 1661 544 1718 castellani
560 1659 598 1717 de
611 1658 761 1730 Medwed,
774 1660 854 1716 hunc
867 1665 1005 1716 tenorem
1021 1659 1221 1718 continentes:
1238 1659 1310 1730 (vid.
1324 1677 1367 1717 nr.
1384 1653 1468 1736 300.)

201 1767 264 1824 Nos
288 1769 391 1841 itaque
411 1767 616 1841 peticionibus
634 1767 731 1839 ipsius
753 1766 892 1837 magistri
913 1765 1033 1823 Nicolai
1054 1765 1092 1822 de
1106 1766 1212 1823 Virtus
1227 1767 1349 1826 comitis
1365 1781 1469 1839 zagra-

202 1874 316 1931 biensis
332 1879 499 1931 annuentes
522 1879 556 1929 nt
572 1879 720 1943 tenemur,
737 1873 815 1930 duos
835 1888 873 1929 ex
887 1873 986 1942 nobis,
1003 1872 1147 1929 videlicet
1163 1871 1349 1945 Gregorium
1367 1873 1466 1930 filium

201 1980 336 2037 lrethlen
352 1986 382 2037 et
393 1981 575 2062 Johannem‚
592 1979 692 2036 filium
707 1979 841 2051 Georgii,
857 1978 973 2035 iudices
989 1979 1142 2036 nobilium
1159 1976 1321 2036 comitatus
1338 1978 1469 2052 predicti

202 2087 408 2158 zagrabiensis
432 2086 471 2142 ad
495 2087 644 2158 premissa
668 2085 850 2158 inquirenda
873 2101 931 2158 pro
955 2085 1129 2142 testimonio
1153 2083 1299 2140 duximus
1315 2085 1469 2141 transmit·

201 2193 317 2263 tendos‚
342 2194 395 2266 qui
420 2193 543 2250 tandem
566 2191 604 2248 ad
629 2207 685 2248 nos
708 2190 818 2248 exinde
841 2192 958 2248 reversi
975 2192 1065 2248 nobis
1080 2190 1272 2248 concorditer
1288 2191 1468 2260 retulerunt,

201 2299 283 2372 quod
309 2300 369 2372 ipsi
393 2299 530 2371 predicta
563 2297 640 2355 feria
663 2299 770 2370 quinta
793 2295 943 2369 Zagrabie
966 2296 1162 2370 procedendo
1186 2298 1290 2370 palam
1314 2303 1344 2354 et
1367 2299 1468 2354 oculte

178 2447 181 2453 ι
201 2405 416 2478 investigando
432 2405 472 2462 ab
490 2405 635 2461 omnibns
651 2419 669 2460 a
685 2405 799 2476 quibus
816 2403 967 2459 decuisset
982 2409 1012 2458 et
1028 2403 1162 2460 licuisset
1183 2404 1288 2475 palam
1304 2409 1333 2459 et
1349 2404 1468 2460 occulte

201 2513 445 2584 investigassent,
469 2511 585 2568 scilicet
609 2526 627 2566 a
650 2510 809 2566 nobilibus
834 2516 863 2565 et
887 2509 1087 2580 ignobilibus,
1111 2509 1231 2566 clericis
1255 2517 1284 2566 et
1301 2511 1396 2580 laycis
1412 2509 1469 2566 sci-

202 2618 325 2686 vissent,
350 2617 433 2689 quod
457 2633 514 2690 per
545 2615 725 2672 mandatum
757 2614 888 2688 predicti
918 2615 1045 2687 capituli
1074 2621 1103 2670 et
1127 2615 1375 2686 commissionem
1400 2630 1468 2687 spe·

199 2724 311 2780 cialem
337 2724 505 2780 familiares
528 2723 749 2794 magistrorum
775 2721 895 2778 Andree
919 2729 948 2778 et
965 2721 1078 2778 llathei
1094 2721 1383 2778 archidiaconorum
1399 2737 1470 2793 pre-

200 2829 262 2889 fate
277 2830 485 2902 zagrabiensis
501 2829 637 2898 ecclesie,
658 2826 833 2900 predictum
849 2826 1020 2899 Georgium
1032 2833 1169 2884 sutorem
1186 2828 1216 2884 in
1233 2829 1284 2884 via
1300 2834 1468 2900 receptum,

199 2937 283 2993 clara
308 2937 385 3006 luce,
417 2935 584 2993 crudeliter
607 2941 636 2991 et
667 2935 823 2991 lethaliter
847 2935 1047 2990 wlnerassent
1078 2940 1108 2990 et
1139 2935 1182 2991 sic
1214 2933 1399 2990 wlneratum
1423 2948 1469 2989 se·

197 3043 354 3099 mivivum
385 3042 589 3114 reliquissent.
614 3042 666 3113 qui
691 3040 814 3098 tandem
840 3039 916 3096 seria
938 3041 1032 3097 tercia
1056 3040 1196 3114 predicta
1220 3040 1303 3097 viam
1327 3039 1469 3096 universe

198 3149 298 3205 carnis
322 3155 368 3206 est
391 3149 554 3221 ingressus
577 3147 672 3204 nullis
695 3147 795 3220 culpis
811 3147 875 3204 suis
890 3147 1084 3218 exigentibus
1101 3147 1274 3218 aliquibus;
1292 3146 1345 3202 lite
1361 3151 1465 3202 tamen

200 3253 354 3326 pendente
387 3255 465 3311 inter
496 3252 652 3328 predictos
683 3254 766 3309 cives
797 3260 827 3310 et
857 3253 1030 3326 capitulum
1062 3259 1249 3310 annotatum.
1274 3251 1390 3308 Datum
1414 3251 1468 3308 Za-

198 3361 315 3432 grabie‚
348 3359 424 3418 feria
454 3359 587 3417 secunda
620 3359 765 3432 proxima
795 3365 864 3416 ante
895 3359 1069 3430 predictum
1101 3358 1212 3415 festum
1237 3359 1319 3415 beati
1343 3357 1469 3429 Georgii

197 3467 343 3524 martiris.
368 3469 457 3523 Anno
481 3466 599 3523 domini
626 3471 778 3523 annotato,

286 3603 361 3667 Joan.
382 3601 549 3666 Kulruljevic‘.
570 3601 655 3650 Arkiv
675 3616 703 3650 za
723 3601 827 3666 poviest
844 3602 975 3666 jugoslav.
995 3603 1011 3650 l.
1032 3600 1079 3650 Ill.
1099 3617 1123 3665 p.
1144 3602 1184 3650 88.

790 3779 881 3844 302.

305 3905 382 3952 Anno
406 3903 477 3962 1380.
499 3913 540 3961 23.
560 3902 661 3968 aprilis,
680 3902 834 3969 Zagrabiae.

192 4030 314 4106 Judices
344 4031 481 4088 nobilium
511 4033 659 4089 comitatus
690 4032 808 4105 zograb.
836 4031 1012 4090 Ludooiceem
1034 4050 1127 4105 regem
1150 4032 1327 4105 Hungariae
1349 4033 1383 4089 de
1405 4050 1469 4089 nece

527 4138 667 4212 Gregorii
687 4139 826 4212 inquilini
845 4141 990 4197 certiorem
1013 4139 1145 4196 reddunt.

286 4265 553 4322 Excellentissimo
584 4265 710 4322 domino
741 4281 849 4322 eorum
882 4265 1046 4336 LodouicO,
1070 4265 1120 4322 dei
1142 4265 1246 4338 gracia
1269 4265 1377 4322 inclito
1399 4266 1466 4337 regi

198 4371 365 4443 Hungarie,
398 4371 532 4442 Polonie,
562 4371 723 4429 Dalmacie
753 4379 807 4429 etc.
838 4371 954 4428 iudices
985 4371 1139 4428 nobilium
1170 4371 1333 4428 comitatus
1361 4386 1466 4441 zagra-

198 4479 312 4535 biensis
344 4477 578 4535 inclinaclonem
610 4493 680 4534 cum
713 4485 863 4551 perpetua
892 4476 1050 4534 fidelitate.
1082 4475 1212 4533 Noverit
1243 4483 1345 4534 vestra
1369 4477 1466 4534 subli-

199 4584 298 4653 mitas,
322 4599 379 4640 nos
402 4585 554 4657 recepisse
577 4585 696 4640 litteras
720 4585 860 4656 magistri
886 4585 1004 4642 Nicolai
1028 4585 1067 4642 de
1091 4585 1204 4654 Virtus,
1222 4585 1343 4641 comitis
1359 4598 1464 4655 zagra-

199 4689 312 4746 biensis
336 4697 366 4746 et
389 4690 548 4747 castellani
571 4689 609 4746 de
633 4689 782 4760 Medwed,
807 4691 888 4748 hunc
910 4699 1047 4748 tenorem
1070 4692 1274 4748 continentes:
1299 4683 1372 4767 (vid.
1396 4702 1465 4763 295.

180 4787 278 4852 'anno
306 4795 397 4868 1380.
424 4812 470 4870 14.
494 4789 623 4871 aprilis.)
654 4796 717 4853 Nos
749 4797 852 4869 itaque
883 4797 1086 4870 peticionibus
1117 4802 1147 4853 et
1181 4795 1334 4852 mandatis
1369 4795 1465 4868 ipsius

199 4902 339 4974 magistri
363 4901 482 4958 Nicolai
506 4901 544 4957 de
561 4902 667 4959 Virtus
689 4904 810 4960 comitis
826 4903 1032 4976 zagrabiensis
1049 4909 1078 4959 et
1094 4902 1252 4959 castellani
1268 4900 1307 4958 de
1322 4899 1463 4957 Medwed

199 5015 372 5077 annuentes,
397 5007 474 5064 duos
497 5021 535 5062 ex
558 5007 657 5078 nobis,
681 5008 834 5081 videlicet,
859 5010 1053 5082 Gregorium‚
1078 5008 1178 5065 filium
1205 5008 1338 5065 lrethlen
1360 5013 1392 5064 et
1414 5008 1465 5088 Jo-
