3600 5804
597 589 669 646 Duc.
693 601 763 664 242.
791 621 828 630 —
853 588 909 646 An.
933 583 1021 664 1361.

180 693 715 700 —ffl——oss

770 782 859 848 242.

286 927 363 974 Anno
385 925 459 982 1361,
478 926 502 974 8.
521 923 619 973 martii.
639 923 668 972 ln
689 923 827 989 Viiegrad.

186 1051 350 1124 Capitulum
363 1051 482 1124 zagrob.
495 1069 514 1106 a
522 1050 695 1124 gravamine
709 1051 871 1107 calumniae
881 1057 982 1107 contra
993 1051 1067 1108 cives
1086 1050 1268 1118 Grechenscs,
1282 1050 1447 1106 absolvitur.

267 1215 332 1272 Nos
363 1215 525 1298 Johannes,
557 1214 641 1272 filius
672 1213 792 1272 Nicolai
824 1213 955 1272 condam
985 1195 1121 1288 palatini,
1146 1215 1293 1286 magister
1316 1214 1449 1270 tavarui-

179 1335 291 1378 norum
315 1319 434 1377 domini
456 1319 612 1391 Lodouici‚
635 1319 685 1376 dei
708 1320 813 1392 gracia
835 1319 917 1392 regis
940 1319 1107 1392 Hungarie,
1131 1335 1234 1377 comes
1257 1319 1449 1390 zaladyensis
1518 1369 1519 1373 ,

178 1433 208 1484 et
226 1426 470 1500 wesprimiensis
485 1426 696 1484 comitatuum.
713 1427 862 1483 Memorie
878 1424 1140 1496 commendamus,
1161 1425 1243 1499 quod
1261 1441 1331 1483 cum
1348 1424 1449 1495 iudex,

182 1533 273 1590 iurati
296 1539 327 1590 et
349 1532 486 1590 universi
510 1532 593 1589 cives
616 1533 730 1590 montis
753 1531 917 1590 Grecensis
940 1530 979 1588 de
1002 1530 1162 1603 Zagrabia,
1192 1531 1376 1589 honorabile
1401 1545 1450 1586 ca·

180 1639 317 1712 pitulum
340 1638 468 1696 ecclesie
488 1639 703 1712 zagrabiensis‚
720 1643 847 1716 accepto
863 1637 988 1695 homine
1003 1637 1098 1710 regio,
1116 1609 1257 1710 presente
1273 1635 1449 1695 testimonio

183 1745 313 1818 capituli
348 1745 387 1802 de
412 1745 536 1817 Posaga,
572 1743 726 1802 mediante
761 1744 924 1813 citacione,
958 1743 1045 1800 iuxta
1078 1745 1164 1814 regni
1196 1741 1450 1800 consvetudinem

181 1851 314 1908 modum
337 1851 542 1922 observando,
569 1849 609 1908 ad
632 1857 758 1908 octavas
781 1849 851 1907 sesti
876 1850 1014 1907 omnium
1039 1856 1215 1906 sanctorum
1240 1849 1270 1907 in
1293 1864 1373 1906 anno
1396 1848 1450 1905 dn·

179 1957 255 2014 mini
280 1956 447 2014 MCCCXL
468 1963 579 2014 octavo
602 1956 640 2014 ad
665 1957 855 2030 presenciam
883 1956 967 2027 regie
984 1955 1151 2013 maiestatis
1166 1957 1199 2014 in
1216 1971 1340 2013 causam
1357 1959 1451 2012 attra-

180 2064 305 2132 xissent,
329 2063 458 2136 ipsaque
482 2079 572 2120 causa
596 2063 682 2120 iuxta
705 2061 928 2120 continenciam
952 2061 1106 2134 regalium
1127 2061 1300 2119 litterarum
1318 2061 1359 2117 ab
1375 2061 1451 2134 ipsis

180 2169 299 2226 octavis
329 2168 398 2226 festi
428 2170 570 2226 omnium
602 2173 779 2226 sanctorum
806 2167 844 2224 ad
868 2173 994 2224 octavas
1017 2165 1088 2224 festi
1111 2167 1194 2225 beati
1218 2166 1343 2239 Georgii
1368 2181 1450 2224 mar-

181 2277 246 2333 tiris
269 2292 385 2333 annum
411 2275 586 2350 predictum
618 2276 849 2348 subsequentes,
876 2281 907 2332 et
929 2273 1042 2332 abhinc
1065 2273 1161 2332 simili
1184 2272 1279 2330 modo
1312 2271 1448 2331 median-

181 2383 262 2440 tibus
294 2382 406 2440 litteris
437 2381 596 2455 regalibus
625 2381 665 2439 ad
695 2387 821 2438 octavas
848 2380 917 2438 sesti
942 2379 1023 2438 beati
1047 2379 1170 2437 Martini
1195 2377 1379 2436 confessoris
1410 2377 1450 2436 ad

182 2489 374 2562 presenciam
397 2489 538 2561 magistri
561 2488 700 2558 Oliuerii‚
724 2493 796 2544 tunc
820 2486 888 2560 ipso
911 2502 949 2542 ex
970 2484 1138 2542 dileccione
1153 2485 1239 2558 regia
1255 2485 1371 2542 honore
1386 2499 1450 2541 ma·

182 2595 302 2668 gisterii
317 2583 554 2652 'tavarnicorum
577 2593 773 2668 prefulgente
809 2593 971 2667 protelata,
995 2597 1026 2650 et
1048 2591 1088 2649 ab
1112 2591 1230 2649 eisdem
1253 2591 1371 2648 octavis
1394 2606 1451 2664 per

182 2699 300 2758 litteras
332 2700 430 2774 ipsius
459 2699 601 2772 magistri
633 2699 763 2758 Oliuerii
794 2697 832 2756 de
863 2699 995 2756 termino
1022 2697 1061 2755 ad
1082 2698 1251 2756 terminum
1274 2702 1450 2772 prorogata,

180 2815 209 2864 et
232 2805 357 2864 tandem
383 2806 421 2864 ad
445 2805 616 2879 quindenas
648 2805 717 2862 festi
743 2805 824 2862 beati
847 2803 1016 2876 Mychaelis
1039 2803 1217 2876 archangeli
1239 2802 1270 2860 in
1293 2818 1374 2860 anno
1397 2781 1451 2859 do-

157 2909 162 2919 '
182 2913 258 2970 mini
274 2911 412 2970 MCCCL
423 2899 548 2983 octavo,
564 2912 680 2969 honore
696 2909 866 2983 magisterii
882 2909 1089 2967 tavamicatus
1105 2909 1144 2966 ad
1162 2909 1346 2982 magistrum
1362 2891 1449 2980 Cyko

181 3017 402 3076 conscendente
425 3017 463 3076 ad
489 3018 679 3092 presenciam
702 3015 841 3074 eiusdem
864 3013 1005 3088 deducta,
1028 3020 1058 3072 et
1081 3015 1122 3072 ab
1145 3014 1263 3073 eisdem
1288 3013 1451 3087 quindenis

181 3139 236 3198 per
268 3125 386 3182 litteras
416 3122 555 3182 eiusdem
587 3123 725 3196 magistri
757 3120 845 3194 cylo
871 3121 1003 3179 diversis
1038 3103 1299 3195 prorogacionum
1322 3121 1450 3178 cautelis

181 3229 219 3286 de
242 3231 376 3288 termino
398 3230 438 3287 ad
462 3231 638 3300 terminum,
662 3229 700 3287 de
723 3245 803 3286 anno
826 3228 866 3285 ad
890 3244 1005 3285 annum
1025 3227 1186 3302 protelata,
1204 3224 1377 3300 ultimoque
1394 3213 1450 3300 per

183 3336 285 3409 ipsum
317 3336 501 3408 magistrum
532 3335 619 3408 Cyllo
653 3335 691 3392 ad
731 3341 856 3392 octavas
888 3333 957 3392 festi
986 3334 1069 3392 beati
1100 3333 1227 3407 Georgii
1256 3333 1392 3391 martiris
1419 3333 1449 3390 in

182 3456 261 3499 anno
295 3440 414 3498 domini
445 3441 619 3510 MCCCLX‚
651 3447 801 3511 annuente
831 3439 936 3498 divina
956 3415 1136 3497 ¹clemencia
1167 3448 1198 3498 et
1220 3456 1258 3497 ex
1281 3439 1450 3497 dileccione

182 3547 267 3619 regia
289 3562 345 3604 nos
368 3546 407 3604 ad
429 3548 579 3606 honorem
603 3547 772 3621 magisterii
799 3545 1007 3604 tavamicatus
1041 3545 1238 3616 sublimante,
1262 3545 1301 3603 ad
1325 3553 1450 3604 octavas

184 3651 251 3711 festi
275 3653 358 3712 beati
380 3653 489 3737 Jacobi
512 3655 655 3729 apostoli,
679 3659 709 3712 et
731 3655 772 3711 ab
797 3653 855 3710 hiis
878 3651 917 3710 de
933 3651 1094 3709 voluntate
1112 3652 1253 3726 parcium
1269 3652 1309 3711 ad
1325 3659 1450 3711 octavas

184 3758 252 3816 testi
275 3759 358 3817 beati
389 3760 558 3832 Mychaelis
589 3761 776 3833 archangeli,
807 3765 838 3816 et
860 3759 974 3817 abhinc
995 3757 1035 3815 ad
1058 3764 1216 3833 presentes
1240 3764 1365 3816 octavas
1388 3759 1450 3817 diei

184 3880 331 3936 cynerum
354 3872 484 3938 propter
505 3865 692 3923 arduitatem
715 3866 813 3940 ipsius
836 3880 926 3922 cause
949 3879 1006 3937 per
1021 3879 1077 3922 nos
1093 3869 1260 3938 prorogata
1277 3863 1449 3923 exstitisset.

184 3971 322 4029 Tandem
346 3973 423 4045 ipsis
446 3973 564 4030 octavis
586 3971 648 4030 diei
671 3987 818 4046 cynerum
835 3970 1075 4043 occurrentibus,
1093 3971 1210 4042 Petrus,
1226 3971 1311 4029 filius
1326 3971 1449 4043 Rubini‚

185 4077 301 4151 hiykus,
325 4077 410 4136 filius
433 4079 525 4150 iwan,
548 4077 681 4136 Bartuch
705 4085 735 4136 et
759 4078 900 4150 Mathyas
923 4076 1085 4148 litteratus,
1109 4077 1194 4135 filius
1217 4078 1343 4148 Kucine,
1367 4077 1450 4135 cives

185 4184 315 4242 civitatis
347 4183 494 4258 predicte,
525 4201 582 4258 pro
615 4185 732 4242 eisdem
762 4183 871 4254 iudice,
902 4183 1010 4242 iuratis
1040 4189 1070 4242 et
1100 4185 1252 4242 universis
1275 4183 1396 4242 civibus
1420 4189 1450 4242 et

186 4290 359 4364 hospitibus
382 4290 421 4347 de
444 4289 545 4349 Grech
570 4307 641 4350 cum
664 4291 776 4349 litteris
799 4290 1020 4364 procuratoriis
1044 4290 1227 4348 eorumdem
1248 4289 1288 4348 ad
1311 4294 1449 4358 nostram

185 4398 340 4454 venientes
371 4398 563 4470 presenciam
594 4400 623 4456 in
655 4413 787 4473 persona
822 4396 1033 4472 predictorum
1068 4397 1184 4454 civium
1218 4402 1248 4454 et
1281 4397 1449 4472 hospitum,

186 4501 334 4574 quasdam
358 4503 477 4560 litteras
502 4505 714 4578 privilegiales
738 4503 858 4561 Nicolai
882 4503 980 4562 tocius
1002 4501 1164 4561 Sclauonie
1188 4509 1217 4561 et
1233 4501 1360 4560 Croacie
1376 4503 1450 4561 bani

186 4609 390 4667 transcribens
424 4610 626 4683 privilegium
657 4609 827 4680 laurencii,
862 4615 934 4667 tunc
966 4609 1106 4683 magistri
1139 4609 1369 4668 tavarnicorum
1402 4627 1449 4668 re-

183 4725 308 4796 galium,
342 4715 418 4782 feria
451 4717 559 4788 quinta
592 4717 736 4792 proxima
767 4719 838 4790 post
868 4713 982 4773 festum
1012 4715 1095 4774 beati
1124 4716 1272 4800 Johannis
1306 4716 1449 4790 baptiste,

183 4849 261 4893 anno
292 4836 412 4896 domini
441 4821 579 4881 MCCCL
609 4833 719 4900 quarto
743 4819 906 4894 confectas,
927 4823 1016 4881 nobis
1040 4823 1236 4897 presentavit
1259 4821 1294 4880 In
1317 4837 1449 4896 quarum

184 4942 339 5000 tenoribus
362 4943 442 5000 inter
464 4948 565 5000 cetera
580 4943 717 5001 vidimus
733 4925 890 5002 contineri,
907 4928 989 5002 qUOd
1007 4929 1038 4986 in
1054 4945 1133 4987 ³1¹¹¹⁰
1150 4929 1269 4988 domini
1284 4928 1451 4987 MCCCXL

184 5051 267 5104 sexto
290 5047 395 5105 indie
420 5046 521 5106 medie
552 5047 796 5122 quadragesime,
829 5047 977 5120 magister
999 5041 1175 5102 Demetrius
1206 5035 1450 5110 archydiaconus
