3600 5804
584 561 657 618 Doc.
681 573 729 638 75.
752 557 801 637 76.
830 594 865 602 —-
892 561 947 618 An.
972 573 1060 636 1291.
1413 561 1451 630 65

183 755 335 828 tinenciis‚
366 757 559 830 sepedictum
589 757 745 832 palacium
780 757 1010 832 possidendum,
1044 756 1322 814 contradictoribus
1359 755 1454 814 nullis

188 865 311 934 penitus
335 864 555 933 existentibus;
587 879 683 937 quare
713 865 888 922 amiciciam
917 867 1054 922 vestram
1085 868 1157 936 peto
1181 862 1354 935 diligenter,
1379 877 1454 934 qua-

191 973 277 1026 tenus
292 970 450 1043 palacium
474 976 682 1028 memoratum
699 971 759 1044 ipsi
775 971 901 1042 Gilioni,
917 974 1021 1028 vestro
1044 971 1163 1028 concivi
1187 968 1367 1042 predilect0‚
1384 982 1455 1024 cum

197 1075 255 1131 suis
276 1077 420 1133 omnibus
452 1076 638 1134 utilitatibus
669 1077 774 1135 velitis
804 1076 969 1148 assignare,
992 1080 1177 1149 perpetuare
1200 1075 1265 1132 sive
1289 1073 1454 1142 collocare,

199 1181 276 1238 aliud
296 1182 391 1238 vestri
414 1182 517 1254 gracia
539 1196 601 1240 non
624 1181 743 1240 facturi.

279 1336 300 1384 E
318 1341 484 1401 transumpto
503 1335 673 1402 magistratus
691 1336 807 1387 civitatis
827 1336 984 1388 Grechensis
1003 1336 1035 1385 de
1053 1335 1192 1402 Zagrabia‚
1212 1349 1279 1384 anno
1302 1343 1374 1396 1291.

299 1691 371 1739 Anno
393 1697 467 1752 1291.
800 1655 859 1724 75·

209 1819 317 1886 Paulus,
340 1817 483 1891 Stephani
502 1817 679 1891 bonifilius,
701 1819 775 1875 eroes
803 1817 977 1876 Grechenses
999 1817 1033 1874 de
1046 1818 1163 1891 palatia
1184 1815 1342 1874 condonato
1364 1815 1459 1872 comiti

630 1923 752 1993 Gilioni,
775 1925 905 1981 certiores
927 1923 1026 1980 reddit.

287 2085 363 2143 Viris
385 2087 546 2146 nobilibus
569 2092 598 2144 et
619 2087 764 2158 honestis,
795 2087 903 2145 amicis
935 2087 998 2144 suis
1020 2085 1191 2144 karissimis
1215 2131 1221 2142 .
1245 2131 1251 2144 .
1276 2131 1281 2142 .
1305 2083 1399 2142 iudici
1427 2088 1456 2140 et

211 2193 343 2249 universis
365 2193 487 2250 civibus
517 2193 556 2250 de
587 2199 691 2250 monte
722 2193 833 2264 Grech‚
863 2194 1010 2264 magister
1042 2192 1164 2261 Paulus,
1196 2190 1280 2248 filius
1308 2187 1456 2263 Stephani

213 2297 280 2366 bani,
303 2315 332 2356 se
354 2305 455 2356 totum
478 2315 548 2356 curn
572 2305 719 2372 prompta
743 2299 883 2356 amicicia
903 2305 934 2356 et
956 2304 1071 2372 parata.
1098 2297 1226 2354 Noverit
1256 2301 1359 2352 vestra
1381 2295 1457 2352 ami·

211 2405 282 2470 cicia,
304 2405 382 2477 quod
407 2421 463 2463 nos
484 2406 642 2478 palacium
666 2411 816 2474 nostrum,
840 2404 924 2478 quod
957 2405 1062 2462 comiti
1094 2402 1203 2460 Hodus
1227 2401 1456 2460 condonavera-

210 2525 276 2581 mus,
297 2512 470 2586 recipiendo
493 2513 534 2570 ab
558 2513 626 2587 ipso
649 2527 707 2586 pro
731 2511 920 2581 concambia,
945 2511 1033 2568 sicuti
1071 2511 1101 2567 in
1133 2509 1244 2566 litteris
1268 2509 1365 2580 ipsius
1390 2524 1461 2564 con·

209 2617 316 2688 tinctor,
339 2620 444 2692 ipsum
466 2619 623 2692 palacium
646 2618 901 2693 perpetuavimus
925 2615 1041 2674 Gilioni
1065 2616 1125 2673 civi
1148 2619 1261 2672 vestro.
1278 2613 1368 2672 Unde
1384 2614 1459 2670 ami·

209 2723 306 2780 eiciam
338 2731 472 2782 vestram
507 2726 650 2799 petimus,
686 2729 837 2797 quatenus
875 2723 935 2780 sibi
965 2721 1076 2780 vestris
1110 2719 1322 2778 instrumentis
1355 2717 1459 2776 velitis

210 2828 388 2888 confirmare.

286 2964 306 3013 E
324 2971 488 3031 transumpto
507 2965 676 3030 magistratus
694 2964 765 3014 civit.
787 2963 944 3014 Grechensis
963 2963 996 3012 de
1013 2962 1152 3027 Zagrabia‚
1171 2977 1239 3012 anno
1261 2970 1334 3024 1291.

797 3301 859 3370 76.

301 3463 376 3512 Anno
397 3471 472 3526 1291,
492 3471 532 3512 21.
553 3460 649 3512 martii.
669 3460 781 3527 Janrini.

206 3579 332 3645 Andreas
351 3589 411 3646 Ill.
435 3590 613 3662 Hungariae
635 3597 682 3646 etc.
698 3609 761 3658 rex,
776 3590 882 3646 civibus
903 3587 1110 3646 Grechensibas
1126 3595 1160 3644 ut
1172 3587 1295 3644 comitem
1318 3587 1460 3647 Giltonenr

355 3697 385 3752 in
404 3697 607 3769 possessorium
630 3695 782 3753 condonati
801 3696 857 3753 sibi
868 3696 981 3768 palatii
1000 3702 1138 3762 statuant,
1154 3695 1304 3766 prorepit.

278 3855 425 3915 Andreas
448 3857 498 3917 dei
521 3859 624 3932 gracia
646 3875 702 3916 rex
725 3859 889 3931 Hungarie.
913 3857 1074 3915 Fidelibus
1095 3859 1158 3915 suis
1178 3904 1184 3915 .
1201 3903 1229 3915 ..
1254 3857 1370 3928 villica,
1388 3871 1459 3913 con·

172 3961 323 4059 pyffln'is
343 3969 373 4022 et
395 3965 548 4024 universis
571 3966 746 4040 hospitibus
769 3964 807 4022 de
831 3970 935 4022 monte
969 3963 1080 4034 Grech‚
1107 3964 1239 4021 salutern
1264 3969 1293 4020 et
1316 3963 1460 4034 graciam.

159 4117 173 4175 C
191 4086 252 4154 Α
294 4071 448 4144 magister
469 4072 591 4142 Paulus,
616 4072 700 4129 filius
723 4071 870 4144 Stephani
903 4070 984 4140 bani,
1016 4068 1148 4126 dilectus
1172 4075 1201 4126 et
1225 4068 1327 4126 fidelis
1350 4074 1461 4138 noster,

163 4141 357 4270 qssoddam
380 4177 537 4250 palacium
559 4193 650 4235 suurn
682 4179 813 4236 existens
837 4176 987 4248 Zagrabie
1011 4176 1042 4233 in
1066 4179 1170 4232 monte
1194 4174 1347 4245 Grecensl‚
1377 4173 1461 4246 qnod

168 4284 353 4343 acomite
375 4283 484 4341 Hodus
508 4290 538 4341 et
561 4284 635 4342 filiis
667 4287 729 4342 suis
760 4299 818 4356 pro
849 4282 1031 4340 concambio
1061 4279 1266 4354 quarumdam
1297 4281 1462 4353 possessio·

170 4392 251 4437 lim
289 4403 423 4447 suarum
445 4392 561 4465 recepit
584 4397 614 4448 et
637 4391 754 4462 habuit,
776 4389 893 4448 Gilioni
917 4389 1036 4446 concivi
1057 4393 1160 4444 vestro
1184 4387 1334 4444 Grecensi
1358 4401 1463 4443 coram

171 4479 278 4541 l0bi8
315 4511 370 4568 pro
392 4497 531 4555 serviciis
554 4496 694 4554 eiusdem
716 4495 848 4554 Gilionis
877 4501 906 4552 et
922 4496 1014 4552 rebus
1030 4509 1088 4570 pro
1111 4495 1181 4567 ipso
1199 4495 1347 4565 magistro
1364 4493 1461 4550 Paulo

79 4627 83 4632 ·
173 4587 192 4637 01
221 4582 408 4674 Stephano
430 4603 521 4672 bana,
545 4603 639 4661 fratre
662 4619 726 4672 sua,
743 4603 894 4677 expensis
910 4618 966 4675 per
983 4601 1114 4658 eundern
1140 4600 1300 4656 donaverit
1324 4615 1377 4656 seu
1393 4616 1463 4656 con-

174 4683 305 4758 ffilerit
330 4723 399 4765 cum
423 4709 568 4766 omnibus
590 4709 778 4766 utilitatibus
809 4714 839 4766 et
870 4707 1065 4781 pertinenciis
1097 4705 1235 4762 eiusdem
1260 4706 1372 4779 palacii
1395 4705 1462 4762 uni·

175 4797 295 4862 *ersis
323 4819 471 4888 perpetuo
495 4814 723 4888 possidendum.
747 4814 902 4872 Fidelitati
935 4819 1035 4870 vestre
1052 4811 1236 4868 mandamus
1254 4811 1463 4884 precipiendo

176 4903 350 5003 qffatenus
372 4919 492 4977 dietum
514 4920 670 4994 palacium
694 4935 767 4976 cum
788 4921 933 4977 omnibus
956 4919 1019 4975 suis
1042 4917 1229 4974 utilitatibus
1253 4923 1281 4974 et
1306 4919 1460 4990 pertinen·

178 5007 429 5084 0118’ῐὶιιίνεῐείε
451 5025 534 5084 dicto
556 5025 672 5086 Gilioni
695 5032 799 5084 vestro
827 5027 945 5084 concivi
969 5031 1103 5084 statuere
1120 5029 1150 5081 et
1165 5024 1321 5095 assignare
1344 5025 1463 5096 absque

1343 5151 1356 5198 S
