3824 5806
589 567 662 624 noc.
681 563 759 644 368.
777 563 855 644 369·
884 599 919 608 *
946 566 1115 642 Art-1393·
1423 581 1484 642 349

219 765 376 822 minorum
400 765 580 822 earumdem
604 765 768 834 ereccione‚
793 763 1013 837 fructuumque
1036 769 1066 820 et
1089 779 1201 820 usuum
1218 762 1399 820 earumdem
1418 778 1485 836 per·

219 871 364 943 cepcione
387 887 445 943 per
467 872 592 929 eosdem
618 872 748 929 Paulum
780 877 810 928 et
840 871 1027 943 Gregorium
1051 887 1087 927 ae
1109 871 1187 926 alios
1211 870 1367 942 quoslibet
1398 869 1487 926 sactis

219 978 271 1033 vel
296 976 443 1034 faciendis
468 978 693 1050 prohibuerunt
723 977 960 1034 contradicendo
983 985 1012 1034 et
1036 975 1286 1033 contradixerunt
1320 975 1487 1032 inhibendo

220 1097 325 1139 coram
350 1083 439 1140 nobis
469 1084 645 1140 testimonio
669 1083 863 1156 presencium
888 1082 1048 1139 mediante.
1082 1083 1195 1138 Datum
1227 1081 1384 1153 Zagrabie‚
1409 1079 1485 1136 feria

222 1188 316 1244 tercia
339 1189 483 1260 proxima
507 1197 577 1261 post
608 1188 720 1245 festum
753 1189 953 1245 exaltacionis
984 1195 1087 1244 sancte
1110 1188 1225 1245 Crucis.
1256 1191 1343 1244 Anno
1367 1186 1485 1244 domini

221 1291 332 1350 MCCC
356 1295 555 1366 nonagesimo
581 1295 682 1350 tercio.

311 1409 452 1475 Originale
471 1411 497 1460 in
517 1411 615 1468 charta,
636 1411 777 1476 vestigium
797 1411 917 1475 appressi
936 1411 1019 1476 sigilli
1039 1427 1054 1460 a
1073 1417 1157 1478 tergo.
1184 1411 1213 1460 ln
1236 1411 1345 1461 archivo
1364 1412 1410 1460 lib.
1432 1427 1485 1476 reg.

223 1498 272 1548 civ.
292 1500 396 1565 zagrab.

808 1627 897 1692 368.

330 1751 404 1798 Auno
427 1759 500 1811 1393,
520 1750 560 1798 26.
581 1747 705 1799 octobris,
726 1748 863 1813 Strigonii.

223 1857 425 1931 Sigt'sntundus
448 1861 625 1932 Hungariae
647 1869 694 1918 etc.
719 1879 780 1928 rex,
797 1859 938 1936 johanni
958 1861 1032 1918 bano
1056 1859 1221 1928 Slavaniae,
1244 1869 1278 1918 ut
1292 1862 1358 1935 filii
1373 1861 1488 1918 Mastm

337 1967 444 2023 civibus
473 1966 681 2024 Greclrensr'bus
704 1967 738 2023 de
761 1967 851 2023 illatis
874 1967 998 2036 iniuriis,
1020 1967 1215 2041 satisfaciant,
1231 1968 1382 2040 praecepit.

312 2111 529 2183 Sigismundus
564 2112 614 2169 dei
649 2111 752 2184 gracia
779 2126 833 2166 rex
867 2109 1033 2182 Hungarie‚
1064 2109 1233 2180 Dalmaeie‚
1265 2109 1392 2166 Croucie
1427 2116 1490 2176 etc,

223 2217 424 2290 marchioque
449 2217 753 2290 Brandenburgensis
776 2223 830 2273 etc.
855 2215 953 2273 Fideli
984 2232 1039 2274 suo
1071 2216 1139 2273 viro
1172 2215 1338 2288 magnifico
1362 2215 1489 2273 domino

222 2323 364 2406 Johanni‚
389 2323 494 2380 comiti
519 2324 624 2395 Vegle‚
648 2323 809 2381 Modrusse
832 2329 887 2378 etc.
911 2337 1078 2394 regnorum
1095 2322 1262 2390 Dalmacie‚
1279 2321 1406 2379 Croacie
1424 2339 1491 2396 pre·

224 2427 379 2486 dictorum
402 2445 438 2486 ac
461 2428 623 2487 Sclauonie
650 2437 827 2486 nostrorum
851 2430 933 2486 bano
956 2428 1006 2484 vel
1031 2429 1095 2485 eius
1118 2427 1268 2485 vicebano
1299 2427 1430 2486 salutem
1463 2435 1492 2485 et

224 2534 369 2606 graciam.
400 2535 445 2592 Ex
469 2535 637 2607 querulosa
660 2534 888 2607 significacione
904 2533 1044 2591 fidelium
1069 2535 1183 2592 civium
1209 2540 1384 2592 nostrorum
1402 2535 1492 2592 nobis

225 2639 306 2697 faeta
329 2641 533 2714 percepimus,
558 2641 715 2713 quomodo
741 2641 854 2698 Paulus
878 2647 907 2698 et
930 2641 1108 2713 Gregorius,
1124 2639 1182 2698 filii
1199 2641 1338 2698 Masthen
1355 2640 1393 2698 de
1409 2641 1491 2712 Chy-

225 2746 302 2803 chan
326 2747 402 2820 ipsis
425 2762 537 2819 magna
560 2746 697 2820 dampna
720 2747 750 2804 in
774 2748 914 2820 ipsorum
934 2747 1179 2820 possessionibus
1195 2762 1231 2804 ac
1248 2747 1336 2804 bonis
1352 2753 1381 2803 et
1397 2748 1490 2803 rebus

226 2851 362 2910 indebite
386 2853 560 2911 intulissent
582 2853 722 2926 ipsorum
746 2855 889 2927 potencia
904 2853 1065 2912 mediante.
1082 2853 1161 2910 Cum
1179 2859 1280 2911 tamen
1298 2855 1322 2910 si
1339 2855 1369 2911 in
1386 2854 1493 2926 aliquo

226 2959 300 3016 dicti
323 2959 406 3016 cives
427 2960 525 3017 nostri
549 2961 624 3034 ipsis
645 2960 818 3034 culpabiles
849 2959 984 3031 luissent,
1018 2959 1048 3016 id
1080 2965 1184 3017 nostra
1207 2961 1353 3018 serenitas
1376 2967 1406 3018 et
1429 2975 1493 3016 ma-

226 3065 323 3136 gister
346 3066 594 3124 thavamicorum
612 3071 788 3123 nostrorum
805 3066 941 3124 iudicare
957 3073 986 3122 et
1003 3065 1119 3124 eisdem
1137 3065 1312 3124 satisfacere
1328 3067 1492 3136 debuisset,

227 3171 310 3244 quod
333 3173 423 3229 nobis
446 3171 591 3246 displicet
611 3173 694 3230 ultra
718 3173 854 3230 modum.
879 3170 979 3244 Super
1009 3186 1072 3244 quo
1101 3171 1243 3229 fidelitati
1275 3179 1377 3252 vestre
1401 3171 1492 3229 firmo

228 3279 313 3350 regio
337 3278 448 3335 damus
471 3279 529 3335 sub
553 3279 662 3349 edict0,
694 3285 845 3351 quatenus
875 3278 969 3335 rebus
999 3279 1043 3336 sic
1073 3293 1104 3334 se
1136 3277 1321 3335 habentibus
1345 3295 1382 3335 ex
1407 3285 1494 3352 parte

228 3383 382 3441 dictorum
408 3384 494 3441 Pauli
518 3390 547 3440 et
570 3383 712 3456 Gregorii
745 3384 891 3458 predictis
922 3385 1042 3441 civibus
1075 3386 1187 3442 nostris
1218 3401 1312 3458 super
1335 3386 1494 3458 premissis
1532 3453 1534 3458 ι

228 3489 415 3561 condignum
438 3490 557 3547 iusticie
580 3497 609 3547 et
633 3489 851 3547 satisfaccionis
886 3490 1033 3547 exhibere
1063 3489 1200 3548 debeatis
1228 3491 1492 3564 complementum

229 3602 332 3652 nostre
355 3596 523 3652 maiestatis
547 3596 577 3652 in
600 3611 739 3668 persona,
772 3597 995 3653 committendo
1027 3596 1151 3660 eisdem.
1184 3601 1217 3653 ut
1248 3597 1306 3670 ipsi
1330 3596 1369 3653 de
1393 3603 1493 3653 cetero

229 3701 327 3759 dictos
350 3703 434 3760 cives
457 3703 487 3758 in
518 3703 607 3759 nullo
638 3701 777 3774 inpedire
809 3709 839 3760 et
869 3717 1018 3773 agravarc
1049 3701 1181 3759 debeant
1211 3708 1241 3758 et
1265 3709 1441 3772 teneantur;
1466 3709 1495 3759 et

230 3806 315 3864 aliud
338 3823 399 3864 non
423 3807 541 3865 facturi.
560 3808 672 3864 Datum
697 3807 852 3880 Strigonii‚
874 3807 1030 3865 dominico
1054 3807 1103 3864 die
1128 3807 1271 3880 proximo
1287 3817 1356 3865 ante
1380 3807 1495 3865 festum

229 3913 391 3971 beatorum
416 3912 560 3985 Symonis
584 3922 613 3970 et
635 3913 714 3994 Jude
738 3913 959 3986 apostolorum.
996 3915 1085 3970 Anno
1117 3913 1233 3971 domini
1266 3913 1375 3970 MCCC
1401 3930 1494 3970 nona·

229 4021 348 4091 gesimo
372 4022 473 4079 tercio.

320 4138 459 4203 Originale
479 4139 505 4189 in
524 4139 622 4194 charta.
642 4153 657 4188 a
677 4145 752 4203 tergo
773 4137 914 4202 vestigium
933 4137 1042 4186 maioris
1061 4135 1145 4202 sigilli
1165 4136 1243 4200 regis.
1269 4137 1298 4185 ln
1318 4137 1426 4186 archivo
1446 4137 1492 4186 lib.

231 4243 285 4293 reg.
306 4227 377 4276 civit.
396 4229 500 4294 zagrab.

816 4352 906 4418 369.

336 4478 412 4526 Anno
435 4485 508 4538 1393,
528 4483 568 4530 27.
589 4474 713 4526 octobris.
735 4474 831 4524 Budae.

233 4587 433 4661 Sigismunrlus
456 4587 633 4658 Hungariae
655 4594 702 4643 etc.
726 4605 780 4642 rex
802 4585 876 4641 bano
900 4583 1058 4641 Sluvom'ae
1080 4585 1193 4659 eiusque
1216 4583 1360 4644 vicebanis
1375 4604 1410 4642 ne
1424 4587 1497 4643 cives

238 4694 412 4753 Grecltenses
434 4695 465 4749 in
483 4693 704 4766 possessionibus
726 4693 886 4749 Petrovino
918 4698 945 4746 et
974 4692 1111 4766 Hrastja,
1138 4710 1250 4766 quoquo
1275 4692 1356 4748 ruodo
1378 4693 1496 4767 inserta-

747 4807 819 4868 rent,
833 4799 985 4871 praecipit.

233 4954 238 4962 ·
321 4926 537 4999 Sigismundus
568 4926 618 4983 dei
648 4927 751 4998 gracia
783 4918 869 5004 (rex),
895 4926 1060 4997 Hungarie‚
1092 4925 1260 4997 Dalmacie,
1292 4926 1419 4983 Croacie
1442 4931 1496 4983 etc.

232 5035 432 5108 marchioque
456 5033 772 5106 Brandemburgensis
796 5037 850 5090 etc.
886 5032 985 5090 Fideli
1008 5047 1063 5088 suo
1088 5033 1155 5088 viro
1179 5031 1346 5106 magnifico
1369 5033 1496 5092 domino
