3600 5804
549 571 622 629 Dor.
641 568 695 646 56.
723 607 759 616 —
785 573 841 630 An.
866 584 953 650 1273.
1344 596 1385 654 49

151 771 323 844 privilegium
346 769 468 829 Andree
490 772 572 844 regis
595 771 733 842 illustris,
757 773 809 830 avi
831 772 936 843 nostri,
953 772 1011 830 sub
1027 771 1117 829 bulla
1132 787 1225 830 aurea
1241 773 1385 831 habitum

151 883 175 934 et
193 878 344 949 obtentum,
359 876 523 935 accedente
545 876 585 935 ad
608 876 691 934 idem
713 877 881 951 privilegio
904 877 1150 935 confirmacionis
1174 877 1292 936 domini
1313 879 1385 936 Bele

151 984 216 1054 regis
235 982 419 1052 serenissimi,
442 983 541 1057 patris
565 983 669 1052 nostri,
693 982 776 1040 clare
800 983 958 1054 memorie,
982 999 1077 1058 super
1099 983 1266 1042 emunitate
1290 983 1384 1042 liber·

149 1091 208 1146 talis
226 1089 419 1161 zagrabiensis
450 1089 579 1146 ecclesie
609 1095 639 1146 et
669 1089 860 1164 populorum
891 1090 1098 1163 spectantium
1126 1089 1166 1147 ad
1197 1089 1327 1148 eandem
1356 1091 1386 1148 in

148 1201 234 1252 nostra
253 1201 279 1252 et
300 1195 453 1252 baronum
475 1201 653 1253 nostrorum
677 1196 835 1270 presencia
865 1196 1004 1253 seriatim
1035 1197 1174 1254 exhibita
1196 1201 1226 1254 et
1249 1197 1386 1270 perlecta

146 1301 176 1357 in
195 1301 296 1372 signum
319 1301 422 1372 gracie
452 1301 596 1373 specialis
627 1301 826 1373 dignaremur
856 1317 948 1359 auree
978 1303 1067 1359 bulle
1097 1307 1200 1360 nostre
1233 1308 1387 1360 caractare

147 1407 312 1463 communire
314 1453 440 1464 .....
465 1407 527 1464 Nos
551 1408 654 1480 itaque
678 1407 847 1464 illustrium
880 1409 1114 1482 progenitorum
1138 1415 1315 1466 nostrorum
1339 1425 1386 1467 re-

147 1528 211 1585 gum
230 1513 375 1585 Hungarie
399 1514 539 1586 vestigiis
562 1513 739 1585 inherendo,
771 1515 872 1588 ipsam
902 1515 1133 1588 zagrabiensem
1163 1516 1324 1574 ecclesiam
1348 1532 1386 1573 ex

148 1619 308 1691 benignitate
330 1619 521 1677 celsitudinis
543 1596 627 1691 regie
659 1621 805 1693 prosequi
841 1621 1006 1694 cupientes
1039 1622 1204 1694 presertim
1227 1621 1269 1678 ob
1292 1621 1386 1679 dero-

147 1725 246 1782 cionem
266 1727 358 1782 sancti
380 1726 463 1798 regis
494 1726 638 1792 ladizlai,
669 1727 723 1799 qui
752 1727 919 1784 eliminatis
949 1727 1129 1800 gentilitatis
1161 1729 1319 1786 erroribus
1351 1729 1382 1786 in

148 1829 247 1888 Ducatu
268 1829 435 1904 Sclauonie,
458 1831 665 1904 zagrabiensis
688 1832 816 1890 ecclesie
839 1833 1005 1890 instructor
1035 1833 1245 1890 sanctissimus
1268 1834 1384 1890 exstitit

146 1943 171 1992 et
189 1936 323 1995 fundator.
348 1937 547 1996 Attendentes
570 1937 789 1994 nichilominus
813 1938 872 2011 piis
892 1937 1149 1997 consideracionis
1169 1939 1267 1996 oculis
1291 1939 1386 1996 devo·

146 2043 245 2100 cionem
266 2045 450 2102 venerabilis
463 2025 570 2119 'patris
594 2043 780 2116 Thymothei
808 2045 947 2118 episcopi
971 2046 1185 2117 zagrabiensis‚
1210 2055 1303 2118 opere
1327 2047 1384 2102 mi·

145 2148 217 2206 rideo
243 2157 268 2207 et
297 2151 469 2224 plurimum
499 2156 691 2223 sumptuoso,
723 2151 810 2222 quasi
842 2149 1027 2208 dissolutam
1061 2152 1092 2208 iu
1123 2152 1170 2209 sui
1203 2166 1333 2224 corpore
1363 2167 1382 2208 a

145 2254 231 2326 primo
251 2255 446 2313 fundamento
470 2257 569 2330 ipsam
593 2256 824 2329 zagrabiensem
848 2257 1010 2314 ecclesiam
1033 2258 1212 2330 reparantis,
1237 2265 1270 2314 ut
1294 2258 1323 2315 in
1349 2272 1386 2314 eo

145 2360 326 2418 innocenciam
350 2363 422 2430 vite,
446 2377 587 2419 amorem
610 2361 721 2419 domus
745 2362 847 2420 delet
871 2363 1135 2436 dispensacionem
1165 2365 1195 2420 in
1219 2364 1312 2421 rebus
1336 2379 1383 2420 ec-

145 2465 298 2524 clesiasticis
326 2467 492 2541 providam
516 2469 613 2542 ipsius
637 2469 764 2526 ecclesie
788 2469 847 2526 sibi
871 2469 982 2526 tradite
1013 2469 1199 2527 restauracio
1228 2469 1384 2540 fateretur,

145 2572 245 2645 prelata
266 2576 427 2648 privilegia
451 2576 502 2632 ari
525 2576 641 2633 scilicet
664 2577 760 2634 nostri
784 2577 843 2632 sub
866 2591 958 2633 aurea
991 2576 1087 2646 bulla,
1111 2581 1141 2633 et
1164 2577 1261 2650 patris
1284 2576 1382 2634 nostri

146 2679 344 2752 subsequentis,
368 2681 407 2739 de
431 2681 528 2738 verbo
551 2681 591 2738 ad
613 2683 745 2739 verbum
769 2683 890 2753 inserta,
915 2683 1111 2756 presentibus
1134 2683 1165 2739 in
1188 2682 1318 2754 singulis
1338 2699 1385 2738 ar-

145 2785 232 2842 ticulis
252 2803 387 2844 concesse
411 2793 441 2844 et
465 2787 575 2845 tradite
598 2788 759 2856 libertatis,
784 2805 821 2844 ex
838 2795 919 2844 certa
936 2789 1066 2846 sciencia
1082 2795 1148 2845 rata
1172 2795 1201 2845 et
1224 2795 1311 2860 grata
1328 2789 1381 2846 ha·

147 2889 242 2960 bentes‚
264 2909 298 2949 ex
321 2893 419 2964 regali
443 2892 656 2950 munificencia
672 2893 902 2964 confirmamus,
918 2910 1009 2950 auree
1027 2894 1114 2951 bulle
1128 2901 1232 2951 nostre
1248 2899 1380 2950 caracte-

145 3011 199 3052 rem
221 3000 407 3071 presentibus
430 3001 460 3055 in
484 3006 621 3056 eternam
637 3001 679 3056 rei
697 3001 881 3057 memoriam
899 3001 1034 3073 propriis
1052 3001 1194 3058 manibus
1210 3001 1385 3057 inserentes.

217 3115 336 3182 Fragmen
350 3117 497 3182 privilegii.
517 3117 652 3182 Integrum
665 3125 737 3166 extat
751 3115 777 3166 in
791 3123 954 3182 transumpto
975 3133 1029 3182 cap.
1044 3117 1182 3166 dusmensis
1195 3132 1235 3166 an.
1258 3125 1330 3177 1444.
1351 3113 1380 3164 In

145 3204 201 3253 arch.
215 3221 262 3272 rap.
276 3225 298 3256 v.
311 3207 417 3272 zagrab.
430 3205 448 3255 f.
466 3216 503 3265 13.
524 3222 562 3255 ur.
576 3215 617 3269 91.
632 3207 671 3255 ed.
684 3207 758 3271 Joan.
772 3205 888 3263 Tlraldic'.
899 3205 968 3255 Mon.
978 3205 1037 3255 hist.
1049 3221 1089 3270 ep.
1103 3220 1172 3270 zagr.
1193 3221 1216 3255 v.
1235 3203 1256 3257 1.
1276 3219 1301 3269 p.
1324 3203 1379 3252 162.

719 3384 780 3450 56.

230 3510 300 3560 Anno
322 3517 396 3568 1273,
420 3520 459 3558 20.
481 3509 583 3575 aprilis.
601 3508 754 3574 Zagrabiae.

144 3614 286 3691 Maliacus,
308 3622 393 3678 totius
417 3620 574 3678 Slavoniae
595 3620 687 3676 banus
709 3619 817 3676 civibus
842 3617 876 3674 de
897 3625 989 3675 monle
1019 3615 1113 3674 Grech
1136 3623 1243 3673 terram
1267 3613 1381 3684 Dede'li,

223 3745 302 3798 quam
325 3735 436 3798 vocant,
459 3745 493 3786 ac
516 3729 614 3784 rte'rreas
636 3728 728 3784 cultas
749 3726 825 3782 circa
849 3731 974 3781 castrum
997 3722 1129 3790 Medved,
1152 3721 1282 3778 restituit.

214 3851 269 3911 Nos
295 3855 433 3913 Matheus
463 3856 562 3912 banus
584 3855 682 3912 tocius
705 3851 874 3910 Sclauonie.
899 3851 1048 3908 Memoris
1071 3847 1321 3906 commendantes
1345 3848 1384 3904 si-

145 3956 301 4026 gnificamus
323 3961 437 4034 quibus
461 3959 586 4034 expedit
615 3959 775 4028 universis,
800 3955 882 4030 quod
914 3971 986 4012 cum
1017 3971 1072 4012 nos
1096 3961 1211 4012 terram
1248 3951 1381 4024 Dydichi

146 4071 271 4136 vocatam,
294 4067 458 4136 emticiam‚
482 4071 512 4123 et
535 4067 640 4123 vineas
664 4066 762 4122 cultas
786 4079 880 4136 super
903 4068 1018 4119 terram
1049 4062 1141 4118 castri
1166 4058 1306 4116 Medwed
1331 4058 1384 4115 de·

147 4168 218 4227 tineri
239 4179 266 4230 et
287 4175 446 4247 prohiberi
470 4172 649 4231 fecissemus
673 4179 703 4229 et
733 4171 867 4228 alienare
892 4169 1099 4226 voluissemus
1122 4183 1140 4223 a
1163 4168 1284 4224 civibus
1308 4163 1384 4222 Gre-

147 4278 279 4348 censibus;
301 4280 424 4338 tandem
450 4296 542 4354 super
566 4278 645 4337 lacto
669 4285 750 4335 terre
774 4281 803 4333 et
826 4277 987 4333 vinearum
1011 4291 1066 4348 per
1090 4289 1144 4330 nos
1165 4272 1382 4346 inpeditarum,

146 4377 221 4440 iidem
243 4387 321 4443 cives
345 4387 550 4444 exhibuerunt
574 4385 740 4458 privilegia
768 4389 797 4440 et
829 4383 1018 4440 municiones
1049 4395 1174 4438 suarum
1198 4380 1382 4448 litterarum,

146 4487 238 4556 quibus
258 4493 409 4567 inspectis.
431 4494 522 4550 nobis
545 4493 643 4565 patuit
667 4490 833 4559 evidenter,
858 4487 940 4560 quod
973 4488 1003 4544 in
1035 4487 1081 4544 ius
1105 4491 1134 4542 et
1159 4485 1384 4558 proprietatem

147 4606 234 4654 manus
254 4607 371 4659 nostras
395 4607 424 4658 et
445 4600 619 4674 potenciam
652 4597 895 4656 extendissemus
926 4594 1041 4650 civium
1074 4591 1292 4666 predictorum.
1322 4589 1384 4647 Nos

146 4697 229 4772 itaque
250 4707 368 4778 cognita
390 4706 510 4763 iusticia
533 4711 562 4762 et
586 4705 651 4763 iure
675 4703 790 4761 civium
814 4699 1017 4774 prefatorum,
1042 4698 1158 4755 eisdem
1182 4699 1211 4754 in
1233 4698 1295 4754 suis
1312 4697 1384 4754 iuri·

147 4801 193 4862 bus
213 4808 308 4869 deesse
330 4813 478 4882 nolentes,
502 4811 615 4868 dictam
640 4816 755 4866 terram
786 4813 815 4866 et
847 4822 952 4864 omnes
984 4806 1088 4862 vineas
1113 4803 1211 4860 cultas
1234 4819 1288 4860 seu
1311 4803 1384 4860 sitas

147 4919 339 4985 quoquomodo
362 4919 454 4975 titulo
477 4917 552 4974 dicti
575 4918 658 4974 cives
682 4913 884 4988 possederunt
900 4928 994 4985 super
1010 4919 1125 4968 terram
1149 4910 1248 4978 castri,
1267 4909 1384 4965 eisdem

148 5012 293 5081 dimisimus
314 5029 344 5082 et
359 5023 544 5097 reliquimus
567 5022 695 5096 pacifice
719 5021 906 5095 peremniter
923 5017 1081 5092 possidere
1105 5017 1163 5073 ista
1187 5016 1384 5089 prerogativa

1263 5145 1281 5194 4
