<?xml version="1.0" encoding="UTF-8"?>
<!DOCTYPE html PUBLIC "-//W3C//DTD XHTML 1.0 Transitional//EN"
    "http://www.w3.org/TR/xhtml1/DTD/xhtml1-transitional.dtd">
<html xmlns="http://www.w3.org/1999/xhtml" xml:lang="en" lang="en">
 <head>
  <title>
</title>
<meta http-equiv="Content-Type" content="text/html;charset=utf-8" />
  <meta name='ocr-system' content='tesseract 3.04.00' />
  <meta name='ocr-capabilities' content='ocr_page ocr_carea ocr_par ocr_line ocrx_word'/>
</head>
<body>
  <div class='ocr_page' id='page_1' title='image "./monumentahistor18laszgoog_0432.png"; bbox 0 0 3600 5804; ppageno 0'>
   <div class='ocr_carea' id='block_1_1' title="bbox 776 541 1204 620">
    <p class='ocr_par' dir='ltr' id='par_1_1' title="bbox 776 541 1204 620">
     <span class='ocr_line' id='line_1_1' title="bbox 776 541 1204 620; baseline -0.009 -16"><span class='ocrx_word' id='word_1_1' title='bbox 776 547 851 604; x_wconf 84' lang='lat' dir='ltr'>Doc.</span> <span class='ocrx_word' id='word_1_2' title='bbox 875 541 945 603; x_wconf 83' lang='lat'><em>218.</em></span> <span class='ocrx_word' id='word_1_3' title='bbox 973 575 1009 587; x_wconf 78' lang='grc'>-</span> <span class='ocrx_word' id='word_1_4' title='bbox 1034 544 1092 603; x_wconf 75' lang='lat' dir='ltr'>Are</span> <span class='ocrx_word' id='word_1_5' title='bbox 1117 555 1204 620; x_wconf 80' lang='lat'><em>1350.</em></span> 
     </span>
    </p>
   </div>
   <div class='ocr_carea' id='block_1_2' title="bbox 951 739 1032 805">
    <p class='ocr_par' dir='ltr' id='par_1_2' title="bbox 951 739 1032 805">
     <span class='ocr_line' id='line_1_2' title="bbox 951 739 1032 805; baseline -0.012 0"><span class='ocrx_word' id='word_1_6' title='bbox 951 739 1032 805; x_wconf 81' lang='lat'>218.</span> 
     </span>
    </p>
   </div>
   <div class='ocr_carea' id='block_1_3' title="bbox 461 879 993 946">
    <p class='ocr_par' dir='ltr' id='par_1_3' title="bbox 461 879 993 946">
     <span class='ocr_line' id='line_1_3' title="bbox 461 879 993 946; baseline -0.006 -14"><span class='ocrx_word' id='word_1_7' title='bbox 461 883 537 932; x_wconf 81' lang='lat' dir='ltr'>Anno</span> <span class='ocrx_word' id='word_1_8' title='bbox 559 889 634 940; x_wconf 79' lang='lat'>1350,</span> <span class='ocrx_word' id='word_1_9' title='bbox 656 890 694 931; x_wconf 90' lang='lat'>11.</span> <span class='ocrx_word' id='word_1_10' title='bbox 712 879 833 946; x_wconf 84' lang='lat' dir='ltr'>januarii.</span> <span class='ocrx_word' id='word_1_11' title='bbox 853 879 993 930; x_wconf 83' lang='lat' dir='ltr'>Avinione.</span> 
     </span>
    </p>
   </div>
   <div class='ocr_carea' id='block_1_4' title="bbox 357 1003 1617 1082">
    <p class='ocr_par' dir='ltr' id='par_1_4' title="bbox 357 1003 1617 1082">
     <span class='ocr_line' id='line_1_4' title="bbox 357 1003 1617 1082; baseline -0.006 -16"><span class='ocrx_word' id='word_1_12' title='bbox 357 1009 499 1067; x_wconf 66' lang='grc' dir='ltr'>Νεανίσκε</span> <span class='ocrx_word' id='word_1_13' title='bbox 511 1010 612 1066; x_wconf 81' lang='lat' dir='ltr'>electus</span> <span class='ocrx_word' id='word_1_14' title='bbox 631 1009 827 1082; x_wconf 62' lang='lat' dir='ltr'>zagrabiensi}</span> <span class='ocrx_word' id='word_1_15' title='bbox 836 1009 1011 1082; x_wconf 65' lang='lat' dir='ltr'>praeficitur</span> <span class='ocrx_word' id='word_1_16' title='bbox 1019 1008 1049 1064; x_wconf 80' lang='lat' dir='ltr'>in</span> <span class='ocrx_word' id='word_1_17' title='bbox 1061 1009 1218 1081; x_wconf 67' lang='lat' dir='ltr'>episcopum</span> <span class='ocrx_word' id='word_1_18' title='bbox 1229 1007 1300 1064; x_wconf 82' lang='lat' dir='ltr'>etde</span> <span class='ocrx_word' id='word_1_19' title='bbox 1312 1025 1389 1063; x_wconf 83' lang='lat' dir='ltr'>more</span> <span class='ocrx_word' id='word_1_20' title='bbox 1405 1003 1617 1062; x_wconf 83' lang='lat' dir='ltr'>commendatur.</span> 
     </span>
    </p>
   </div>
   <div class='ocr_carea' id='block_1_5' title="bbox 356 1168 1628 5068">
    <p class='ocr_par' dir='ltr' id='par_1_5' title="bbox 356 1168 1628 5068">
     <span class='ocr_line' id='line_1_5' title="bbox 443 1168 1616 1245; baseline -0.002 -17"><span class='ocrx_word' id='word_1_21' title='bbox 443 1171 588 1229; x_wconf 86' lang='lat' dir='ltr'><strong>Clemens</strong></span> <span class='ocrx_word' id='word_1_22' title='bbox 619 1173 783 1245; x_wconf 88' lang='lat' dir='ltr'>episcopus</span> <span class='ocrx_word' id='word_1_23' title='bbox 812 1186 920 1228; x_wconf 89' lang='lat' dir='ltr'>servus</span> <span class='ocrx_word' id='word_1_24' title='bbox 951 1185 1113 1228; x_wconf 90' lang='lat' dir='ltr'>servorum</span> <span class='ocrx_word' id='word_1_25' title='bbox 1145 1170 1202 1228; x_wconf 91' lang='lat' dir='ltr'>dei.</span> <span class='ocrx_word' id='word_1_26' title='bbox 1235 1169 1358 1227; x_wconf 87' lang='lat' dir='ltr'>Dilecto</span> <span class='ocrx_word' id='word_1_27' title='bbox 1388 1169 1457 1226; x_wconf 90' lang='lat' dir='ltr'>filio</span> <span class='ocrx_word' id='word_1_28' title='bbox 1490 1168 1616 1226; x_wconf 91' lang='lat' dir='ltr'>Nicolao</span> 
     </span>
     <span class='ocr_line' id='line_1_6' title="bbox 357 1275 1620 1350; baseline -0.002 -15"><span class='ocrx_word' id='word_1_29' title='bbox 357 1279 455 1335; x_wconf 89' lang='lat' dir='ltr'>electo</span> <span class='ocrx_word' id='word_1_30' title='bbox 478 1278 669 1349; x_wconf 86' lang='lat' dir='ltr'>zagrabiensi</span> <span class='ocrx_word' id='word_1_31' title='bbox 692 1278 826 1335; x_wconf 91' lang='lat' dir='ltr'>salutem</span> <span class='ocrx_word' id='word_1_32' title='bbox 849 1282 879 1334; x_wconf 91' lang='lat' dir='ltr'>et</span> <span class='ocrx_word' id='word_1_33' title='bbox 894 1277 1098 1350; x_wconf 72' lang='lat' dir='ltr'>apostolicam</span> <span class='ocrx_word' id='word_1_34' title='bbox 1114 1276 1368 1334; x_wconf 85' lang='lat' dir='ltr'>benedictionem.</span> <span class='ocrx_word' id='word_1_35' title='bbox 1386 1275 1511 1333; x_wconf 79' lang='lat' dir='ltr'>Credite</span> <span class='ocrx_word' id='word_1_36' title='bbox 1526 1277 1620 1345; x_wconf 75' lang='lat' dir='ltr'>nobiS,</span> 
     </span>
     <span class='ocr_line' id='line_1_7' title="bbox 357 1381 1621 1457; baseline -0.002 -16"><span class='ocrx_word' id='word_1_37' title='bbox 357 1383 593 1457; x_wconf 82' lang='lat' dir='ltr'>dispensationis</span> <span class='ocrx_word' id='word_1_38' title='bbox 623 1382 764 1441; x_wconf 82' lang='lat' dir='ltr'>officium</span> <span class='ocrx_word' id='word_1_39' title='bbox 794 1389 884 1456; x_wconf 87' lang='lat' dir='ltr'>urget</span> <span class='ocrx_word' id='word_1_40' title='bbox 914 1389 944 1439; x_wconf 94' lang='lat' dir='ltr'>et</span> <span class='ocrx_word' id='word_1_41' title='bbox 966 1384 1079 1440; x_wconf 88' lang='lat' dir='ltr'>excitat</span> <span class='ocrx_word' id='word_1_42' title='bbox 1102 1387 1238 1440; x_wconf 82' lang='lat' dir='ltr'>mentem</span> <span class='ocrx_word' id='word_1_43' title='bbox 1259 1387 1407 1453; x_wconf 87' lang='lat' dir='ltr'>nostram,</span> <span class='ocrx_word' id='word_1_44' title='bbox 1430 1387 1465 1438; x_wconf 89' lang='lat' dir='ltr'>ut</span> <span class='ocrx_word' id='word_1_45' title='bbox 1489 1382 1544 1454; x_wconf 91' lang='lat' dir='ltr'>qui</span> <span class='ocrx_word' id='word_1_46' title='bbox 1564 1381 1621 1438; x_wconf 90' lang='lat' dir='ltr'>dis-</span> 
     </span>
     <span class='ocr_line' id='line_1_8' title="bbox 356 1487 1622 1562; baseline -0.003 -16"><span class='ocrx_word' id='word_1_47' title='bbox 356 1489 509 1562; x_wconf 88' lang='lat' dir='ltr'>positione</span> <span class='ocrx_word' id='word_1_48' title='bbox 540 1489 645 1546; x_wconf 90' lang='lat' dir='ltr'>divina</span> <span class='ocrx_word' id='word_1_49' title='bbox 679 1490 796 1546; x_wconf 92' lang='lat' dir='ltr'>cunctis</span> <span class='ocrx_word' id='word_1_50' title='bbox 830 1489 968 1546; x_wconf 88' lang='lat' dir='ltr'>ecclesiis</span> <span class='ocrx_word' id='word_1_51' title='bbox 1002 1489 1163 1561; x_wconf 85' lang='lat' dir='ltr'>potestatis</span> <span class='ocrx_word' id='word_1_52' title='bbox 1195 1489 1387 1562; x_wconf 89' lang='lat' dir='ltr'>plenitudine</span> <span class='ocrx_word' id='word_1_53' title='bbox 1421 1487 1622 1561; x_wconf 84' lang='lat' dir='ltr'>presidemus,</span> 
     </span>
     <span class='ocr_line' id='line_1_9' title="bbox 356 1594 1623 1668; baseline -0.002 -16"><span class='ocrx_word' id='word_1_54' title='bbox 356 1595 551 1666; x_wconf 86' lang='lat' dir='ltr'>singularum</span> <span class='ocrx_word' id='word_1_55' title='bbox 574 1595 769 1665; x_wconf 68' lang='lat' dir='ltr'>utilitatibus</span> <span class='ocrx_word' id='word_1_56' title='bbox 793 1603 944 1666; x_wconf 92' lang='lat' dir='ltr'>quantum</span> <span class='ocrx_word' id='word_1_57' title='bbox 966 1596 1057 1652; x_wconf 92' lang='lat' dir='ltr'>nobis</span> <span class='ocrx_word' id='word_1_58' title='bbox 1079 1609 1117 1652; x_wconf 85' lang='lat' dir='ltr'>ex</span> <span class='ocrx_word' id='word_1_59' title='bbox 1140 1595 1204 1652; x_wconf 88' lang='lat' dir='ltr'>alto</span> <span class='ocrx_word' id='word_1_60' title='bbox 1228 1595 1427 1668; x_wconf 88' lang='lat' dir='ltr'>permittitur,</span> <span class='ocrx_word' id='word_1_61' title='bbox 1444 1594 1489 1651; x_wconf 90' lang='lat' dir='ltr'>sic</span> <span class='ocrx_word' id='word_1_62' title='bbox 1505 1595 1623 1668; x_wconf 92' lang='lat' dir='ltr'>prospi-</span> 
     </span>
     <span class='ocr_line' id='line_1_10' title="bbox 357 1699 1624 1774; baseline -0.002 -15"><span class='ocrx_word' id='word_1_63' title='bbox 357 1703 475 1759; x_wconf 86' lang='lat' dir='ltr'>ciamus</span> <span class='ocrx_word' id='word_1_64' title='bbox 491 1701 618 1770; x_wconf 86' lang='lat' dir='ltr'>solicite,</span> <span class='ocrx_word' id='word_1_65' title='bbox 638 1702 682 1758; x_wconf 90' lang='lat' dir='ltr'>sic</span> <span class='ocrx_word' id='word_1_66' title='bbox 699 1701 866 1772; x_wconf 84' lang='lat' dir='ltr'>vigilanter</span> <span class='ocrx_word' id='word_1_67' title='bbox 888 1705 918 1757; x_wconf 91' lang='lat' dir='ltr'>et</span> <span class='ocrx_word' id='word_1_68' title='bbox 942 1699 1106 1773; x_wconf 86' lang='lat' dir='ltr'>diligenter</span> <span class='ocrx_word' id='word_1_69' title='bbox 1129 1702 1223 1758; x_wconf 91' lang='lat' dir='ltr'>etiam</span> <span class='ocrx_word' id='word_1_70' title='bbox 1246 1701 1450 1771; x_wconf 88' lang='lat' dir='ltr'>intendamus,</span> <span class='ocrx_word' id='word_1_71' title='bbox 1467 1700 1552 1772; x_wconf 90' lang='lat' dir='ltr'>quod</span> <span class='ocrx_word' id='word_1_72' title='bbox 1570 1717 1624 1774; x_wconf 91' lang='lat' dir='ltr'>per</span> 
     </span>
     <span class='ocr_line' id='line_1_11' title="bbox 358 1807 1624 1881; baseline -0.002 -17"><span class='ocrx_word' id='word_1_73' title='bbox 358 1807 603 1880; x_wconf 87' lang='lat' dir='ltr'>participationis</span> <span class='ocrx_word' id='word_1_74' title='bbox 625 1813 730 1864; x_wconf 92' lang='lat' dir='ltr'>nostre</span> <span class='ocrx_word' id='word_1_75' title='bbox 752 1807 898 1878; x_wconf 91' lang='lat' dir='ltr'>studium,</span> <span class='ocrx_word' id='word_1_76' title='bbox 922 1812 1016 1881; x_wconf 91' lang='lat' dir='ltr'>prout</span> <span class='ocrx_word' id='word_1_77' title='bbox 1039 1807 1178 1880; x_wconf 90' lang='lat' dir='ltr'>ipsarum</span> <span class='ocrx_word' id='word_1_78' title='bbox 1202 1807 1401 1865; x_wconf 88' lang='lat' dir='ltr'>ecclesiarum</span> <span class='ocrx_word' id='word_1_79' title='bbox 1422 1807 1543 1864; x_wconf 91' lang='lat' dir='ltr'>utilitas</span> <span class='ocrx_word' id='word_1_80' title='bbox 1558 1822 1624 1879; x_wconf 89' lang='lat' dir='ltr'>per-</span> 
     </span>
     <span class='ocr_line' id='line_1_12' title="bbox 358 1911 1623 1987; baseline -0.001 -18"><span class='ocrx_word' id='word_1_81' title='bbox 358 1913 474 1983; x_wconf 89' lang='lat' dir='ltr'>suadet,</span> <span class='ocrx_word' id='word_1_82' title='bbox 505 1913 642 1971; x_wconf 92' lang='lat' dir='ltr'>ecclesiis</span> <span class='ocrx_word' id='word_1_83' title='bbox 672 1913 749 1986; x_wconf 90' lang='lat' dir='ltr'>ipsis</span> <span class='ocrx_word' id='word_1_84' title='bbox 779 1912 965 1986; x_wconf 89' lang='lat' dir='ltr'>quandoque</span> <span class='ocrx_word' id='word_1_85' title='bbox 996 1929 1053 1987; x_wconf 91' lang='lat' dir='ltr'>per</span> <span class='ocrx_word' id='word_1_86' title='bbox 1083 1913 1234 1986; x_wconf 88' lang='lat' dir='ltr'>simplicis</span> <span class='ocrx_word' id='word_1_87' title='bbox 1265 1913 1453 1986; x_wconf 84' lang='lat' dir='ltr'>provisionis</span> <span class='ocrx_word' id='word_1_88' title='bbox 1476 1911 1623 1980; x_wconf 85' lang='lat' dir='ltr'>officium,</span> 
     </span>
     <span class='ocr_line' id='line_1_13' title="bbox 359 2017 1625 2092; baseline -0.002 -17"><span class='ocrx_word' id='word_1_89' title='bbox 359 2018 544 2091; x_wconf 87' lang='lat' dir='ltr'>quandoque</span> <span class='ocrx_word' id='word_1_90' title='bbox 568 2033 642 2076; x_wconf 90' lang='lat' dir='ltr'>vero</span> <span class='ocrx_word' id='word_1_91' title='bbox 665 2035 722 2092; x_wconf 91' lang='lat' dir='ltr'>per</span> <span class='ocrx_word' id='word_1_92' title='bbox 750 2019 957 2076; x_wconf 90' lang='lat' dir='ltr'>ministerium</span> <span class='ocrx_word' id='word_1_93' title='bbox 988 2019 1199 2076; x_wconf 86' lang='lat' dir='ltr'>translationis</span> <span class='ocrx_word' id='word_1_94' title='bbox 1222 2018 1388 2076; x_wconf 89' lang='lat' dir='ltr'>accomode</span> <span class='ocrx_word' id='word_1_95' title='bbox 1413 2025 1553 2091; x_wconf 89' lang='lat' dir='ltr'>pastores</span> <span class='ocrx_word' id='word_1_96' title='bbox 1575 2017 1625 2073; x_wconf 92' lang='lat' dir='ltr'>de·</span> 
     </span>
     <span class='ocr_line' id='line_1_14' title="bbox 358 2123 1625 2199; baseline 0 -19"><span class='ocrx_word' id='word_1_97' title='bbox 358 2128 505 2198; x_wconf 91' lang='lat' dir='ltr'>putentur</span> <span class='ocrx_word' id='word_1_98' title='bbox 528 2123 649 2195; x_wconf 84' lang='lat' dir='ltr'>ydonei,</span> <span class='ocrx_word' id='word_1_99' title='bbox 673 2139 730 2197; x_wconf 89' lang='lat' dir='ltr'>per</span> <span class='ocrx_word' id='word_1_100' title='bbox 752 2139 831 2197; x_wconf 91' lang='lat' dir='ltr'>quos</span> <span class='ocrx_word' id='word_1_101' title='bbox 853 2125 981 2182; x_wconf 89' lang='lat' dir='ltr'>ecclesie</span> <span class='ocrx_word' id='word_1_102' title='bbox 1004 2127 1080 2199; x_wconf 87' lang='lat' dir='ltr'>ipse,</span> <span class='ocrx_word' id='word_1_103' title='bbox 1104 2127 1231 2199; x_wconf 90' lang='lat' dir='ltr'>superni</span> <span class='ocrx_word' id='word_1_104' title='bbox 1250 2123 1366 2182; x_wconf 84' lang='lat' dir='ltr'>favoris</span> <span class='ocrx_word' id='word_1_105' title='bbox 1382 2124 1502 2181; x_wconf 87' lang='lat' dir='ltr'>auxilio</span> <span class='ocrx_word' id='word_1_106' title='bbox 1518 2123 1625 2180; x_wconf 87' lang='lat' dir='ltr'>suffra·</span> 
     </span>
     <span class='ocr_line' id='line_1_15' title="bbox 359 2229 1625 2304; baseline 0 -18"><span class='ocrx_word' id='word_1_107' title='bbox 359 2235 457 2302; x_wconf 90' lang='lat' dir='ltr'>gante,</span> <span class='ocrx_word' id='word_1_108' title='bbox 489 2230 594 2286; x_wconf 89' lang='lat' dir='ltr'>votive</span> <span class='ocrx_word' id='word_1_109' title='bbox 625 2231 840 2303; x_wconf 88' lang='lat' dir='ltr'>prosperitatis</span> <span class='ocrx_word' id='word_1_110' title='bbox 875 2232 1067 2288; x_wconf 89' lang='lat' dir='ltr'>successibus</span> <span class='ocrx_word' id='word_1_111' title='bbox 1097 2231 1298 2304; x_wconf 85' lang='lat' dir='ltr'>gratulentur.</span> <span class='ocrx_word' id='word_1_112' title='bbox 1334 2230 1441 2304; x_wconf 88' lang='lat' dir='ltr'>Nuper</span> <span class='ocrx_word' id='word_1_113' title='bbox 1472 2229 1625 2303; x_wconf 89' lang='lat' dir='ltr'>siquidem</span> 
     </span>
     <span class='ocr_line' id='line_1_16' title="bbox 357 2337 1623 2411; baseline -0.001 -17"><span class='ocrx_word' id='word_1_114' title='bbox 357 2337 485 2394; x_wconf 91' lang='lat' dir='ltr'>ecclesia</span> <span class='ocrx_word' id='word_1_115' title='bbox 507 2337 699 2408; x_wconf 89' lang='lat' dir='ltr'>zagrabiensi</span> <span class='ocrx_word' id='word_1_116' title='bbox 722 2353 761 2394; x_wconf 83' lang='lat' dir='ltr'>ex</span> <span class='ocrx_word' id='word_1_117' title='bbox 782 2353 818 2394; x_wconf 89' lang='lat' dir='ltr'>eo</span> <span class='ocrx_word' id='word_1_118' title='bbox 841 2338 974 2410; x_wconf 89' lang='lat' dir='ltr'>pastoris</span> <span class='ocrx_word' id='word_1_119' title='bbox 997 2339 1148 2411; x_wconf 89' lang='lat' dir='ltr'>regimine</span> <span class='ocrx_word' id='word_1_120' title='bbox 1170 2338 1325 2406; x_wconf 90' lang='lat' dir='ltr'>destituta,</span> <span class='ocrx_word' id='word_1_121' title='bbox 1349 2337 1434 2410; x_wconf 93' lang='lat' dir='ltr'>quod</span> <span class='ocrx_word' id='word_1_122' title='bbox 1457 2353 1514 2394; x_wconf 92' lang='lat' dir='ltr'>nos</span> <span class='ocrx_word' id='word_1_123' title='bbox 1534 2353 1623 2394; x_wconf 76' lang='lat' dir='ltr'>vene</span> 
     </span>
     <span class='ocr_line' id='line_1_17' title="bbox 358 2441 1624 2519; baseline -0.001 -19"><span class='ocrx_word' id='word_1_124' title='bbox 358 2443 492 2500; x_wconf 88' lang='lat' dir='ltr'>rabilem</span> <span class='ocrx_word' id='word_1_125' title='bbox 525 2441 653 2500; x_wconf 88' lang='lat' dir='ltr'>fratrem</span> <span class='ocrx_word' id='word_1_126' title='bbox 684 2451 825 2501; x_wconf 90' lang='lat' dir='ltr'>nostrum</span> <span class='ocrx_word' id='word_1_127' title='bbox 856 2444 1031 2502; x_wconf 89' lang='lat' dir='ltr'>Dionisium</span> <span class='ocrx_word' id='word_1_128' title='bbox 1062 2446 1245 2519; x_wconf 89' lang='lat' dir='ltr'>episcopum</span> <span class='ocrx_word' id='word_1_129' title='bbox 1283 2445 1361 2502; x_wconf 92' lang='lat' dir='ltr'>olim</span> <span class='ocrx_word' id='word_1_130' title='bbox 1394 2445 1624 2516; x_wconf 90' lang='lat' dir='ltr'>zagrabiensem</span> 
     </span>
     <span class='ocr_line' id='line_1_18' title="bbox 360 2549 1626 2622; baseline -0.001 -16"><span class='ocrx_word' id='word_1_131' title='bbox 360 2551 390 2606; x_wconf 92' lang='lat' dir='ltr'>in</span> <span class='ocrx_word' id='word_1_132' title='bbox 414 2549 682 2622; x_wconf 90' lang='lat' dir='ltr'>archiepiscopum</span> <span class='ocrx_word' id='word_1_133' title='bbox 703 2551 898 2606; x_wconf 90' lang='lat' dir='ltr'>colocensem</span> <span class='ocrx_word' id='word_1_134' title='bbox 922 2551 1064 2621; x_wconf 89' lang='lat' dir='ltr'>electum,</span> <span class='ocrx_word' id='word_1_135' title='bbox 1087 2551 1160 2608; x_wconf 91' lang='lat' dir='ltr'>licet</span> <span class='ocrx_word' id='word_1_136' title='bbox 1182 2552 1351 2620; x_wconf 89' lang='lat' dir='ltr'>absentem,</span> <span class='ocrx_word' id='word_1_137' title='bbox 1375 2565 1393 2607; x_wconf 94' lang='lat' dir='ltr'>a</span> <span class='ocrx_word' id='word_1_138' title='bbox 1412 2550 1548 2619; x_wconf 91' lang='lat' dir='ltr'>vinculo,</span> <span class='ocrx_word' id='word_1_139' title='bbox 1565 2564 1626 2622; x_wconf 91' lang='lat' dir='ltr'>quo</span> 
     </span>
     <span class='ocr_line' id='line_1_19' title="bbox 359 2655 1626 2730; baseline 0 -18"><span class='ocrx_word' id='word_1_140' title='bbox 359 2655 420 2728; x_wconf 91' lang='lat' dir='ltr'>ipsi</span> <span class='ocrx_word' id='word_1_141' title='bbox 443 2655 633 2726; x_wconf 87' lang='lat' dir='ltr'>zagrabiensi</span> <span class='ocrx_word' id='word_1_142' title='bbox 664 2655 800 2726; x_wconf 91' lang='lat' dir='ltr'>ecclesie,</span> <span class='ocrx_word' id='word_1_143' title='bbox 833 2657 884 2713; x_wconf 90' lang='lat' dir='ltr'>cui</span> <span class='ocrx_word' id='word_1_144' title='bbox 908 2662 979 2714; x_wconf 98' lang='grc' dir='ltr'>ωηο</span> <span class='ocrx_word' id='word_1_145' title='bbox 1003 2663 1134 2730; x_wconf 86' lang='lat' dir='ltr'>preerat,</span> <span class='ocrx_word' id='word_1_146' title='bbox 1159 2657 1330 2725; x_wconf 90' lang='lat' dir='ltr'>tenebatur,</span> <span class='ocrx_word' id='word_1_147' title='bbox 1355 2656 1393 2713; x_wconf 93' lang='lat' dir='ltr'>de</span> <span class='ocrx_word' id='word_1_148' title='bbox 1417 2655 1549 2712; x_wconf 81' lang='lat' dir='ltr'>fratrum</span> <span class='ocrx_word' id='word_1_149' title='bbox 1574 2670 1626 2712; x_wconf 93' lang='lat' dir='ltr'>no·</span> 
     </span>
     <span class='ocr_line' id='line_1_20' title="bbox 360 2762 1626 2836; baseline -0.001 -18"><span class='ocrx_word' id='word_1_150' title='bbox 360 2765 496 2818; x_wconf 90' lang='lat' dir='ltr'>strorum</span> <span class='ocrx_word' id='word_1_151' title='bbox 519 2762 648 2818; x_wconf 91' lang='lat' dir='ltr'>consilio</span> <span class='ocrx_word' id='word_1_152' title='bbox 671 2767 701 2818; x_wconf 90' lang='lat' dir='ltr'>et</span> <span class='ocrx_word' id='word_1_153' title='bbox 721 2763 891 2835; x_wconf 91' lang='lat' dir='ltr'>apostolice</span> <span class='ocrx_word' id='word_1_154' title='bbox 914 2763 1075 2836; x_wconf 88' lang='lat' dir='ltr'>potestatis</span> <span class='ocrx_word' id='word_1_155' title='bbox 1090 2763 1284 2836; x_wconf 90' lang='lat' dir='ltr'>plenitudine</span> <span class='ocrx_word' id='word_1_156' title='bbox 1299 2763 1507 2832; x_wconf 66' lang='lat' dir='ltr'>absolventes</span> <span class='ocrx_word' id='word_1_157' title='bbox 1523 2763 1626 2834; x_wconf 88' lang='lat' dir='ltr'>ipsum</span> 
     </span>
     <span class='ocr_line' id='line_1_21' title="bbox 360 2868 1626 2941; baseline -0.001 -16"><span class='ocrx_word' id='word_1_158' title='bbox 360 2868 400 2925; x_wconf 91' lang='lat' dir='ltr'>ad</span> <span class='ocrx_word' id='word_1_159' title='bbox 422 2869 584 2926; x_wconf 88' lang='lat' dir='ltr'>ecclesiam</span> <span class='ocrx_word' id='word_1_160' title='bbox 608 2869 802 2926; x_wconf 88' lang='lat' dir='ltr'>colocensem</span> <span class='ocrx_word' id='word_1_161' title='bbox 825 2876 897 2926; x_wconf 90' lang='lat' dir='ltr'>tunc</span> <span class='ocrx_word' id='word_1_162' title='bbox 921 2874 1082 2926; x_wconf 89' lang='lat' dir='ltr'>vacantem</span> <span class='ocrx_word' id='word_1_163' title='bbox 1106 2869 1253 2927; x_wconf 81' lang='lat' dir='ltr'>duximus</span> <span class='ocrx_word' id='word_1_164' title='bbox 1275 2868 1533 2938; x_wconf 85' lang='lat' dir='ltr'>transferendum,</span> <span class='ocrx_word' id='word_1_165' title='bbox 1558 2884 1626 2941; x_wconf 92' lang='lat' dir='ltr'>pre·</span> 
     </span>
     <span class='ocr_line' id='line_1_22' title="bbox 360 2973 1627 3048; baseline -0.001 -18"><span class='ocrx_word' id='word_1_166' title='bbox 360 2973 492 3032; x_wconf 91' lang='lat' dir='ltr'>ficiendo</span> <span class='ocrx_word' id='word_1_167' title='bbox 516 2990 587 3031; x_wconf 90' lang='lat' dir='ltr'>eum</span> <span class='ocrx_word' id='word_1_168' title='bbox 611 2975 692 3032; x_wconf 91' lang='lat' dir='ltr'>dicte</span> <span class='ocrx_word' id='word_1_169' title='bbox 714 2974 867 3033; x_wconf 92' lang='lat' dir='ltr'>colocensi</span> <span class='ocrx_word' id='word_1_170' title='bbox 898 2977 1026 3033; x_wconf 90' lang='lat' dir='ltr'>ecclesie</span> <span class='ocrx_word' id='word_1_171' title='bbox 1056 2976 1086 3032; x_wconf 93' lang='lat' dir='ltr'>in</span> <span class='ocrx_word' id='word_1_172' title='bbox 1114 2976 1383 3048; x_wconf 90' lang='lat' dir='ltr'>archiepiscopum</span> <span class='ocrx_word' id='word_1_173' title='bbox 1407 2979 1438 3032; x_wconf 91' lang='lat' dir='ltr'>et</span> <span class='ocrx_word' id='word_1_174' title='bbox 1461 2981 1627 3048; x_wconf 90' lang='lat' dir='ltr'>pastorem.</span> 
     </span>
     <span class='ocr_line' id='line_1_23' title="bbox 361 3079 1628 3155; baseline 0 -19"><span class='ocrx_word' id='word_1_175' title='bbox 361 3079 424 3136; x_wconf 91' lang='lat' dir='ltr'>Nos</span> <span class='ocrx_word' id='word_1_176' title='bbox 456 3081 595 3137; x_wconf 92' lang='lat' dir='ltr'>volentes</span> <span class='ocrx_word' id='word_1_177' title='bbox 625 3079 728 3137; x_wconf 91' lang='lat' dir='ltr'>eidem</span> <span class='ocrx_word' id='word_1_178' title='bbox 757 3081 949 3153; x_wconf 89' lang='lat' dir='ltr'>zagrabiensi</span> <span class='ocrx_word' id='word_1_179' title='bbox 979 3082 1115 3153; x_wconf 88' lang='lat' dir='ltr'>ecclesie,</span> <span class='ocrx_word' id='word_1_180' title='bbox 1146 3098 1185 3138; x_wconf 92' lang='lat' dir='ltr'>ne</span> <span class='ocrx_word' id='word_1_181' title='bbox 1208 3081 1370 3154; x_wconf 91' lang='lat' dir='ltr'>dispendia</span> <span class='ocrx_word' id='word_1_182' title='bbox 1393 3081 1517 3155; x_wconf 86' lang='lat' dir='ltr'>prolixe</span> <span class='ocrx_word' id='word_1_183' title='bbox 1539 3095 1628 3137; x_wconf 90' lang='lat' dir='ltr'>vaca·</span> 
     </span>
     <span class='ocr_line' id='line_1_24' title="bbox 360 3186 1628 3261; baseline -0.001 -17"><span class='ocrx_word' id='word_1_184' title='bbox 360 3187 452 3244; x_wconf 90' lang='lat' dir='ltr'>tionis</span> <span class='ocrx_word' id='word_1_185' title='bbox 474 3187 652 3258; x_wconf 89' lang='lat' dir='ltr'>incurreret,</span> <span class='ocrx_word' id='word_1_186' title='bbox 677 3187 844 3245; x_wconf 89' lang='lat' dir='ltr'>salubriter</span> <span class='ocrx_word' id='word_1_187' title='bbox 867 3187 1041 3260; x_wconf 84' lang='lat' dir='ltr'>providere,</span> <span class='ocrx_word' id='word_1_188' title='bbox 1065 3203 1137 3244; x_wconf 91' lang='lat' dir='ltr'>cum</span> <span class='ocrx_word' id='word_1_189' title='bbox 1159 3187 1265 3245; x_wconf 89' lang='lat' dir='ltr'>nullus</span> <span class='ocrx_word' id='word_1_190' title='bbox 1287 3193 1392 3261; x_wconf 91' lang='lat' dir='ltr'>preter</span> <span class='ocrx_word' id='word_1_191' title='bbox 1414 3203 1472 3244; x_wconf 93' lang='lat' dir='ltr'>nos</span> <span class='ocrx_word' id='word_1_192' title='bbox 1495 3186 1533 3244; x_wconf 91' lang='lat' dir='ltr'>de</span> <span class='ocrx_word' id='word_1_193' title='bbox 1557 3201 1628 3260; x_wconf 91' lang='lat' dir='ltr'>pro·</span> 
     </span>
     <span class='ocr_line' id='line_1_25' title="bbox 360 3292 1627 3368; baseline 0 -19"><span class='ocrx_word' id='word_1_194' title='bbox 360 3292 478 3350; x_wconf 91' lang='lat' dir='ltr'>visione</span> <span class='ocrx_word' id='word_1_195' title='bbox 501 3293 599 3365; x_wconf 90' lang='lat' dir='ltr'>ipsius</span> <span class='ocrx_word' id='word_1_196' title='bbox 622 3293 828 3365; x_wconf 87' lang='lat' dir='ltr'>zagrabiensis</span> <span class='ocrx_word' id='word_1_197' title='bbox 851 3294 980 3350; x_wconf 89' lang='lat' dir='ltr'>ecclesie</span> <span class='ocrx_word' id='word_1_198' title='bbox 1002 3295 1060 3350; x_wconf 91' lang='lat' dir='ltr'>hac</span> <span class='ocrx_word' id='word_1_199' title='bbox 1083 3294 1150 3350; x_wconf 88' lang='lat' dir='ltr'>vice</span> <span class='ocrx_word' id='word_1_200' title='bbox 1172 3309 1204 3351; x_wconf 93' lang='lat' dir='ltr'>se</span> <span class='ocrx_word' id='word_1_201' title='bbox 1226 3295 1431 3351; x_wconf 90' lang='lat' dir='ltr'>intromittere</span> <span class='ocrx_word' id='word_1_202' title='bbox 1454 3295 1555 3367; x_wconf 88' lang='lat' dir='ltr'>possit</span> <span class='ocrx_word' id='word_1_203' title='bbox 1570 3307 1627 3368; x_wconf 91' lang='lat' dir='ltr'>pro</span> 
     </span>
     <span class='ocr_line' id='line_1_26' title="bbox 362 3397 1628 3473; baseline 0.002 -19"><span class='ocrx_word' id='word_1_204' title='bbox 362 3412 407 3468; x_wconf 92' lang='lat' dir='ltr'>eo,</span> <span class='ocrx_word' id='word_1_205' title='bbox 431 3397 516 3471; x_wconf 93' lang='lat' dir='ltr'>quod</span> <span class='ocrx_word' id='word_1_206' title='bbox 538 3413 595 3456; x_wconf 91' lang='lat' dir='ltr'>nos</span> <span class='ocrx_word' id='word_1_207' title='bbox 618 3397 672 3454; x_wconf 92' lang='lat' dir='ltr'>diu</span> <span class='ocrx_word' id='word_1_208' title='bbox 702 3404 772 3455; x_wconf 91' lang='lat' dir='ltr'>ante</span> <span class='ocrx_word' id='word_1_209' title='bbox 803 3399 995 3456; x_wconf 89' lang='lat' dir='ltr'>vacationem</span> <span class='ocrx_word' id='word_1_210' title='bbox 1022 3399 1119 3472; x_wconf 89' lang='lat' dir='ltr'>ipsius</span> <span class='ocrx_word' id='word_1_211' title='bbox 1141 3399 1348 3471; x_wconf 87' lang='lat' dir='ltr'>zagrabiensis</span> <span class='ocrx_word' id='word_1_212' title='bbox 1371 3400 1500 3457; x_wconf 90' lang='lat' dir='ltr'>ecclesie</span> <span class='ocrx_word' id='word_1_213' title='bbox 1523 3399 1628 3473; x_wconf 92' lang='lat' dir='ltr'>provi·</span> 
     </span>
     <span class='ocr_line' id='line_1_27' title="bbox 361 3504 1628 3579; baseline 0.002 -19"><span class='ocrx_word' id='word_1_214' title='bbox 361 3504 461 3561; x_wconf 89' lang='lat' dir='ltr'>siones</span> <span class='ocrx_word' id='word_1_215' title='bbox 492 3505 632 3561; x_wconf 91' lang='lat' dir='ltr'>omnium</span> <span class='ocrx_word' id='word_1_216' title='bbox 662 3505 864 3562; x_wconf 89' lang='lat' dir='ltr'>ecclesiarum</span> <span class='ocrx_word' id='word_1_217' title='bbox 898 3505 1131 3577; x_wconf 83' lang='lat' dir='ltr'>cathedralium,</span> <span class='ocrx_word' id='word_1_218' title='bbox 1162 3512 1234 3563; x_wconf 92' lang='lat' dir='ltr'>tunc</span> <span class='ocrx_word' id='word_1_219' title='bbox 1269 3507 1459 3579; x_wconf 89' lang='lat' dir='ltr'>ubicumque</span> <span class='ocrx_word' id='word_1_220' title='bbox 1482 3507 1514 3563; x_wconf 93' lang='lat' dir='ltr'>in</span> <span class='ocrx_word' id='word_1_221' title='bbox 1539 3511 1628 3564; x_wconf 89' lang='lat' dir='ltr'>antea</span> 
     </span>
     <span class='ocr_line' id='line_1_28' title="bbox 362 3611 1627 3685; baseline 0.002 -19"><span class='ocrx_word' id='word_1_222' title='bbox 362 3616 580 3667; x_wconf 89' lang='lat' dir='ltr'>vacaturarum</span> <span class='ocrx_word' id='word_1_223' title='bbox 610 3626 667 3684; x_wconf 88' lang='lat' dir='ltr'>per</span> <span class='ocrx_word' id='word_1_224' title='bbox 697 3611 914 3669; x_wconf 88' lang='lat' dir='ltr'>translationes</span> <span class='ocrx_word' id='word_1_225' title='bbox 945 3611 984 3668; x_wconf 95' lang='lat' dir='ltr'>de</span> <span class='ocrx_word' id='word_1_226' title='bbox 1007 3611 1135 3685; x_wconf 90' lang='lat' dir='ltr'>prelatis</span> <span class='ocrx_word' id='word_1_227' title='bbox 1159 3627 1265 3669; x_wconf 90' lang='lat' dir='ltr'>earum</span> <span class='ocrx_word' id='word_1_228' title='bbox 1289 3613 1423 3669; x_wconf 90' lang='lat' dir='ltr'>ubilibet</span> <span class='ocrx_word' id='word_1_229' title='bbox 1444 3612 1627 3682; x_wconf 87' lang='lat' dir='ltr'>constitutis,</span> 
     </span>
     <span class='ocr_line' id='line_1_29' title="bbox 362 3716 1628 3790; baseline 0.002 -19"><span class='ocrx_word' id='word_1_230' title='bbox 362 3719 434 3772; x_wconf 90' lang='lat' dir='ltr'>tunc</span> <span class='ocrx_word' id='word_1_231' title='bbox 464 3732 522 3789; x_wconf 89' lang='lat' dir='ltr'>per</span> <span class='ocrx_word' id='word_1_232' title='bbox 551 3731 607 3774; x_wconf 93' lang='lat' dir='ltr'>nos</span> <span class='ocrx_word' id='word_1_233' title='bbox 637 3717 842 3790; x_wconf 90' lang='lat' dir='ltr'>imposterum</span> <span class='ocrx_word' id='word_1_234' title='bbox 872 3716 1027 3775; x_wconf 84' lang='lat' dir='ltr'>faciendas</span> <span class='ocrx_word' id='word_1_235' title='bbox 1059 3716 1097 3774; x_wconf 92' lang='lat' dir='ltr'>ad</span> <span class='ocrx_word' id='word_1_236' title='bbox 1121 3718 1198 3775; x_wconf 89' lang='lat' dir='ltr'>alias</span> <span class='ocrx_word' id='word_1_237' title='bbox 1221 3717 1366 3775; x_wconf 88' lang='lat' dir='ltr'>ecclesias</span> <span class='ocrx_word' id='word_1_238' title='bbox 1389 3721 1462 3775; x_wconf 91' lang='grc' dir='ltr'>ωηο</span> <span class='ocrx_word' id='word_1_239' title='bbox 1483 3723 1628 3776; x_wconf 88' lang='lat' dir='ltr'>vacantes</span> 
     </span>
     <span class='ocr_line' id='line_1_30' title="bbox 362 3822 1628 3896; baseline 0.003 -18"><span class='ocrx_word' id='word_1_240' title='bbox 362 3826 392 3878; x_wconf 89' lang='lat' dir='ltr'>et</span> <span class='ocrx_word' id='word_1_241' title='bbox 413 3822 619 3894; x_wconf 92' lang='lat' dir='ltr'>imposterum</span> <span class='ocrx_word' id='word_1_242' title='bbox 642 3828 812 3894; x_wconf 90' lang='lat' dir='ltr'>vacaturas,</span> <span class='ocrx_word' id='word_1_243' title='bbox 837 3823 1030 3896; x_wconf 87' lang='lat' dir='ltr'>dispositioni</span> <span class='ocrx_word' id='word_1_244' title='bbox 1053 3829 1157 3882; x_wconf 90' lang='lat' dir='ltr'>nostre</span> <span class='ocrx_word' id='word_1_245' title='bbox 1180 3824 1326 3882; x_wconf 87' lang='lat' dir='ltr'>duximus</span> <span class='ocrx_word' id='word_1_246' title='bbox 1348 3824 1562 3895; x_wconf 88' lang='lat' dir='ltr'>reservandas,</span> <span class='ocrx_word' id='word_1_247' title='bbox 1579 3825 1628 3882; x_wconf 89' lang='lat' dir='ltr'>de·</span> 
     </span>
     <span class='ocr_line' id='line_1_31' title="bbox 362 3927 1628 4004; baseline 0.003 -20"><span class='ocrx_word' id='word_1_248' title='bbox 362 3927 515 3984; x_wconf 91' lang='lat' dir='ltr'>cernendo</span> <span class='ocrx_word' id='word_1_249' title='bbox 538 3943 576 3984; x_wconf 86' lang='lat' dir='ltr'>ex</span> <span class='ocrx_word' id='word_1_250' title='bbox 599 3933 671 3985; x_wconf 90' lang='lat' dir='ltr'>tunc</span> <span class='ocrx_word' id='word_1_251' title='bbox 694 3929 817 3985; x_wconf 87' lang='lat' dir='ltr'>irritum</span> <span class='ocrx_word' id='word_1_252' title='bbox 841 3934 871 3985; x_wconf 86' lang='lat' dir='ltr'>et</span> <span class='ocrx_word' id='word_1_253' title='bbox 893 3929 991 4000; x_wconf 91' lang='lat' dir='ltr'>inane,</span> <span class='ocrx_word' id='word_1_254' title='bbox 1015 3931 1041 3987; x_wconf 90' lang='lat' dir='ltr'>si</span> <span class='ocrx_word' id='word_1_255' title='bbox 1056 3946 1143 3988; x_wconf 89' lang='lat' dir='ltr'>secus</span> <span class='ocrx_word' id='word_1_256' title='bbox 1159 3946 1253 4004; x_wconf 88' lang='lat' dir='ltr'>super</span> <span class='ocrx_word' id='word_1_257' title='bbox 1269 3931 1328 3988; x_wconf 92' lang='lat' dir='ltr'>hiis</span> <span class='ocrx_word' id='word_1_258' title='bbox 1343 3946 1400 4004; x_wconf 91' lang='lat' dir='ltr'>per</span> <span class='ocrx_word' id='word_1_259' title='bbox 1415 3946 1628 4004; x_wconf 90' lang='lat' dir='ltr'>quoscumque</span> 
     </span>
     <span class='ocr_line' id='line_1_32' title="bbox 363 4033 1628 4110; baseline 0.002 -21"><span class='ocrx_word' id='word_1_260' title='bbox 363 4033 472 4105; x_wconf 92' lang='lat' dir='ltr'>quavis</span> <span class='ocrx_word' id='word_1_261' title='bbox 495 4034 676 4090; x_wconf 88' lang='lat' dir='ltr'>auctoritate</span> <span class='ocrx_word' id='word_1_262' title='bbox 699 4035 828 4091; x_wconf 87' lang='lat' dir='ltr'>scienter</span> <span class='ocrx_word' id='word_1_263' title='bbox 851 4035 902 4091; x_wconf 89' lang='lat' dir='ltr'>vel</span> <span class='ocrx_word' id='word_1_264' title='bbox 930 4036 1107 4108; x_wconf 86' lang='lat' dir='ltr'>ignoranter</span> <span class='ocrx_word' id='word_1_265' title='bbox 1133 4036 1323 4108; x_wconf 87' lang='lat' dir='ltr'>contingeret</span> <span class='ocrx_word' id='word_1_266' title='bbox 1346 4037 1535 4110; x_wconf 88' lang='lat' dir='ltr'>attemptari,</span> <span class='ocrx_word' id='word_1_267' title='bbox 1559 4040 1628 4110; x_wconf 90' lang='lat' dir='ltr'>post</span> 
     </span>
     <span class='ocr_line' id='line_1_33' title="bbox 363 4138 1628 4216; baseline 0.005 -21"><span class='ocrx_word' id='word_1_268' title='bbox 363 4138 627 4210; x_wconf 89' lang='lat' dir='ltr'>deliberationem,</span> <span class='ocrx_word' id='word_1_269' title='bbox 651 4155 746 4212; x_wconf 91' lang='lat' dir='ltr'>quam</span> <span class='ocrx_word' id='word_1_270' title='bbox 769 4139 807 4197; x_wconf 94' lang='lat' dir='ltr'>de</span> <span class='ocrx_word' id='word_1_271' title='bbox 823 4140 1012 4214; x_wconf 90' lang='lat' dir='ltr'>preficiendo</span> <span class='ocrx_word' id='word_1_272' title='bbox 1028 4142 1087 4216; x_wconf 90' lang='lat' dir='ltr'>ipsi</span> <span class='ocrx_word' id='word_1_273' title='bbox 1103 4142 1295 4214; x_wconf 89' lang='lat' dir='ltr'>zagrabiensi</span> <span class='ocrx_word' id='word_1_274' title='bbox 1319 4143 1446 4200; x_wconf 89' lang='lat' dir='ltr'>ecclesie</span> <span class='ocrx_word' id='word_1_275' title='bbox 1462 4158 1628 4216; x_wconf 90' lang='lat' dir='ltr'>personam</span> 
     </span>
     <span class='ocr_line' id='line_1_34' title="bbox 363 4245 1628 4321; baseline 0.003 -19"><span class='ocrx_word' id='word_1_276' title='bbox 363 4245 471 4303; x_wconf 90' lang='lat' dir='ltr'>utilem</span> <span class='ocrx_word' id='word_1_277' title='bbox 495 4261 531 4302; x_wconf 91' lang='lat' dir='ltr'>ac</span> <span class='ocrx_word' id='word_1_278' title='bbox 553 4246 646 4302; x_wconf 89' lang='lat' dir='ltr'>etiam</span> <span class='ocrx_word' id='word_1_279' title='bbox 663 4245 852 4303; x_wconf 88' lang='lat' dir='ltr'>fructuosam</span> <span class='ocrx_word' id='word_1_280' title='bbox 869 4247 1035 4305; x_wconf 90' lang='lat' dir='ltr'>habuimus</span> <span class='ocrx_word' id='word_1_281' title='bbox 1051 4263 1122 4304; x_wconf 92' lang='lat' dir='ltr'>cum</span> <span class='ocrx_word' id='word_1_282' title='bbox 1138 4247 1255 4305; x_wconf 90' lang='lat' dir='ltr'>eisdem</span> <span class='ocrx_word' id='word_1_283' title='bbox 1272 4247 1421 4306; x_wconf 85' lang='lat' dir='ltr'>fratribus</span> <span class='ocrx_word' id='word_1_284' title='bbox 1436 4249 1628 4321; x_wconf 88' lang='lat' dir='ltr'>diligentem,</span> 
     </span>
     <span class='ocr_line' id='line_1_35' title="bbox 364 4352 1628 4429; baseline 0.002 -19"><span class='ocrx_word' id='word_1_285' title='bbox 364 4352 491 4410; x_wconf 92' lang='lat' dir='ltr'>demum</span> <span class='ocrx_word' id='word_1_286' title='bbox 513 4352 553 4409; x_wconf 92' lang='lat' dir='ltr'>ad</span> <span class='ocrx_word' id='word_1_287' title='bbox 577 4358 606 4410; x_wconf 92' lang='lat' dir='ltr'>te</span> <span class='ocrx_word' id='word_1_288' title='bbox 631 4358 702 4410; x_wconf 91' lang='grc' dir='ltr'>ωηο</span> <span class='ocrx_word' id='word_1_289' title='bbox 725 4353 859 4411; x_wconf 88' lang='lat' dir='ltr'>electum</span> <span class='ocrx_word' id='word_1_290' title='bbox 881 4355 1069 4427; x_wconf 90' lang='lat' dir='ltr'>nitriensem‚</span> <span class='ocrx_word' id='word_1_291' title='bbox 1092 4355 1317 4429; x_wconf 89' lang='lat' dir='ltr'>multiplicium</span> <span class='ocrx_word' id='word_1_292' title='bbox 1332 4356 1484 4414; x_wconf 89' lang='lat' dir='ltr'>virtutum</span> <span class='ocrx_word' id='word_1_293' title='bbox 1499 4357 1628 4424; x_wconf 84' lang='lat' dir='ltr'>meritis,</span> 
     </span>
     <span class='ocr_line' id='line_1_36' title="bbox 363 4458 1626 4544; baseline 0.002 -28"><span class='ocrx_word' id='word_1_294' title='bbox 363 4464 458 4534; x_wconf 90' lang='lat' dir='ltr'>prout</span> <span class='ocrx_word' id='word_1_295' title='bbox 480 4458 711 4531; x_wconf 87' lang='lat' dir='ltr'>fidedignorum</span> <span class='ocrx_word' id='word_1_296' title='bbox 733 4460 828 4517; x_wconf 90' lang='lat' dir='ltr'>habet</span> <span class='ocrx_word' id='word_1_297' title='bbox 854 4462 990 4532; x_wconf 86' lang='lat' dir='ltr'>assertio,</span> <span class='ocrx_word' id='word_1_298' title='bbox 1020 4461 1208 4544; x_wconf 84' lang='lat' dir='ltr'>insignitum,</span> <span class='ocrx_word' id='word_1_299' title='bbox 1232 4467 1399 4536; x_wconf 88' lang='lat' dir='ltr'>sperantes,</span> <span class='ocrx_word' id='word_1_300' title='bbox 1424 4467 1454 4520; x_wconf 90' lang='lat' dir='ltr'>te</span> <span class='ocrx_word' id='word_1_301' title='bbox 1478 4461 1547 4520; x_wconf 85' lang='lat' dir='ltr'>fore</span> <span class='ocrx_word' id='word_1_302' title='bbox 1570 4462 1626 4535; x_wconf 94' lang='lat' dir='ltr'>ipsi</span> 
     </span>
     <span class='ocr_line' id='line_1_37' title="bbox 363 4565 1628 4640; baseline 0.002 -17"><span class='ocrx_word' id='word_1_303' title='bbox 363 4565 554 4638; x_wconf 88' lang='lat' dir='ltr'>zagrabiensi</span> <span class='ocrx_word' id='word_1_304' title='bbox 577 4567 704 4622; x_wconf 88' lang='lat' dir='ltr'>ecclesie</span> <span class='ocrx_word' id='word_1_305' title='bbox 728 4566 944 4640; x_wconf 88' lang='lat' dir='ltr'>multipliciter</span> <span class='ocrx_word' id='word_1_306' title='bbox 967 4567 1168 4640; x_wconf 87' lang='lat' dir='ltr'>fructuosum,</span> <span class='ocrx_word' id='word_1_307' title='bbox 1200 4569 1371 4626; x_wconf 87' lang='lat' dir='ltr'>direximus</span> <span class='ocrx_word' id='word_1_308' title='bbox 1394 4569 1501 4626; x_wconf 92' lang='lat' dir='ltr'>oculos</span> <span class='ocrx_word' id='word_1_309' title='bbox 1524 4575 1628 4626; x_wconf 85' lang='lat' dir='ltr'>nostre</span> 
     </span>
     <span class='ocr_line' id='line_1_38' title="bbox 364 4671 1627 4749; baseline 0.002 -21"><span class='ocrx_word' id='word_1_310' title='bbox 364 4671 491 4728; x_wconf 90' lang='lat' dir='ltr'>mentis:</span> <span class='ocrx_word' id='word_1_311' title='bbox 516 4671 630 4743; x_wconf 90' lang='lat' dir='ltr'>quibus</span> <span class='ocrx_word' id='word_1_312' title='bbox 653 4672 799 4729; x_wconf 90' lang='lat' dir='ltr'>omnibus</span> <span class='ocrx_word' id='word_1_313' title='bbox 822 4671 927 4730; x_wconf 89' lang='lat' dir='ltr'>debita</span> <span class='ocrx_word' id='word_1_314' title='bbox 949 4673 1148 4732; x_wconf 86' lang='lat' dir='ltr'>meditatione</span> <span class='ocrx_word' id='word_1_315' title='bbox 1171 4675 1315 4749; x_wconf 72' lang='lat' dir='ltr'>pensatis</span> <span class='ocrx_word' id='word_1_316' title='bbox 1334 4681 1364 4732; x_wconf 90' lang='lat' dir='ltr'>te</span> <span class='ocrx_word' id='word_1_317' title='bbox 1380 4690 1398 4732; x_wconf 91' lang='lat' dir='ltr'>a</span> <span class='ocrx_word' id='word_1_318' title='bbox 1413 4675 1550 4744; x_wconf 90' lang='lat' dir='ltr'>vinculo,</span> <span class='ocrx_word' id='word_1_319' title='bbox 1567 4688 1627 4747; x_wconf 91' lang='lat' dir='ltr'>quo</span> 
     </span>
     <span class='ocr_line' id='line_1_39' title="bbox 364 4777 1627 4856; baseline 0.002 -22"><span class='ocrx_word' id='word_1_320' title='bbox 364 4777 425 4850; x_wconf 92' lang='lat' dir='ltr'>ipsi</span> <span class='ocrx_word' id='word_1_321' title='bbox 447 4777 586 4834; x_wconf 88' lang='lat' dir='ltr'>nitriensi</span> <span class='ocrx_word' id='word_1_322' title='bbox 609 4778 744 4849; x_wconf 89' lang='lat' dir='ltr'>ecclesie,</span> <span class='ocrx_word' id='word_1_323' title='bbox 768 4779 817 4836; x_wconf 91' lang='lat' dir='ltr'>cui</span> <span class='ocrx_word' id='word_1_324' title='bbox 840 4783 912 4836; x_wconf 90' lang='lat' dir='ltr'>tunc</span> <span class='ocrx_word' id='word_1_325' title='bbox 934 4795 1042 4853; x_wconf 92' lang='lat' dir='ltr'>preeas</span> <span class='ocrx_word' id='word_1_326' title='bbox 1057 4781 1220 4853; x_wconf 69' lang='lat' dir='ltr'>tenebaris</span> <span class='ocrx_word' id='word_1_327' title='bbox 1244 4781 1283 4839; x_wconf 92' lang='lat' dir='ltr'>de</span> <span class='ocrx_word' id='word_1_328' title='bbox 1305 4783 1467 4856; x_wconf 87' lang='lat' dir='ltr'>potestatis</span> <span class='ocrx_word' id='word_1_329' title='bbox 1489 4782 1627 4856; x_wconf 89' lang='lat' dir='ltr'>predicte</span> 
     </span>
     <span class='ocr_line' id='line_1_40' title="bbox 364 4881 1625 4959; baseline 0.005 -19"><span class='ocrx_word' id='word_1_330' title='bbox 364 4881 556 4956; x_wconf 91' lang='lat' dir='ltr'>plenitudine</span> <span class='ocrx_word' id='word_1_331' title='bbox 586 4883 792 4955; x_wconf 91' lang='lat' dir='ltr'>absolventes,</span> <span class='ocrx_word' id='word_1_332' title='bbox 825 4891 855 4942; x_wconf 90' lang='lat' dir='ltr'>te</span> <span class='ocrx_word' id='word_1_333' title='bbox 884 4885 923 4942; x_wconf 89' lang='lat' dir='ltr'>de</span> <span class='ocrx_word' id='word_1_334' title='bbox 955 4887 1095 4959; x_wconf 89' lang='lat' dir='ltr'>ipsorum</span> <span class='ocrx_word' id='word_1_335' title='bbox 1125 4886 1258 4945; x_wconf 84' lang='lat' dir='ltr'>fratrum</span> <span class='ocrx_word' id='word_1_336' title='bbox 1290 4888 1419 4945; x_wconf 92' lang='lat' dir='ltr'>consilio</span> <span class='ocrx_word' id='word_1_337' title='bbox 1445 4891 1625 4947; x_wconf 88' lang='lat' dir='ltr'>auctoritate</span> 
     </span>
     <span class='ocr_line' id='line_1_41' title="bbox 365 4989 1625 5068; baseline 0.005 -22"><span class='ocrx_word' id='word_1_338' title='bbox 365 4989 534 5064; x_wconf 89' lang='lat' dir='ltr'>apostolica</span> <span class='ocrx_word' id='word_1_339' title='bbox 565 4989 604 5046; x_wconf 88' lang='lat' dir='ltr'>ad</span> <span class='ocrx_word' id='word_1_340' title='bbox 636 4992 866 5063; x_wconf 88' lang='lat' dir='ltr'>zagrabiensem</span> <span class='ocrx_word' id='word_1_341' title='bbox 895 4993 1057 5051; x_wconf 91' lang='lat' dir='ltr'>ecclesiam</span> <span class='ocrx_word' id='word_1_342' title='bbox 1088 4993 1301 5051; x_wconf 87' lang='lat' dir='ltr'>transferimus</span> <span class='ocrx_word' id='word_1_343' title='bbox 1333 4994 1553 5068; x_wconf 86' lang='lat' dir='ltr'>supradictam,</span> <span class='ocrx_word' id='word_1_344' title='bbox 1585 5001 1625 5054; x_wconf 91' lang='lat' dir='ltr'>te·</span> 
     </span>
    </p>
   </div>
   <div class='ocr_carea' id='block_1_6' title="bbox 0 0 1814 5804">
    <p class='ocr_par' dir='ltr' id='par_1_6' title="bbox 0 0 1814 5804">
     <span class='ocr_line' id='line_1_42' title="bbox 0 0 1814 5804; baseline 0 0"><span class='ocrx_word' id='word_1_345' title='bbox 0 0 1814 5804; x_wconf 95' lang='lat' dir='ltr'> </span> 
     </span>
    </p>
   </div>
  </div>
 </body>
</html>
