3782 5812
413 543 567 604 CCXVIII
942 548 1129 619 Argumenta.

1583 755 1620 800 Pa
1638 756 1645 768 ⁰

488 824 521 872 de
538 823 650 889 Simigio
669 833 827 875 conventum
846 833 912 883 orat,
932 831 962 875 ut
981 832 1073 876 contra
1092 824 1210 876 facinora
1228 827 1356 890 quaedam
1371 842 1386 877 a
1399 828 1517 894 capitulo
1531 844 1572 879 za-
1623 768 1696 811 μ

488 912 565 978 grab.
590 912 617 962 in
643 913 851 980 possessionibus
878 914 1000 972 Grabani,
1026 913 1122 963 Dediet
1141 920 1167 964 et
1187 901 1340 964 Crnomerci
1359 923 1513 982 perpetrata
1531 919 1570 970 in-

489 999 1369 1063 quirat
1382 1029 1565 1044 ...........
1630 1006 1695 1066 337

408 1116 468 1166 402.
487 1109 564 1156 111111
586 1113 669 1168 1397..
691 1116 731 1156 11.
751 1106 889 1160 februarii.
912 1107 1065 1172 Zagrabiae.
1091 1107 1203 1156 Carolus
1222 1107 1339 1158 Petrucii
1358 1109 1482 1174 publicus
1501 1124 1565 1176 apo·

487 1195 597 1244 stolicus
616 1200 642 1244 et
660 1195 807 1260 imperialis
826 1195 945 1245 notarius
965 1197 996 1243 ad
1015 1209 1106 1260 preces
1119 1197 1296 1246 nonnulorum
1309 1198 1506 1262 capitularium,
1521 1215 1568 1265 pn·

487 1282 566 1332 blicis
585 1283 683 1334 litteris
703 1291 822 1342 testatur,
842 1283 912 1334 cives
938 1283 1100 1334 Grechenres
1120 1285 1147 1332 in
1166 1286 1228 1334 eccl.
1249 1285 1398 1336 cathedrali
1417 1301 1567 1338 excommu-

487 1371 589 1422 nicatos
609 1370 708 1421 fuisse·
739 1399 1567 1416 ··············································

408 1487 468 1538 403.
489 1479 565 1527 Anno
595 1486 676 1540 1397..
703 1488 741 1538 11.
767 1477 906 1529 februarii.
926 1478 1041 1544 Simigii.
1062 1479 1213 1530 Conventus
1232 1495 1251 1530 s.
1271 1479 1385 1530 Adriani
1403 1481 1436 1531 de
1455 1481 1568 1546 Simigio

487 1566 600 1616 Detrieo
620 1567 713 1616 Bubek
733 1567 808 1622 bano,
828 1566 927 1617 nefarie
947 1577 1005 1617 acta
1024 1583 1071 1632 per
1090 1567 1238 1633 capitulum
1257 1568 1363 1634 zagrab.
1383 1568 1411 1619 in
1429 1570 1570 1635 possessio·

487 1654 565 1705 nibus
585 1655 700 1704 civitatis
721 1656 885 1712 Grechensis,
905 1671 966 1706 vera
986 1671 1048 1712 esse,
1068 1657 1150 1706 refert
1167 1681 1564 1698 ·······················

407 1769 467 1821 404.
487 1763 564 1810 Anno
578 1770 641 1824 1397
654 1800 659 1820 ‚
671 1771 711 1810 21.
722 1761 1269 1828 martii,Quinqueecc'esiis.sigismundus
1280 1763 1434 1829 ilungariae
1446 1770 1495 1815 etc.
1508 1780 1565 1819 rex.

489 1849 558 1898 cives
578 1849 745 1906 Grechenses,
765 1865 797 1899 ne
816 1857 927 1914 propter
946 1865 1066 1900 excessus
1086 1864 1100 1900 a
1120 1851 1242 1912 quolibet
1260 1851 1349 1901 iudice
1362 1854 1567 1903 molestarentur
1625 1889 1627 1892 -

487 1936 620 2002 prohibet,
645 1951 740 2001 eosque
758 1938 786 1986 in
802 1939 925 1987 tutellam
950 1937 1085 1987 assummit
1092 1963 1562 1980 ···························

408 2052 467 2104 405.
490 2047 565 2093 Anno
596 2053 677 2106 1397,
698 2053 738 2101 25.
758 2043 857 2093 martii.
883 2043 1133 2106 Quinqucecclcsiis.
1154 2043 1340 2108 Sigismundus
1358 2045 1498 2110 Hungarie
1517 2053 1567 2096 etc.

490 2147 545 2190 rex,
565 2133 692 2198 episcopo
711 2142 737 2183 et
756 2133 875 2198 capitulo
895 2131 1009 2197 zagrab,
1030 2133 1131 2182 civibus
1152 2133 1348 2182 Grechensibus
1361 2133 1463 2192 fundos,
1477 2134 1567 2184 vineas

490 2224 538 2270 etc.
558 2234 624 2284 quas
643 2221 744 2270 ratione
763 2220 956 2270 discordiarum
976 2226 1177 2284 occupaverant.
1197 2221 1274 2270 reddi
1294 2220 1368 2270 iubet
1376 2246 1559 2260 ···········
1625 2233 1687 2288 390

410 2308 471 2368 406.
491 2312 566 2359 Anno
590 2318 673 2371 1397..
696 2319 734 2358 12.
754 2309 856 2373 aprilis.
880 2308 1034 2374 Zagrabiae.
1062 2291 1242 2358 Commoditas
1261 2309 1358 2358 montis
1378 2309 1569 2360 Grecliensisa

488 2411 572 2461 poena
591 2396 869 2446 excommunicationis
888 2403 913 2445 et
932 2393 1067 2445 interdicti
1086 2411 1101 2444 a
1120 2393 1221 2459 Joanne
1239 2397 1319 2462 episc.
1338 2399 1446 2463 zagrab.
1465 2397 1568 2450 inuicte

480 2485 636 2535 absolvitur.
645 2509 1559 2525 ···················································
1626 2495 1683 2550 391

409 2602 470 2654 407.
490 2595 566 2642 Anno
589 2601 671 2654 1397..
692 2593 715 2642 8.
735 2591 806 2641 maii.
826 2591 980 2656 Zagrabiae.
992 2589 1117 2640 Nicolaus
1136 2591 1169 2638 de
1188 2590 1260 2641 Gara
1277 2591 1368 2650 banus,
1382 2589 1486 2642 civibus
1500 2592 1565 2642 Gre-

489 2681 627 2731 chensibus
653 2679 793 2731 terminum
812 2680 840 2730 in
858 2694 942 2736 causa,
962 2694 1042 2742 quam
1068 2679 1181 2744 agebant
1200 2685 1292 2729 contra
1311 2680 1440 2743 quosdam
1458 2682 1566 2731 colonos

492 2772 524 2819 de
543 2769 624 2826 Odra,
647 2777 775 2834 prorogat
790 2794 973 2808 ··········
987 2805 992 2814 .
1004 2793 1561 2808 ································

409 2877 469 2938 408.
489 2877 565 2925 Anno
593 2884 675 2938 1397,
700 2889 786 2924 mense
810 2873 961 2939 septembri.
987 2873 1144 2938 Zagrabiae,
1173 2873 1354 2924 communitas
1380 2874 1475 2924 montis
1501 2875 1566 2924 Gre-

488 2964 590 3014 chensis
609 2964 710 3013 abolito
729 2961 821 3026 sigillo
841 2963 923 3011 reteri
944 2976 1041 3012 novum
1059 2961 1145 3026 sculpi
1164 2962 1269 3012 curavit
1288 2957 1426 3026 eidemque
1448 2962 1565 3013 11111111-

487 3069 579 3118 gorem
598 3052 694 3102 tribuit
702 3077 1561 3090 ·················································

407 3171 467 3224 409,
488 3163 564 3209 Anno
588 3161 669 3222 1308..
692 3168 730 3209 10,
750 3159 887 3208 februarii.
913 3158 1037 3224 Bachyic.
1065 3157 1249 3223 Sigismundus
1267 3157 1421 3222 Hungariae
1441 3167 1489 3208 etc.
1507 3173 1563 3216 rex,

486 3249 598 3300 fundum
625 3249 715 3297 curiae
740 3249 766 3296 in
791 3253 879 3298 monte
901 3246 1052 3296 Greciiensi.
1071 3246 1251 3296 molendinum
1269 3260 1299 3294 ac
1318 3245 1442 3295 balneum
1461 3245 1488 3295 in
1506 3247 1563 3296 eins

485 3335 623 3394 suburbio,
648 3351 715 3398 quac
741 3335 846 3386 fuerunt
871 3336 1004 3398 quondam
1028 3333 1154 3398 Stephani
1181 3333 1247 3383 dicti
1267 3333 1363 3398 Vrdug
1382 3334 1415 3382 de
1434 3333 1576 3401 Prodanid·

480 3425 595 3484 „notorii
614 3425 747 3480 aemulii“,
767 3423 924 3473 Eberhardo
943 3423 1067 3489 episcopo
1086 3423 1190 3488 ragrab.
1211 3421 1314 3472 confert
1321 3447 1559 3460 ··············

407 3541 467 3592 410.
487 3535 562 3581 Anno
586 3532 669 3595 1398..
689 3542 730 3582 22.
750 3531 850 3597 aprilis.
869 3529 899 3580 In
917 3530 1026 3595 Wylak.
1051 3529 1234 3593 Sigismundus
1254 3528 1408 3592 Hoogariae
1427 3533 1486 3586 ete..
1505 3541 1560 3587 rex,

486 3635 518 3669 ne
537 3619 607 3670 cives
626 3619 788 3669 Grechenses
807 3633 822 3668 a
840 3617 990 3667 castellanis
1009 3618 1042 3665 de
1061 3623 1148 3668 castro
1168 3617 1283 3666 Medved
1302 3617 1454 3667 ullomodo
1466 3631 1561 3683 aggra-

487 3715 612 3758 varentur
631 3709 674 3756 vel
693 3708 904 3764 molestarentur,
923 3704 1045 3770 prohibet
1052 3731 1558 3746 ·····························

406 3825 467 3877 411.
486 3818 563 3865 Anno
585 3815 669 3877 1398..
692 3823 732 3873 14.
752 3813 821 3862 maii.
840 3811 994 3876 Zagrabiae.
1009 3811 1106 3862 Coram
1118 3808 1238 3874 Johanne
1251 3811 1377 3862 virebano
1390 3818 1417 3862 et
1429 3811 1563 3862 iudicibus

486 3903 624 3958 nobilium.
644 3900 816 3952 communitas
833 3900 930 3950 montis
950 3899 1107 3950 Grechensis
1126 3900 1158 3948 ad
1179 3899 1241 3948 fidei
1260 3899 1403 3950 iussionem
1422 3905 1448 3949 et
1466 3915 1564 3949 recom-

485 3989 666 4056 pensationem
692 3989 856 4046 damnorum,
876 3989 943 4038 duos
961 3985 1071 4037 crimine
1093 3993 1226 4053 suspectos
1245 3987 1365 4038 subditos
1384 3987 1564 4038 vicecastella·

483 4110 579 4148 norum
598 4097 631 4146 de
649 4096 770 4154 Medved,
790 4111 804 4145 e
823 4095 974 4145 carceribus
991 4094 1092 4144 liberat
1104 4117 1556 4132 ··························

405 4197 465 4246 412.
486 4167 561 4323 uffo
584 4186 659 4248 1398.
680 4195 722 4235 21.
742 4183 907 4250 septembris.
927 4183 1080 4249 Zagrabiae.
1100 4181 1269 4232 Eberhardus
1293 4183 1372 4248 episc.
1392 4184 1500 4250 zagrab.
1517 4183 1563 4246 qui

485 4275 506 4324 si
528 4274 590 4323 istre
611 4273 767 4323 informatus
787 4273 891 4322 cuidam
909 4272 1022 4322 Nicolao
1051 4271 1164 4324 Praedid
1193 4277 1247 4323 tres
1265 4271 1392 4322 sessiones
1410 4271 1492 4336 Banja
1509 4273 1564 4322 sela

485 4377 515 4412 ac
534 4362 624 4412 vineas
643 4375 759 4424 arvaque
778 4360 939 4418 abstulisset,
959 4360 1066 4426 cognita
1085 4360 1204 4420 veritate,
1223 4359 1308 4410 eidem
1328 4359 1446 4410 restitnit
1465 4385 1557 4399 ······

405 4480 466 4531 413,
488 4473 563 4520 Anno
585 4479 659 4531 1399.
678 4468 702 4518 8.
722 4467 793 4518 maii.
822 4468 974 4534 Zagrabiae.
1005 4467 1132 4517 Nicolaus
1156 4469 1188 4516 de
1214 4468 1285 4516 Gara
1303 4467 1393 4524 banus,
1423 4467 1562 4517 terminum

485 4559 512 4608 in
532 4572 615 4614 causa,
636 4571 715 4620 quam
734 4557 804 4608 cives
815 4557 973 4606 Grcchcnses
993 4561 1085 4606 contra
1099 4555 1198 4607 incolas
1212 4557 1244 4605 de
1257 4554 1332 4605 Odra
1344 4555 1466 4620 agebant,
1476 4555 1562 4605 denno

484 4652 614 4712 prorogat
631 4670 993 4685 ·····················
1002 4663 1010 4683 ··
1022 4668 1558 4684 ·······························

405 4746 466 4798 414.
486 4737 561 4786 1111111
583 4744 657 4798 1399.
678 4734 719 4787 26.
738 4731 819 4796 Junii.
843 4733 994 4798 Zagrabiae.
1021 4732 1118 4783 Coram
1136 4730 1255 4794 Johanne
1274 4730 1400 4782 vicebano
1418 4737 1444 4782 et
1464 4731 1557 4782 iudici·

485 4822 534 4874 bus
553 4821 686 4872 nobilium
705 4821 877 4872 communitas
895 4821 991 4871 montis
1011 4821 1168 4872 Grechensis
1195 4821 1228 4869 de
1253 4820 1388 4886 occupatis
1415 4835 1464 4885 per
1491 4819 1561 4871 tilios

485 4911 556 4961 Toth
575 4912 606 4959 de
625 4910 776 4974 Susedgrad
795 4909 1015 4973 possessionibus:
1044 4908 1191 4966 Petrovina,
1216 4908 1327 4972 lirastja
1345 4913 1371 4957 et
1387 4893 1560 4973 Siljalrovioa,

484 5003 648 5064 protestatur
664 5023 1558 5038 ··················································
1616 5007 1675 5064 399
