3824 5806
676 539 750 598 Doc.
773 533 848 616 406.
874 572 911 582 -
937 540 993 598 An.
1015 550 1103 617 1397.
1458 559 1517 622 391

255 743 285 796 et
308 739 452 811 graciam.
476 739 598 798 Dicitur
621 740 711 797 nobis
734 740 765 798 in
789 740 929 814 personis
952 741 1168 798 universorum
1185 741 1301 798 civium
1317 746 1347 798 et
1362 742 1522 814 hospitum

255 849 432 902 nostrorum
466 845 505 902 de
537 844 696 917 Zagrabia,
726 845 884 918 quomodo
914 861 970 902 vos
1000 861 1100 919 nuper
1131 848 1291 904 universas
1327 846 1437 904 domos
1467 863 1521 905 seu

256 949 375 1020 fundos
399 967 517 1008 necnon
540 952 645 1008 vineas
668 967 705 1009 ac
733 956 830 1008 terras
859 952 993 1009 arabiles
1023 952 1162 1026 ipsorum
1197 953 1228 1009 in
1260 951 1338 1010 facie
1369 959 1521 1010 terrarum

254 1057 483 1130 possessionum
509 1062 682 1114 vestrarum
710 1058 874 1115 existentes
904 1073 961 1130 per
991 1059 1075 1130 ipsos
1108 1073 1232 1130 semper
1263 1067 1293 1115 et
1323 1060 1363 1115 ab
1394 1060 1522 1131 antiquo

255 1168 353 1220 tentas
376 1169 406 1220 et
429 1178 586 1237 possessas
609 1165 732 1222 racione
754 1163 907 1222 discordie
937 1163 1017 1220 inter
1047 1178 1103 1220 vos
1135 1168 1166 1220 et
1188 1165 1272 1237 ipsos
1294 1165 1378 1221 cives
1401 1170 1521 1222 nostros

255 1274 360 1327 exorte
384 1285 442 1342 pro
466 1270 556 1328 vobis
579 1271 795 1344 occupassetis‚
819 1274 1045 1342 occupatosque
1072 1271 1294 1327 conservaretis
1318 1269 1356 1327 de
1380 1271 1521 1344 presenti.

256 1374 357 1449 Super
379 1391 441 1448 quo
465 1375 608 1433 fidelitati
633 1382 732 1433 vestre
753 1375 886 1433 firmiter
900 1375 1091 1449 precipimus
1107 1381 1136 1432 et
1161 1376 1347 1433 mandamus
1370 1383 1521 1448 quatenus

254 1483 361 1540 habita
394 1483 588 1556 presencium
616 1483 729 1540 noticia
759 1481 896 1557 prefatas
926 1480 1044 1552 domos,
1076 1481 1196 1554 fundos,
1227 1483 1333 1540 uineas
1363 1489 1521 1556 terrasque

254 1588 390 1645 arabiles
413 1589 554 1662 ipsorum
577 1589 693 1646 civium
717 1595 895 1646 nostrorum
924 1603 982 1660 per
1011 1589 1104 1661 ipsoS,
1135 1595 1170 1645 ut
1197 1587 1303 1658 fertur,
1328 1589 1520 1662 abantiquo

255 1699 352 1751 tentas
375 1700 406 1752 et
427 1709 585 1768 possessas
608 1711 665 1768 pro
690 1695 781 1752 vobis
811 1694 934 1751 racione
965 1693 1104 1767 predicta
1136 1699 1300 1767 occupatas
1324 1696 1442 1768 absque
1465 1695 1520 1752 ali·

255 1800 342 1872 quali
365 1800 614 1858 dissimulacione
636 1801 794 1858 remittere
817 1804 848 1857 et
871 1799 1026 1872 resignare
1049 1801 1187 1858 debeatis
1199 1819 1206 1870 ;
1222 1817 1309 1858 secus
1337 1799 1438 1858 iacere
1461 1817 1521 1858 non

255 1907 367 1964 ausuri.
390 1906 507 1963 Datum
523 1905 812 1980 QuinqueecclesiiS,
832 1907 862 1964 in
884 1907 1039 1965 dominica
1054 1907 1152 1964 Oculi.
1170 1908 1258 1964 Anno
1275 1906 1393 1964 domini
1411 1907 1521 1965 MCCC

255 2013 454 2085 nonagesimo
476 2013 619 2087 septimo.

344 2147 484 2214 Originale
504 2147 530 2198 in
550 2148 648 2206 charta,
667 2147 695 2198 in
714 2162 767 2212 qua
786 2147 942 2213 impressum
961 2152 1000 2197 est
1019 2146 1140 2212 sigillum
1158 2146 1229 2212 regis
1249 2146 1341 2198 minus.
1361 2147 1392 2198 In
1408 2147 1518 2199 archivo

255 2238 272 2286 l.
291 2253 312 2288 r.
334 2237 383 2288 civ.
403 2238 507 2304 zagrab.

788 2387 792 2396 '
840 2415 937 2482 406.

360 2577 444 2634 Anno,
467 2582 541 2638 1397,
564 2584 602 2624 12.
623 2575 724 2640 aprilis.
744 2574 899 2642 Zagrabiae.

271 2702 462 2777 Cqmmunilas
486 2705 592 2762 montis
621 2702 791 2762 Grechensis
816 2722 835 2760 α
849 2710 947 2776 poena
970 2705 1265 2761 excommunicationis
1280 2713 1308 2762 el
1322 2704 1466 2762 interdicti
1479 2724 1498 2761 a

539 2810 661 2888 Joannc
683 2812 763 2884 episc.
787 2811 904 2884 sagrab.
928 2810 1038 2884 i'ristt‘cta
1061 2810 1226 2867 absolvitur.

341 2974 496 3055 Johannes
512 2972 551 3030 de
566 2971 662 3045 Senis,
679 2973 876 3031 decretorum
891 2972 1007 3044 doctor,
1023 2973 1156 3030 vicarius
1171 2972 1334 3030 reverendi
1350 2973 1382 3030 in
1397 2973 1520 3030 Christo

256 3081 362 3154 patris,
386 3079 503 3137 domini
522 3079 679 3162 Johannis,
703 3079 754 3137 dei
777 3085 807 3137 et
829 3079 1000 3154 apostolice
1022 3079 1104 3136 sedis
1127 3080 1232 3150 gracia
1255 3079 1393 3152 episcopi
1416 3093 1521 3151 ragra-

255 3185 377 3257 biensis,
401 3184 597 3243 decretorum
620 3184 764 3256 doctoris,
781 3186 812 3242 in
827 3185 1045 3259 spiritualibus
1060 3161 1221 3257 generalis.
1240 3185 1398 3243 Universis
1414 3189 1444 3241 et
1459 3185 1519 3242 sin-

254 3292 336 3366 gulis
353 3297 509 3366 presentes
524 3291 642 3356 litteras
658 3291 841 3366 inspecturis
858 3292 991 3349 salutern
1007 3296 1037 3349 et
1053 3297 1193 3348 mutuam
1210 3292 1241 3348 in
1264 3290 1391 3348 domino
1413 3291 1520 3349 carita·

254 3405 325 3456 tem.
341 3397 506 3468 Noveritis‚
524 3397 692 3470 quodlicet
708 3397 846 3471 prefatus
862 3397 1006 3454 dominus
1022 3397 1177 3481 Johannes
1193 3397 1365 3470 episcopus,
1378 3396 1519 3468 iudicem,

254 3505 370 3562 iuratos
393 3509 423 3561 et
446 3509 543 3561 totam
565 3505 820 3561 communitatem
836 3502 875 3560 de
890 3509 995 3560 monte
1011 3501 1165 3574 Grecensi,
1181 3503 1304 3560 racione
1326 3508 1355 3558 et
1378 3508 1519 3576 pretextu

254 3611 420 3668 domorum
443 3611 718 3681 combustionibus,
743 3611 904 3668 hominum
924 3609 1074 3666 laicorum
1095 3608 1364 3666 interfeccionibus
1387 3615 1417 3665 et
1438 3609 1520 3682 ipso-

253 3733 324 3774 rum
336 3717 619 3775 werberacionibus
631 3721 660 3774 et
673 3717 940 3788 wlneracionibus,
954 3717 1155 3773 ecclesiarum
1169 3716 1402 3786 violacionibus‚
1415 3731 1520 3773 rerum

254 3827 284 3880 et
303 3823 456 3881 bonorum
473 3823 687 3881 oblacionibus
703 3839 757 3879 seu
773 3822 890 3896 rapinis
906 3828 998 3895 atque
1014 3821 1103 3879 factis
1118 3822 1295 3894 sacrilegiis,
1315 3837 1433 3879 necnon
1449 3822 1519 3896 plu·

252 3929 407 3987 rimorum
430 3929 585 3986 malorum
610 3927 798 3986 facinoribus
821 3929 900 3986 inter
923 3927 1050 3986 eosdem
1066 3927 1208 3999 iudicem,
1227 3929 1342 3985 iuratos
1366 3933 1395 3985 et
1418 3928 1519 4012 ipsam

254 4035 508 4093 communitatem
531 4036 572 4092 ab
591 4051 660 4106 una,
677 4039 765 4108 parte
781 4049 856 4092 vero
872 4035 913 4092 ab
929 4034 1027 4092 altera
1044 4035 1124 4091 inter
1140 4034 1324 4092 honorabile
1347 4035 1520 4109 capitulum

253 4141 315 4199 loci
337 4140 469 4216 predicti
492 4146 522 4198 et
544 4141 685 4200 homines
708 4138 820 4214 prefati
843 4139 962 4199 domini
984 4141 1133 4224 Johannis
1157 4140 1295 4214 episcopi
1318 4147 1348 4198 et
1371 4140 1445 4198 dicti
1469 4156 1518 4198 ca·

253 4247 346 4321 pituli
369 4246 591 4320 quoquomodo
614 4253 721 4304 mutua
744 4246 956 4304 vicissitudine
979 4245 1076 4317 factis,
1100 4246 1285 4320 perpetratis
1301 4251 1331 4303 et
1347 4247 1520 4305 commissis

253 4355 407 4411 sentencia
430 4353 760 4412 excommunicacionis
783 4353 966 4421 innodasset,
997 4359 1091 4427 prout
1120 4354 1150 4410 in
1184 4352 1293 4410 litteris
1313 4353 1520 4410 sentenciona·

253 4460 336 4516 libus
360 4460 457 4533 ipsius
479 4458 597 4516 domini
620 4459 758 4532 episcopi
779 4459 940 4540 limpidius
964 4459 1143 4530 continetur,
1160 4464 1190 4516 et
1205 4458 1329 4516 tandem
1345 4460 1435 4518 nobis
1450 4476 1520 4533 pre-

254 4564 349 4622 fatam
373 4567 626 4622 communitatem
649 4565 947 4623 excommunicatam
971 4564 1039 4622 tore
1062 4565 1260 4639 pronunciari
1288 4566 1462 4624 mandasset
1489 4573 1520 4624 et

254 4672 355 4746 ipsam
377 4672 534 4730 civitatem
559 4673 672 4730 montis
696 4669 857 4730 Grecensis
880 4669 1042 4728 interdicto
1066 4671 1271 4728 ecclesiastico
1299 4671 1518 4745 subposuisset.

254 4777 380 4848 Tamen,
404 4793 459 4836 nos
482 4777 710 4836 considerantes
732 4777 908 4851 periculum
938 4778 1112 4834 animarum
1136 4781 1165 4833 et
1188 4776 1263 4849 ipsis
1286 4777 1433 4850 periculis
1455 4778 1519 4835 ani·

254 4899 376 4942 marum
402 4884 541 4942 volentes
564 4884 700 4956 obviare,
724 4884 901 4942 reverendis
925 4884 957 4941 in
981 4883 1104 4941 Christo
1120 4883 1270 4956 patribus,
1287 4882 1429 4954 dominis,
1447 4883 1520 4941 Bar·

254 4991 368 5060 tuchio‚
392 4990 502 5049 eadem
525 4989 574 5048 dei
598 4997 627 5048 et
643 4991 812 5064 apostolice
827 4991 908 5049 sedis
923 4991 1027 5064 gracia
1042 4990 1275 5064 archiepiscopo
1290 4991 1387 5048 sancti
1402 4989 1520 5049 Thadei
