3728 5806
628 545 701 603 Doc.
724 556 789 621 271.
818 579 854 588 —-
879 545 935 602 An.
959 555 1044 622 1377.
1410 547 1466 606 261

206 743 388 816 religiosum
418 745 522 803 virum
554 744 682 803 fratrem
712 746 847 818 Petrum,
870 745 1009 820 priorem
1031 750 1135 802 nostre
1156 743 1291 814 ecclesie,
1315 760 1411 801 unum
1434 761 1471 802 ex

205 849 297 907 nobis
331 849 371 908 ad
401 829 631 926 infrascriptam
663 853 843 910 citacionem
875 850 1048 910 faciendam
1080 856 1184 908 nostro
1216 866 1274 923 pro
1297 851 1473 908 testimonio

208 954 356 1013 duximus
388 956 613 1016 destinandum.
644 958 706 1031 Qui
729 958 856 1038 demum
878 957 988 1015 exinde
1011 957 1051 1014 ad
1074 973 1129 1014 nos
1151 957 1268 1014 reversi
1291 957 1381 1013 nobis
1402 971 1473 1014 con·

206 1061 342 1119 corditer
365 1063 544 1134 retulerunt,
569 1063 653 1137 quod
678 1064 761 1122 idern
785 1063 881 1121 bomo
907 1067 1010 1120 vestre
1034 1063 1210 1132 maiestatis,
1235 1068 1376 1135 presente
1403 1079 1473 1136 pre-

206 1168 325 1240 scripto
348 1175 455 1226 nostro
478 1171 663 1242 testimonio,
687 1170 765 1228 feria
788 1171 895 1243 quinta
917 1171 1062 1243 proxima
1082 1176 1151 1226 ante
1167 1168 1280 1227 festum
1296 1170 1380 1226 beati
1395 1170 1473 1226 iau·

205 1274 302 1331 rencii
325 1275 470 1346 martiris,
494 1276 637 1350 proxime
659 1277 816 1351 preterita,
839 1275 981 1346 iudicem,
1014 1276 1129 1334 iuratos
1153 1281 1183 1332 et
1205 1276 1366 1332 universos
1390 1276 1473 1333 cives

206 1378 245 1436 de
280 1378 410 1450 Gerech,
440 1381 471 1438 in
501 1381 619 1454 eadem,
651 1390 756 1440 contra
787 1383 970 1440 honorabile
1001 1383 1173 1455 capitulum
1212 1381 1339 1439 ecclesie
1369 1397 1473 1454 zagra-

207 1485 324 1542 biensis
346 1486 386 1544 ad
410 1493 535 1544 octavas
557 1487 627 1546 festi
659 1489 883 1561 assumpcionis
914 1487 1044 1560 virginis
1068 1488 1203 1559 gloriose
1227 1488 1370 1561 proxime
1392 1503 1473 1544 nunc

207 1596 374 1648 venturum
406 1593 437 1650 in
469 1599 570 1650 vestre
601 1595 771 1652 serenitatis
806 1594 996 1667 presenciam
1030 1594 1214 1651 citavissent.
1250 1594 1367 1650 Datum
1398 1591 1473 1650 feria

207 1701 294 1754 sexta
324 1699 468 1771 proxima
502 1705 573 1772 post
607 1698 723 1757 festum
751 1699 870 1757 dictum
900 1701 983 1757 beati
1013 1700 1173 1758 laurencii
1203 1701 1348 1758 martiris.
1383 1702 1473 1757 Anno

209 1802 327 1861 domini
350 1803 546 1862 MCCCLXX
569 1807 710 1881 septimo.

297 1937 438 2004 Originale
457 1940 484 1989 in
503 1941 601 1998 charta,
622 1942 648 1991 in
667 1942 787 2008 margine
806 1942 879 1992 dorsi
899 1942 1056 2007 impressum
1069 1941 1189 2008 sigillum
1202 1941 1307 1992 decidit.
1322 1942 1353 1992 In
1366 1942 1474 1992 archivo

207 2024 255 2074 lib.
274 2041 330 2091 reg.
351 2027 424 2078 civit.
443 2030 547 2094 zagrab.

801 2227 880 2295 271.

297 2365 374 2414 Anno
396 2374 471 2424 1377,
490 2365 534 2415 die
554 2377 594 2425 23.
614 2368 737 2433 Augusti.
760 2367 790 2418 In
808 2367 875 2418 villa
892 2367 999 2418 Boklar.

213 2491 361 2550 Elisabeth
390 2495 492 2566 regina
515 2495 692 2568 Hungarioc
714 2498 869 2568 comitibus,
893 2499 1095 2556 vicecomitibus
1118 2506 1146 2556 et
1166 2497 1307 2557 medicibus
1337 2499 1476 2557 nobilium

209 2598 356 2655 comitatus
378 2600 528 2670 crisiensis,
548 2602 743 2675 zagrabiensis
770 2611 798 2661 et
814 2605 978 2676 gon'censii,
999 2613 1032 2661 ut
1053 2605 1086 2682 (le
1108 2605 1285 2678 perpetratis
1306 2605 1475 2678 quibusdam

343 2735 349 2748 ·
400 2708 524 2782 nefariis
551 2708 658 2766 actibus
679 2711 801 2783 capituli
819 2710 936 2784 sagrab.
959 2712 1119 2784 mqui'ramt,
1138 2711 1287 2784 praecibit.

297 2869 436 2927 Elizabet
459 2869 509 2927 dei
531 2871 636 2942 gracia
658 2871 764 2942 regina
787 2873 954 2945 Hungarie,
978 2873 1115 2941 Polonie,
1131 2871 1291 2928 Dalmacie
1310 2875 1365 2928 etc.
1388 2871 1477 2929 Fide-

211 2977 294 3033 libus
325 2977 388 3033 suis
421 2977 586 3034 comitibus
616 2977 667 3034 vel
691 2977 925 3036 vicecomitibus
949 2983 978 3036 et
1000 2978 1155 3036 iudicibus
1178 2978 1332 3034 nobilium
1355 2976 1476 3034 sedium

210 3083 371 3151 crisiensis,
394 3083 601 3156 zagrabiensis
623 3089 654 3140 et
676 3085 843 3156 goricensis
866 3086 997 3143 salutern
1021 3091 1050 3141 et
1076 3085 1221 3157 graciam.
1249 3084 1477 3156 Proposuerunt

210 3187 300 3245 nobis
331 3187 483 3260 Georgius
513 3189 735 3247 stachionarius
764 3195 793 3245 et
820 3190 898 3246 alter
921 3188 1081 3262 Georgius,
1106 3189 1191 3247 filius
1222 3189 1353 3257 Martini,
1378 3189 1477 3257 iurati,

211 3293 242 3350 in
265 3308 375 3350 eorum
398 3299 427 3351 et
452 3294 562 3352 iudicis
585 3311 621 3352 ac
644 3296 777 3353 aliorum
801 3296 973 3353 iuratorum
995 3311 1124 3353 suorum
1148 3295 1186 3352 de
1210 3301 1313 3352 monte
1329 3293 1477 3352 Grecensi

212 3399 249 3456 de
272 3398 424 3472 Zagrabia
447 3402 595 3473 personis,
617 3402 700 3474 quod
716 3417 735 3458 a
750 3407 891 3476 ternpore
907 3403 1093 3476 pestilencie,
1110 3417 1170 3474 que
1186 3402 1217 3458 in
1233 3405 1339 3458 nostra
1355 3400 1478 3458 civitate

212 3505 352 3578 predicta
374 3505 519 3564 Grecensi
542 3507 649 3580 viguit,
673 3507 818 3565 videlicet
841 3508 871 3565 in
895 3523 975 3565 anno
998 3507 1116 3566 domini
1140 3505 1335 3564 MCCCLXX
1358 3511 1477 3578 quarto,

214 3611 386 3685 capitulum
419 3613 626 3684 zagrabiensis
657 3613 785 3695 ecclesie
818 3614 969 3686 quasdam
1004 3615 1110 3672 vineas
1137 3615 1168 3671 in
1192 3614 1305 3672 tenutis
1338 3613 1478 3685 ipsorum

212 3701 412 3791 occupassent
434 3725 465 3777 et
487 3736 567 3778 nunc
589 3726 754 3795 occupatas
777 3721 948 3779 detinerent
970 3728 1076 3779 contra
1091 3722 1210 3779 litteras
1226 3723 1367 3796 ipsorum
1382 3719 1479 3792 privi-

213 3825 340 3897 legiatas
364 3830 394 3882 et
409 3811 590 3910 mandatum
605 3833 746 3885 nostrum
761 3828 988 3886 litteratorium.
1008 3829 1075 3885 Hiis
1091 3843 1152 3885 non
1168 3828 1309 3896 contenti,
1327 3830 1479 3883 transacta

212 3931 280 4003 ipsa
302 3932 491 4005 pestilencia,
515 3948 595 3990 anno
618 3935 766 4006 sequenti,
790 3933 948 4008 quoddam
964 3935 1124 3992 stabulum
1146 3935 1177 3991 in
1201 3933 1352 3990 suburbio
1375 3937 1479 3989 nostre

213 4037 345 4094 civitatis
368 4037 506 4112 predicte
529 4038 685 4096 desertum
709 4040 871 4098 incendere
894 4040 1035 4098 fecissent
1058 4048 1199 4113 tempore
1222 4036 1370 4096 nocturno
1403 4036 1479 4093 dum

212 4149 321 4200 ventus
351 4144 473 4201 oribilis
504 4145 643 4202 affuisset
675 4151 705 4202 et
735 4146 841 4203 vicum
867 4145 1109 4203 Teutonicorum
1132 4161 1188 4218 per
1211 4143 1315 4201 omnia
1338 4143 1480 4200 fecissent

213 4252 409 4308 concremari.
443 4250 499 4308 His
529 4267 591 4308 non
621 4253 762 4321 contenti,
786 4252 817 4308 in
847 4267 927 4308 anno
957 4253 1092 4325 presenti
1123 4252 1153 4309 in
1184 4251 1293 4323 vigilia
1316 4251 1480 4307 beatorum

214 4356 350 4431 Philippi
366 4363 396 4413 et
417 4357 526 4439 Jacobi
549 4357 771 4431 apostolorum,
790 4357 930 4414 homines
956 4357 1088 4430 predicti
1111 4357 1238 4430 capituli
1262 4371 1318 4428 per
1342 4355 1480 4412 eiusdem

214 4464 463 4522 commissionem
490 4463 666 4537 specialem,
697 4463 751 4520 ubi
783 4461 904 4534 femine,
944 4463 1090 4520 mulieres
1124 4469 1154 4520 et
1189 4462 1325 4534 virgines
1360 4461 1391 4518 in
1429 4461 1481 4517 via

215 4571 339 4643 publica
369 4586 441 4627 cum
471 4571 627 4628 mercibus
658 4571 797 4645 ipsarum
827 4569 867 4627 ad
901 4569 1004 4627 iorum
1035 4570 1119 4627 clara
1150 4569 1219 4625 luce
1251 4567 1479 4640 processissent,

215 4677 337 4736 easdem
360 4677 553 4750 spoliassent,
578 4675 784 4734 denudassent
807 4681 837 4734 et
860 4676 1075 4749 deturpassent
1107 4677 1137 4732 in
1162 4673 1295 4732 dedecus
1318 4673 1481 4730 muliebris

215 4799 304 4840 sexus
327 4790 358 4841 et
379 4784 519 4853 honoris;
554 4789 585 4840 et
607 4784 661 4840 ubi
684 4783 791 4840 eedem
820 4784 966 4840 mulieres
990 4789 1020 4839 et
1043 4782 1177 4854 virgines
1200 4781 1370 4837 clamorem
1395 4778 1481 4836 lecis-

216 4895 281 4947 sent
303 4889 341 4946 de
364 4889 474 4964 spoliis
504 4905 611 4947 earum
644 4895 716 4947 tunc
745 4891 820 4963 ipsis
841 4889 962 4960 ablatis
986 4893 1109 4946 etcum
1133 4889 1216 4960 ipsas
1239 4885 1404 4943 defendere
1427 4900 1482 4941 vo·

217 4998 342 5056 luissent
374 4997 479 5054 mariti
511 5002 541 5054 et
571 4997 693 5069 cognati
724 4997 871 5070 ipsarum,
904 4993 1034 5067 predicti
1065 4994 1205 5052 homines
1233 4991 1363 5066 capituli
1389 5007 1482 5064 super
