3600 5804
409 571 468 630 186
826 571 899 628 Doc.
923 565 995 628 206.
1023 603 1059 612 -
1085 571 1140 627 An.
1167 565 1255 647 1346.

407 767 527 825 iusticia
550 767 667 825 eisdem
691 768 772 826 lacta
802 784 862 826 non
896 767 1010 826 fuisset.
1040 767 1103 824 Nos
1133 768 1346 826 commisimus
1380 769 1507 842 prelatis
1528 777 1556 826 et
1578 772 1653 828 baro·

408 874 500 930 nibus
523 875 643 944 nostris
669 881 702 932 ut
725 875 844 932 litteras
869 874 1082 948 privilegiales
1099 873 1257 946 magnifici
1272 874 1331 931 viri
1348 875 1509 932 laurencii
1532 877 1654 948 magistri

408 980 647 1037 tawamicorum
670 987 849 1038 nostrorum
872 995 1052 1054 processum
1084 981 1181 1054 ipsius
1211 997 1302 1037 cause
1333 980 1519 1051 denotantes,
1541 982 1656 1054 inspice·

407 1091 483 1156 rent,
507 1091 537 1142 et
560 1085 638 1143 illud
668 1085 810 1143 viderent
842 1091 945 1142 utrum
978 1087 1046 1159 ipsa
1076 1101 1168 1142 causa
1198 1087 1276 1143 iuste
1308 1087 1347 1144 sit
1377 1086 1511 1144 iudicata
1540 1103 1591 1144 nec
1617 1105 1656 1145 ne.

408 1191 529 1264 Quibus
560 1191 671 1248 litteris
702 1191 955 1264 privilegialibus
986 1192 1139 1264 inspectis,
1170 1192 1288 1250 cercius
1318 1193 1477 1250 extitimus
1508 1192 1657 1264 informati,

408 1297 492 1370 quod
526 1297 600 1354 dicti
632 1296 757 1354 discreti
792 1298 852 1355 viri
883 1298 1056 1372 capitulum
1091 1299 1219 1356 ecclesie
1252 1300 1460 1372 zagrabiensis
1495 1307 1658 1370 memorate,

408 1409 514 1460 contra
537 1403 635 1460 dictos
661 1403 744 1460 cives
767 1409 797 1461 et
819 1405 956 1477 hospites
987 1409 1108 1462 nostros
1140 1403 1332 1462 Grechenses
1357 1405 1388 1462 in
1422 1405 1560 1480 predicta
1580 1421 1659 1462 causa

409 1511 439 1566 in
461 1509 639 1582 calumpnia
662 1507 771 1566 ordine
796 1509 956 1567 iudiciario
977 1517 1191 1568 remanserunt
1214 1517 1244 1568 et
1267 1512 1399 1569 convicti
1422 1512 1590 1569 extiterunt.
1606 1512 1660 1568 Nos

409 1615 503 1687 igitur
526 1615 569 1672 sic
598 1614 758 1673 informati
790 1617 905 1674 nemini
937 1617 1081 1674 iniuriam
1112 1616 1166 1674 sed
1197 1617 1325 1674 cuilibet
1354 1617 1509 1675 iusticiam
1531 1617 1595 1675 fieri
1616 1633 1660 1675 vo

409 1722 514 1792 lenteS,
540 1721 695 1794 predictas
719 1722 840 1778 litteras
871 1723 1085 1795 privilegiales
1116 1724 1213 1797 ipsius
1239 1724 1396 1797 magnifici
1425 1723 1485 1781 viri
1508 1725 1661 1792 laurencii,

409 1827 549 1898 magistri
572 1827 811 1884 tawamicorum
846 1833 1023 1886 nostrorum
1055 1844 1235 1902 processum
1267 1830 1363 1903 ipsius
1394 1845 1493 1900 cause,
1516 1847 1575 1903 que
1597 1831 1663 1887 inter

409 1934 513 2006 ipsum
544 1933 716 2006 capitulum
747 1939 777 1991 et
808 1935 888 1992 inter
920 1935 1020 2008 ipsam
1055 1935 1214 1993 civitatem
1246 1941 1382 1993 nostram
1415 1951 1509 2008 super
1532 1935 1664 2009 predictis

410 2040 655 2113 possessionibus
679 2046 708 2097 et
731 2040 802 2098 aliis
826 2042 925 2098 causis
951 2041 1099 2099 ventilata
1122 2049 1175 2112 est,
1199 2041 1387 2112 denotantes,
1411 2043 1592 2100 auctoritate
1606 2058 1664 2114 pre·

412 2145 550 2202 sencium
572 2146 794 2220 approbamus,
819 2146 1009 2204 ratificamus
1033 2153 1063 2205 et
1087 2148 1309 2205 confirmamus
1339 2155 1492 2221 perpetuo
1519 2149 1664 2218 valituras,

410 2255 584 2322 statuentes,
607 2257 642 2308 ut
664 2253 731 2325 ipse
755 2253 857 2310 littere
882 2253 1093 2326 privilegiales
1119 2254 1192 2312 dicti
1210 2254 1350 2326 magistri
1367 2255 1607 2311 tawamicorum
1621 2269 1665 2311 no-

410 2363 547 2414 strorum
570 2359 667 2415 robur
689 2359 850 2416 obtineant
881 2365 1031 2433 perpetue
1062 2359 1228 2418 firmitatis
1256 2360 1373 2417 Datum
1404 2360 1434 2416 in
1466 2359 1620 2432 Zagrabia,
1640 2361 1666 2418 iu

411 2463 564 2522 dominica
587 2465 731 2538 proxima
755 2470 826 2522 ante
849 2471 974 2522 octavas
998 2465 1069 2523 festi
1093 2466 1188 2523 sancti
1212 2465 1320 2547 J'acobi
1344 2465 1489 2538 apostoli.
1512 2467 1599 2523 Anno
1620 2465 1667 2522 do·

411 2571 487 2628 mini
508 2570 675 2628 MCCCXL
698 2577 793 2629 sexto

501 2689 641 2755 Originale
667 2689 694 2739 in
717 2691 876 2749 membrana,
902 2707 917 2740 a
941 2697 1017 2756 tergo
1043 2691 1199 2756 impressum
1225 2697 1263 2741 est
1287 2691 1407 2757 sigillum
1434 2693 1550 2750 anulare,
1569 2691 1669 2758 pulchre

412 2785 601 2828 conservatum.
622 2777 651 2827 In
670 2777 780 2828 archivo
799 2778 845 2828 lib.
865 2795 919 2844 reg.
941 2779 1056 2830 civitatis
1078 2781 1182 2846 zagrab.

999 3029 1090 3095 206.

520 3173 595 3220 Anno
618 3175 692 3230 1340,
714 3170 752 3220 16.
773 3172 896 3236 Augusti.
916 3171 1068 3237 Zagrabiae.

416 3300 559 3357 Mcolnus
580 3299 614 3356 de
637 3299 720 3369 chh,
743 3301 844 3369 banus,
866 3299 988 3357 dectinas
1010 3302 1135 3374 episcopo
1155 3301 1271 3374 zapab.
1287 3301 1438 3357 solvendos
1454 3319 1519 3371 esse,
1528 3299 1670 3374 praecipit.

503 3443 566 3500 Nos
598 3443 743 3501 Nicolaus
774 3445 872 3502 tocius
902 3443 1066 3502 Sclauonie
1096 3451 1125 3502 et
1149 3443 1275 3502 Croacie
1299 3445 1404 3501 banus.
1429 3444 1578 3500 Memorie
1599 3457 1672 3500 com-

414 3549 593 3607 mendantes
628 3550 837 3622 significamus
868 3555 974 3608 tenore
1002 3551 1194 3624 presencium
1220 3551 1333 3622 quibus
1367 3549 1493 3622 expedit
1523 3548 1673 3613 universis,

415 3655 499 3729 quod
524 3657 713 3714 venerabilis
736 3657 766 3714 in
791 3655 917 3713 Christo
941 3661 1037 3730 pater,
1061 3656 1205 3714 dominus
1228 3655 1371 3738 Jacobus,
1395 3653 1445 3712 dei
1468 3661 1499 3712 et
1514 3654 1674 3728 apostolice

415 3762 496 3820 sedis
530 3763 633 3835 gracia
665 3763 872 3835 zagrabiensis
905 3763 1077 3836 episcopus
1108 3761 1180 3820 fecit
1210 3762 1301 3819 nobis
1324 3761 1464 3818 exhiberi
1488 3761 1607 3818 litteras
1628 3773 1674 3833 pa·

416 3875 512 3926 tentes
536 3869 654 3926 domini
678 3869 794 3940 Karoli,
827 3870 915 3941 olym
937 3869 1019 3941 regis
1042 3869 1209 3941 Hungarie,
1234 3867 1337 3925 inclite
1361 3867 1520 3938 memorie,
1548 3882 1607 3924 non
1628 3865 1674 3922 ab·

417 3991 508 4046 rasas,
534 3991 593 4032 non
618 3975 811 4047 cancellatas,
834 3991 890 4032 nec
913 3976 944 4032 in
968 3975 1072 4048 aliqua
1096 3976 1143 4032 sui
1167 3983 1254 4048 parte
1279 3974 1414 4044 viciatam,
1440 3973 1522 4029 hunc
1547 3979 1675 4030 tenorem

417 4083 620 4138 continentes:
643 4074 717 4158 (vid.
741 4097 785 4138 nr.
814 4097 881 4155 141.
906 4097 952 4139 an.
980 4081 1071 4154 1328,
1099 4097 1144 4138 ιο.
1161 4073 1289 4156 aprilis).
1306 4079 1409 4151 Quare
1427 4080 1517 4136 vobis
1534 4076 1675 4136 universis

418 4187 603 4258 castellanis,
620 4188 794 4259 comitibus,
811 4186 1008 4258 officialibus
1025 4187 1192 4257 nobilibus,
1209 4187 1331 4244 civibus
1347 4186 1518 4243 liberarum
1536 4185 1676 4241 villarum

418 4301 448 4350 et
471 4293 541 4351 aliis
563 4295 784 4367 cuiuscumque
808 4300 905 4351 status
928 4299 958 4351 et
981 4293 1169 4351 condicionis
1193 4293 1371 4350 hominibus
1396 4292 1426 4348 in
1449 4293 1557 4348 n'ostro
1574 4293 1676 4348 bauatu

419 4400 590 4457 constitutis
620 4399 731 4457 damus
762 4399 894 4457 firmiter
924 4401 953 4457 in
983 4399 1135 4457 mandatis
1158 4405 1308 4472 quatenus
1332 4397 1468 4454 decimas
1492 4403 1611 4454 vestras
1632 4392 1677 4450 de

422 4507 500 4562 bitas
529 4505 670 4579 predicto
701 4506 827 4563 domino
858 4507 1003 4580 episcopo
1034 4510 1065 4563 et
1095 4506 1159 4562 eius
1190 4505 1317 4562 ecclesie
1341 4518 1377 4560 eo
1400 4501 1503 4572 modo,
1527 4507 1563 4559 ut
1585 4497 1677 4575 predi·

420 4614 507 4683 citur,
538 4611 779 4669 decimatoribus
809 4611 948 4668 eiusdem
978 4612 1153 4668 exsolvatis.
1185 4610 1381 4683 Quicumque
1408 4615 1512 4665 autem
1537 4623 1576 4665 ex
1599 4605 1677 4664 vobis

421 4717 622 4788 secusfecerit‚
654 4717 867 4774 commisimus
898 4725 928 4774 et
958 4719 1168 4774 commitimus
1199 4716 1366 4774 comitibus
1404 4715 1516 4772 nostris
1550 4709 1676 4771 crisiensi

422 4833 451 4882 et
481 4825 671 4897 zagrabiensi
702 4841 737 4881 ac
768 4825 837 4881 aliis
868 4825 980 4882 nostris
1010 4825 1183 4896 comitibus,
1219 4824 1395 4881 castellanis
1436 4829 1465 4879 et
1501 4820 1677 4879 officialibus

422 4931 678 5002 quibuscumque,
700 4935 734 4987 ut
756 4945 813 4986 vos
835 4931 1026 5002 compellant
1050 4929 1088 4986 ad
1112 4931 1193 5003 ipsas
1218 4929 1354 4986 decimas
1377 4927 1602 5002 persolvendas
1617 4935 1678 4981 cunr

425 5044 526 5094 vestro
549 5037 730 5109 gravamine
753 5037 832 5094 sicut
855 5036 985 5109 requirit
1012 5035 1089 5093 ordo
1112 5036 1188 5094 iuris
1213 5039 1318 5093 contra
1340 5039 1579 5108 transgressores
1605 5043 1678 5090 man·

1786 491 1788 512 1

1787 515 1788 534 l

1787 641 1788 652 l

1786 709 1788 728 t

1788 989 1789 1000 l
