3824 5806
695 574 768 632 Doc.
786 570 865 653 384.
893 609 929 618 -
955 576 1123 652 An.1395.
1483 579 1543 653 365

279 773 408 832 stulavit
431 788 537 832 coram
560 775 666 846 nobis;
694 791 756 850 qua
779 781 933 849 percepta,
956 775 1070 851 prefati
1093 775 1151 834 filii
1174 777 1298 834 Martini
1321 792 1356 833 ac
1378 775 1492 835 Paulus
1516 784 1546 835 et

281 879 364 936 iwan
388 879 615 954 respondemnt
631 895 667 938 eo
686 881 795 940 modo:
819 881 903 955 quod
923 883 982 956 ipsi
999 886 1140 956 tempore
1155 881 1293 957 predicte
1308 884 1547 956 possessionarie

279 985 539 1044 reambulacionis
569 995 599 1043 et
630 987 808 1045 statucionis
839 986 919 1044 dicte
949 988 1151 1061 possessionis
1181 989 1321 1046 Hrascha
1354 995 1461 1046 vocate
1489 1005 1546 1063 pro

279 1091 356 1165 ipsis
387 1090 488 1152 iudice
510 1097 540 1150 et
564 1093 671 1152 iuratis
704 1093 825 1151 civibus
859 1093 1006 1152 faciendis
1033 1109 1092 1169 pro
1115 1109 1152 1152 eo
1174 1094 1414 1153 contradictores
1448 1111 1546 1169 appa·

279 1198 421 1268 ruissent,
446 1198 519 1271 quia
542 1198 602 1272 ipsi
626 1198 719 1256 iudex
742 1205 772 1256 et
794 1200 886 1257 iurati
909 1201 992 1258 cives
1015 1216 1073 1274 per
1089 1201 1273 1274 premissam
1297 1217 1405 1258 eorum
1428 1217 1545 1275 posses·

278 1303 445 1361 sionariam
468 1305 753 1363 reambulacionem
788 1320 933 1378 magnam
957 1312 1080 1379 partem
1103 1305 1184 1363 dicte
1207 1307 1409 1379 possessionis
1437 1321 1544 1364 eorum

278 1409 395 1483 Oresya
425 1416 533 1468 vocate
564 1425 716 1485 occupare
739 1417 769 1469 et
791 1411 830 1468 ad
855 1411 970 1469 dictam
992 1413 1219 1485 possessionem
1243 1413 1383 1486 ipsorum
1406 1412 1546 1470 Hrascha

279 1521 422 1574 vocatam
445 1517 604 1590 applicare
627 1517 805 1588 voluissent,
838 1518 967 1592 ipsaque
990 1518 1143 1592 possessio
1166 1533 1274 1576 eorum
1297 1518 1414 1591 Oresya
1437 1525 1546 1576 vocata

280 1622 323 1678 eis
355 1621 543 1680 hereditario
574 1623 650 1680 iuris
682 1624 773 1680 titulo
803 1625 977 1697 pertineret.
1001 1623 1038 1681 Et
1061 1624 1133 1696 quia
1155 1625 1274 1697 absque
1296 1625 1546 1683 reambulacione

278 1734 308 1785 et
340 1733 494 1786 metarum
526 1729 699 1786 ostensione
731 1729 960 1803 possessionum
992 1730 1132 1821 paqcium
1162 1731 1408 1804 prescriptorum
1442 1737 1546 1805 partes

279 1835 359 1892 inter
392 1833 517 1892 easdem
547 1848 718 1907 congruens
749 1834 899 1894 iudicium
929 1834 1030 1893 facere
1060 1850 1120 1894 non
1149 1837 1328 1909 poterimus,
1351 1851 1410 1911 pro
1433 1852 1470 1895 eo
1494 1853 1545 1895 ve·

280 1947 376 1998 stram
400 1941 574 1998 amiciciam
596 1941 793 2014 presentibus
816 1941 951 2015 petimus
974 1941 1146 2014 diligenter,
1163 1948 1313 2016 quatenus
1330 1948 1449 2001 vestros
1464 1942 1546 2000 detis

279 2046 420 2104 homines
443 2061 502 2121 pro
523 2047 663 2119 utrisque
686 2047 828 2120 partibus
851 2061 909 2121 pro
932 2047 1114 2104 testimoniis
1137 2047 1318 2120 fidediguos,
1341 2049 1455 2122 quibus
1474 2064 1543 2120 pre·

277 2155 415 2212 sentibus
437 2155 561 2226 Mathey
584 2153 635 2210 vel
659 2153 799 2224 Michael,
832 2153 888 2211 filii
918 2153 1007 2211 Pauli
1030 2153 1069 2212 de
1099 2154 1277 2226 Mykulycb,
1301 2161 1354 2212 aut
1377 2155 1542 2227 Emericus,

278 2257 362 2316 filius
396 2259 516 2318 Nicolai
540 2259 578 2317 de
602 2259 748 2334 Nezpesa,
772 2261 837 2317 sive
861 2257 1022 2332 Georgius,
1051 2259 1134 2317 fitius
1156 2260 1265 2342 Jacobi
1288 2277 1341 2318 seu
1365 2260 1541 2333 Dyonisius‚

277 2363 362 2422 filius
396 2365 544 2424 Anthonii
579 2365 617 2423 de
652 2367 820 2423 Moroucha
854 2381 912 2439 pro
947 2371 1035 2440 parte
1070 2365 1262 2440 prefatorum
1286 2372 1433 2424 actorum.
1458 2366 1544 2438 Item,

277 2469 400 2542 Paulus,
434 2470 519 2528 filius
550 2469 683 2541 Cherulr,
716 2471 767 2527 vel
798 2470 915 2542 PetruS,
947 2472 1031 2529 filius
1062 2471 1197 2544 Georgii,
1224 2488 1262 2530 an
1286 2473 1434 2544 Andreas,
1459 2472 1543 2531 filius

277 2576 384 2649 Phyle,
407 2592 460 2634 seu
484 2577 601 2648 Petrus,
628 2576 712 2634 filius
736 2576 857 2634 Nicolai
880 2577 919 2634 de
941 2593 1053 2652 campo
1068 2578 1260 2650 zagrabiensi
1283 2593 1341 2652 pro
1364 2585 1452 2652 parte
1476 2595 1545 2652 pre-

278 2682 414 2741 tatomm
436 2685 466 2742 in
490 2699 613 2741 causam
637 2689 848 2754 attractorum,
865 2684 935 2741 aliis
950 2684 1137 2754 absentibus,
1155 2685 1295 2742 homines
1311 2685 1417 2748 nostri.
1433 2691 1544 2742 octavo

277 2789 327 2845 die
351 2788 420 2847 sesti
443 2791 526 2847 beati
559 2789 682 2847 Martini
712 2789 897 2847 contessoris
920 2805 1000 2847 nunc
1024 2791 1144 2848 venturi
1168 2797 1198 2847 et
1221 2790 1291 2848 aliis
1314 2789 1424 2847 diebus
1447 2769 1542 2848 adid

278 2896 367 2968 aptis,
392 2894 430 2952 ad
454 2894 547 2954 facies
571 2893 724 2953 dictamm
747 2896 977 2970 possessionum
1000 2896 1139 2954 Hrascba
1162 2901 1192 2954 et
1214 2897 1331 2969 Oresya
1355 2904 1542 2968 vocatarum,

279 3003 419 3075 parcium
442 3002 696 3076 prescriptarum,
713 3003 822 3060 vicinis
845 3009 875 3059 et
898 3003 1117 3060 commetaneis
1139 3004 1203 3060 suis
1225 3003 1378 3062 universis
1401 3003 1477 3061 inibi
1502 3004 1544 3060 le·

277 3108 397 3180 gittime
432 3108 608 3166 convocatis
642 3114 672 3164 et
703 3107 844 3182 partibus
877 3109 926 3165 vel
957 3123 1063 3166 earum
1095 3109 1255 3181 legittimis
1289 3109 1544 3182 procuratoribus

277 3214 472 3287 presentibus
495 3214 677 3283 accedendo,
702 3215 805 3288 primo
824 3213 978 3288 prefatam
1005 3215 1230 3288 possessionem
1247 3215 1387 3288 ipsorum
1404 3220 1543 3272 actorum

277 3320 416 3378 iiraseha
439 3327 582 3378 vocatam
606 3336 661 3394 per
684 3326 781 3378 metas
802 3325 832 3377 et
854 3335 960 3378 cursus
977 3321 1105 3378 metales
1131 3321 1216 3378 iuxta
1245 3320 1543 3379 demonstracionem

278 3426 458 3484 eorumdem
489 3432 630 3484 actorum
661 3427 712 3485 vel
742 3427 952 3500 procuratoris
982 3441 1090 3484 eorum
1118 3427 1249 3499 legitimi
1273 3441 1290 3484 a
1315 3433 1401 3500 parte
1424 3442 1544 3500 posses·

277 3534 370 3591 sionis
407 3532 560 3590 dictorum
593 3533 623 3590 in
656 3548 779 3590 causam
808 3537 1019 3604 attractorum,
1051 3533 1167 3605 Oresya
1197 3539 1313 3603 vocate,
1350 3533 1544 3590 reambulent

277 3646 307 3696 et
339 3640 434 3711 signis
465 3639 632 3696 metalibus
662 3639 855 3711 consignent;
887 3637 1077 3712 demumque
1107 3645 1284 3696 annotatam
1317 3639 1543 3712 possessionem

217 3771 221 3778 ·
277 3745 460 3804 eorumdem
489 3747 520 3803 in
551 3761 675 3804 causam
706 3749 916 3816 attractorum,
947 3745 1064 3818 Oresya
1092 3753 1243 3817 vocatam,
1271 3751 1401 3820 aparte
1424 3761 1544 3819 posses-

277 3854 372 3911 sionis
396 3855 536 3928 ipsorum
559 3859 700 3911 actorum
724 3853 864 3910 Hrascha
885 3859 992 3910 vocate
1008 3852 1092 3909 iuxta
1108 3851 1405 3910 demonstracionem
1423 3866 1545 3909 eorum-

277 3957 349 4017 dem
380 3960 411 4017 in
442 3975 566 4017 causam
598 3963 800 4016 attractorum
831 3975 888 4032 per
921 3964 1018 4016 metas
1048 3963 1079 4016 et
1102 3973 1209 4016 cursus
1232 3958 1361 4015 metales
1382 3973 1438 4032 per
1461 3958 1545 4030 ipsos

277 4065 329 4124 vel
360 4071 593 4139 procuratorem
629 4079 737 4123 eorum
772 4065 962 4137 legittimum
996 4063 1250 4122 demonstrandas
1281 4069 1310 4121 et
1340 4062 1543 4122 ostendendas

276 4171 371 4230 modo
406 4173 502 4230 simili
536 4172 732 4230 reambulent
764 4177 793 4230 et
827 4171 922 4244 signis
952 4171 1118 4229 metalibus
1149 4171 1342 4243 consignent;
1376 4176 1407 4228 et
1429 4171 1454 4226 si
1478 4170 1545 4243 ipse

277 4283 380 4352 partes
403 4279 434 4335 in
457 4276 635 4336 huiusmodi
667 4276 972 4335 reambulacionibus
995 4282 1025 4334 et
1048 4281 1201 4334 metarum
1224 4276 1451 4334 ostensionibus
1474 4290 1545 4358 con·

276 4383 385 4442 cordes
416 4383 529 4442 fuerint
560 4390 590 4442 et
624 4384 684 4442 sibi
717 4385 851 4442 invicem
874 4399 935 4442 non
962 4381 1211 4454 contradixerint,
1235 4388 1307 4440 tunc
1330 4383 1440 4456 cuique
1463 4383 1544 4455 parti

277 4507 369 4548 suurn
394 4492 441 4549 ius
464 4491 741 4564 possessionarium
773 4490 863 4547 metis
893 4489 1088 4547 evidentibus
1116 4504 1134 4546 a
1156 4503 1222 4546 sese
1245 4494 1422 4563 separatum
1446 4494 1476 4546 et
1499 4487 1545 4545 di·

276 4598 424 4656 stinctum
448 4603 582 4656 statuant
606 4603 636 4656 et
651 4598 846 4655 committant
862 4602 1014 4671 perpetuo
1029 4594 1267 4669 possidendum;
1284 4596 1425 4669 partibus
1441 4602 1545 4653 autem

276 4703 307 4762 in
334 4703 480 4778 predictis
504 4705 643 4779 ipsarum
678 4703 983 4760 reambulacionibus
1005 4707 1035 4758 et
1058 4707 1212 4759 metarum
1235 4701 1460 4758 ostensionibus
1483 4700 1544 4758 dis·

276 4810 486 4882 cordantibus,
511 4810 699 4884 particulam
722 4810 774 4867 vel
794 4808 962 4883 particulas
978 4807 1233 4881 possessionarias
1248 4807 1328 4864 inter
1343 4807 1425 4881 ipsas
1442 4813 1545 4880 partes

275 4922 489 4974 remanentem
518 4916 570 4973 vel
594 4921 787 4972 remanentes
817 4915 915 4986 regali
939 4929 1083 4971 mensura
1105 4911 1313 4970 mensurando
1336 4913 1436 4968 velsi
1460 4927 1545 4968 men·

275 5037 381 5081 surare
404 5023 575 5096 nequirent,
608 5022 678 5079 visu
709 5019 941 5090 considerand0,
975 5019 1049 5077 visis
1072 5023 1102 5077 et
1125 5019 1242 5076 intuitis
1265 5018 1457 5092 quibuslibet
1480 5019 1543 5076 suis
