3824 5806
649 516 722 573 Dor.
741 510 818 592 360.
845 547 882 557 -
900 514 956 572 An.
980 527 1070 591 1392.
1433 531 1492 589 335

230 733 269 775 ex
300 718 390 777 dictis
418 717 527 776 litibus
557 717 726 790 insurgere,
760 715 818 772 deo
846 714 979 786 volente,
1010 714 1107 772 dictas
1138 713 1216 785 lites,
1251 712 1443 770 differencias
1467 717 1496 770 et

230 825 403 898 pressiones
426 824 534 898 pocius
555 822 717 880 concordie
740 837 834 895 quam
865 821 978 878 iudicio
1009 821 1088 878 inter
1119 837 1152 877 se
1173 820 1344 910 'terminare
1379 818 1497 876 delibe-

229 937 345 1002 rarunt,
369 932 398 989 in
421 946 478 988 uos
500 930 787 1002 compromittentes
807 928 902 986 modo
926 935 956 985 et
979 927 1081 986 forma
1096 928 1246 985 contentis
1260 927 1291 984 in
1308 927 1405 984 literis
1422 926 1496 983 utri-

230 1053 327 1110 usque
351 1053 459 1095 eorum
482 1037 594 1109 sigillis
610 1036 763 1109 sigillatis,
780 1050 913 1108 quarum
932 1040 1052 1092 tenores
1068 1039 1238 1108 sequuntur
1262 1040 1292 1090 et
1314 1038 1385 1091 sunt
1401 1033 1496 1090 tales:

230 1149 261 1202 et
284 1145 395 1217 prim0‚
426 1149 514 1200 tenor
539 1144 712 1200 litterarum
742 1142 860 1199 domini
892 1141 1030 1216 episcopi
1061 1141 1132 1198 talis
1164 1145 1224 1198 est:
1257 1133 1330 1219 (vid.
1354 1156 1398 1197 nr.
1424 1153 1496 1210 351,

231 1266 310 1308 11100
327 1265 418 1324 1391,
437 1263 463 1318 7.
480 1240 636 1324 octobris).
653 1247 754 1305 Terror
770 1247 898 1321 capituli
914 1248 1090 1306 litterarum
1106 1247 1177 1305 talis
1193 1254 1254 1304 est:
1271 1239 1345 1324 (vid.
1361 1262 1406 1304 nr.
1424 1259 1496 1318 350,

231 1371 311 1414 anno
340 1370 431 1429 1391,
455 1353 482 1412 6.
507 1346 664 1430 octobris).
690 1354 779 1411 Dicto
802 1357 906 1411 autem
930 1354 1154 1428 compromisso
1171 1369 1228 1427 per
1243 1353 1379 1427 prefatas
1393 1357 1497 1426 partes

230 1463 262 1520 in
285 1477 350 1532 noS,
373 1467 408 1519 ut
430 1461 629 1534 premittitur,
655 1459 736 1518 facto
767 1465 797 1518 et
827 1461 917 1518 nobis
946 1465 1122 1534 presentato
1152 1476 1209 1534 per
1239 1462 1322 1534 ipsas
1345 1461 1497 1534 nobisque

230 1567 395 1642 requisitis
418 1574 452 1625 ut
476 1582 547 1624 cum
570 1566 663 1624 finem
689 1565 912 1640 imponendum
936 1566 1044 1625 litibus
1068 1569 1147 1624 inter
1170 1565 1267 1624 dictas
1283 1571 1387 1641 partes
1409 1567 1497 1625 labo·

230 1691 300 1732 rare
323 1680 353 1732 et
375 1677 479 1748 partes
502 1672 541 1730 ad
563 1671 760 1730 concordiam
783 1672 929 1730 reducere
945 1672 1138 1743 deberemus,
1166 1672 1392 1731 considerantes
1412 1673 1497 1746 quod

230 1782 304 1838 licet
326 1779 482 1849 immeriti,
506 1777 673 1837 sacerdotis
697 1786 799 1838 tamen
824 1777 983 1852 fungimur
1005 1778 1118 1852 officio,
1142 1781 1229 1838 cuius
1252 1796 1324 1838 cure
1345 1781 1425 1839 inter
1448 1796 1497 1838 ce·

230 1893 296 1945 tera
319 1886 510 1959 dignoscitur
532 1885 678 1942 interesse
701 1886 858 1958 quoslibet
888 1885 1098 1944 discordantes
1122 1885 1160 1944 ad
1185 1885 1383 1944 concordiam
1406 1902 1495 1944 revo-

231 2009 309 2064 care,
332 1993 403 2050 lites
426 1991 548 2049 solvere
571 1997 600 2048 et
625 1991 723 2063 iurgia
747 1993 936 2064 ubicumque
960 1992 990 2049 in
1014 1997 1165 2064 quantum
1189 1997 1289 2066 potest
1320 1992 1442 2050 auferre
1466 1999 1496 2050 et

233 2098 317 2172 quod
342 2099 420 2156 sicut
442 2113 539 2170 parve
561 2113 611 2155 res
643 2097 808 2155 00110011111
830 2103 977 2170 crescunt,
1001 2099 1044 2156 ita
1076 2099 1210 2157 maxime
1238 2099 1392 2158 discordia
1414 2100 1493 2158 dila-

231 2206 356 2274 buntur,
380 2204 499 2262 dictum
521 2204 782 2278 compromissum
805 2204 1035 2278 acceptavimus
1058 2205 1274 2278 assignatoque
1297 2207 1439 2279 partibus
1456 2207 1495 2264 ad

232 2310 264 2368 id
288 2317 372 2370 certo
395 2310 536 2380 termin0,
560 2315 594 2367 ut
622 2324 726 2367 coram
756 2311 846 2368 nobis
877 2309 1083 2383 producerent
1112 2312 1280 2384 peticiones
1302 2313 1444 2387 ipsorum
1467 2319 1497 2370 et

232 2417 426 2474 intenciones.
451 2415 568 2473 Tamen
592 2415 775 2474 adveniente
799 2416 867 2490 ipso
893 2417 1025 2475 termino
1055 2421 1085 2474 et
1115 2418 1205 2476 nobis
1228 2418 1259 2476 111
1282 2419 1421 2477 sacristia
1443 2435 1497 2478 seu

232 2524 423 2581 thezaurario
446 2515 657 2600 (cathedralis)
681 2523 809 2580 ecclesie
833 2523 1039 2595 zagrabiensis
1062 2539 1121 2597 pro
1144 2525 1294 2583 tribunali
1318 2524 1495 2586 sedentibus

232 2645 290 2703 pro
313 2627 435 2703 prefato
458 2629 584 2686 domino
608 2629 762 2702 episcopo,
786 2629 885 2686 nobili
909 2629 977 2687 viro
1002 2630 1151 2702 magistro
1166 2630 1266 2702 Petro,
1282 2631 1349 2690 filio
1367 2632 1494 2703 Nicolai‚

232 2735 289 2794 filii
313 2736 444 2793 Michael
468 2735 506 2792 de
531 2735 644 2804 Rauen,
668 2734 784 2792 decano
807 2736 835 2792 in
861 2735 1087 2808 temporalibus
1104 2737 1200 2809 ipsius
1216 2737 1334 2795 domini
1357 2739 1495 2812 episcopi

232 2858 303 2900 cum
326 2843 439 2900 litteris
463 2842 683 2916 procuratoriis
699 2841 846 2912 eiusdem,
862 2843 931 2914 ipso
947 2849 1019 2899 tunc
1035 2844 1171 2916 capitulo
1188 2851 1337 2918 presente,
1355 2846 1495 2918 proposi-

231 2955 297 3006 tum
314 2948 373 3006 fuit
388 2949 418 3006 in
442 2950 523 3006 hunc
547 2947 690 3006 modum:
715 2948 798 3021 quod
824 2950 927 3022 ipsum
950 2949 1123 3023 capitulum
1139 2957 1169 3007 et
1185 2951 1322 3009 canonici
1341 2952 1493 3024 prelibate

232 3056 359 3114 ecclesie
383 3056 589 3128 zagrabiensis
612 3055 642 3112 in
667 3056 812 3112 omnibus
835 3057 948 3113 sanctis
971 3057 1097 3127 synodis
1126 3073 1183 3130 per
1206 3058 1310 3130 ipsum
1333 3057 1495 3115 dominum

232 3163 413 3235 episcopum
438 3161 609 3232 celebratis,
634 3167 737 3235 preter
760 3161 897 3235 primam
916 3162 1078 3234 synodum,
1095 3164 1209 3221 multas
1232 3164 1427 3234 rebelliones,
1453 3164 1496 3220 in-

232 3269 325 3326 iurias
349 3274 378 3324 et
402 3267 584 3325 insolencias
608 3267 809 3324 multimodas
833 3275 938 3326 contra
960 3269 1063 3342 ipsum
1088 3269 1318 3340 adamaverunt,
1341 3286 1398 3344 per
1419 3285 1496 3342 quas

232 3375 333 3432 clerus
356 3390 429 3431 suus
451 3375 482 3432 in
505 3375 616 3432 maiori
639 3379 727 3448 parte
751 3375 791 3431 ab
814 3375 879 3432 eius
903 3375 1083 3433 obediencia
1106 3381 1152 3432 est
1175 3392 1311 3446 aversus,
1336 3377 1495 3448 multaque

233 3497 270 3538 ex
294 3497 330 3539 eo
354 3481 497 3538 sustinuit
521 3480 635 3538 damna
658 3487 688 3537 et
710 3481 839 3538 sustinet
862 3479 900 3538 de
924 3481 1065 3555 presenti.
1091 3481 1175 3552 item,
1199 3481 1282 3554 quod
1309 3481 1383 3540 dicti
1406 3497 1495 3540 cano-

231 3588 292 3645 nici
315 3591 347 3644 et
369 3587 540 3660 capitulum
566 3586 712 3660 predictis
735 3602 795 3643 11011
819 3587 951 3644 contenti
980 3588 1009 3644 111
1040 3587 1133 3644 curiis
1160 3587 1274 3659 regalis
1297 3593 1326 3644 et
1349 3588 1495 3659 reginalis

232 3693 437 3763 maiestatum,
470 3692 724 3766 prelatorumque
754 3698 784 3749 et
814 3693 967 3750 baronum
998 3693 1147 3767 ipsorum,
1179 3699 1336 3766 postremo
1368 3695 1495 3752 veroin

233 3799 316 3856 curia
340 3813 469 3856 romana
492 3813 596 3856 coram
621 3797 749 3854 domino
771 3803 876 3856 nostro
900 3814 982 3872 papa
1013 3805 1043 3856 et
1073 3800 1139 3856 eius
1161 3814 1249 3856 sacro
1272 3799 1405 3871 collegio
1428 3815 1493 3856 car·

232 3904 384 3963 dinalium
408 3905 438 3961 111
463 3905 643 3962 consistorio
668 3904 795 3978 publico
819 3905 919 3962 multa
941 3910 1048 3962 contra
1071 3905 1175 3979 ipsum
1199 3911 1437 3980 proposuerunt,
1461 3921 1497 3962 ea

233 4013 263 4069 in
286 4017 375 4085 parte
397 4026 457 4068 non
481 4011 638 4068 modicum
663 4012 727 4068 imo
749 4011 881 4068 nimium
913 4011 1016 4085 ipsum
1048 4010 1235 4082 difamando,
1268 4017 1397 4084 propter
1420 4028 1498 4084 quas

232 4117 465 4176 diffamaciones
488 4123 518 4174 et
541 4117 773 4190 proposiciones
805 4118 907 4191 ipsum
939 4117 1100 4175 dominum
1132 4118 1314 4191 episcopum
1346 4132 1406 4175 11011
1430 4133 1497 4175 mo·

233 4223 317 4282 dicas
340 4224 478 4296 oportuit
500 4223 605 4281 subire
628 4239 786 4297 expensas.
810 4224 896 4293 ltem,
920 4223 1071 4297 quasdam
1095 4223 1263 4296 particulas
1286 4227 1375 4294 terre,
1402 4239 1496 4280 unam

232 4329 455 4403 Bokaniapolia
477 4329 517 4386 111
540 4330 651 4386 villam
675 4329 870 4404 episcopatus
894 4330 940 4388 sui
965 4329 1136 4400 Chicherye
1152 4329 1340 4403 pertinentes
1357 4335 1387 4387 et
1402 4329 1496 4388 aliam

232 4452 327 4511 penes
348 4435 521 4518 Jelenowcz
544 4435 684 4492 habitam
716 4441 745 4493 et
775 4436 925 4493 nonnulla
955 4439 1053 4509 prata,
1085 4450 1184 4508 agros,
1215 4435 1311 4492 silvas
1334 4439 1364 4492 et
1387 4435 1497 4492 rubeta

232 4544 314 4600 circa
337 4548 367 4600 et
390 4557 489 4616 prope
513 4541 632 4614 Vgram
655 4542 777 4599 habitos
801 4549 830 4599 et
852 4543 1015 4599 existentes
1038 4533 1250 4620 occupare(nt)
1273 4549 1304 4598 et
1326 4541 1497 4600 detinerent

233 4655 397 4724 occupatas
419 4665 472 4706 seu
492 4654 650 4722 occupata,
670 4665 764 4722 super
787 4649 900 4721 quibus
916 4664 973 4722 per
995 4663 1051 4706 nos
1074 4653 1103 4705 et
1126 4655 1263 4706 nostram
1280 4648 1497 4706 arbitrativam

233 4761 264 4813 et
286 4754 477 4812 definitivam
495 4755 682 4813 sentenciam
706 4771 743 4812 ex
767 4760 855 4827 parte
879 4755 1033 4812 dictorum
1056 4753 1255 4812 dominorum
1278 4755 1497 4812 canonicorum

234 4862 361 4935 capituli
385 4861 451 4933 ipse
475 4861 619 4919 dominus
643 4861 807 4935 episcopus
834 4861 959 4935 petebat
989 4861 1049 4917 sibi
1078 4861 1317 4919 satisfactionem
1349 4860 1496 4934 impendi,

233 4968 362 5025 arbitrio
386 4974 487 5025 tamen
511 4973 616 5024 nostro
647 4973 677 5025 et
707 4967 925 5025 deliberacioni
956 4983 992 5024 10
1025 4967 1206 5025 discussioni
1232 4967 1495 5041 disposicionique
