3824 5806
377 527 439 598 376
799 525 871 582 Doc.
890 535 966 601 595.
992 557 1028 566 -
1055 525 1223 600 An.1397.

375 736 526 793 equorum
549 721 588 778 ad
613 727 727 778 terram
751 720 835 779 trudi
858 729 888 780 et
911 722 1049 795 spoliari,
1073 739 1190 780 necnon
1213 721 1365 796 quasdam
1389 722 1481 780 villas
1502 723 1645 796 ipsorum

377 828 494 884 civium
525 826 678 898 Grachan,
709 828 829 886 Dedich
860 833 890 886 el
913 829 1147 886 Chumomerch
1170 835 1294 886 vocatas
1317 829 1439 902 penitus
1461 828 1593 902 spoliari
1616 833 1647 885 et

379 932 545 1006 depredari
584 949 619 991 ac
650 933 802 1006 quosdam
833 934 1012 1006 iobagiones
1034 949 1142 992 eorum
1166 935 1319 1004 mutilari;
1343 938 1374 991 et
1397 935 1523 1006 insuper
1546 935 1646 992 noctis

376 1039 406 1095 in
431 1038 557 1095 silencio
580 1039 733 1112 plurimas
757 1040 884 1112 sagittas
907 1040 1012 1112 igneas
1035 1039 1074 1098 ad
1097 1041 1199 1114 ipsam
1222 1041 1379 1098 civitatem
1414 1039 1548 1112 sagitan',
1575 1056 1646 1098 nec-

379 1159 440 1201 non
464 1146 570 1217 plures
594 1145 677 1203 cives
699 1161 756 1219 per
779 1145 942 1203 huiumodi
972 1147 1050 1204 ictus
1072 1147 1242 1219 sagitarum
1265 1145 1365 1218 rigide
1388 1145 1534 1202 winerari
1558 1145 1646 1204 fecis·

379 1254 453 1320 sent,
477 1251 605 1323 propria
635 1265 743 1308 eorum
777 1252 919 1324 potencia
949 1251 1103 1310 mediante
1135 1253 1165 1310 io
1195 1251 1402 1326 preiudicium
1431 1251 1573 1324 ipsorum
1604 1252 1646 1308 ci·

378 1355 465 1412 vium
497 1354 590 1413 vaide
624 1372 789 1428 magnum;
823 1357 877 1415 lite
902 1362 1004 1416 tanmn
1034 1358 1114 1416 inter
1143 1358 1228 1433 ipsos
1259 1357 1419 1432 pendente.
1441 1357 1560 1414 Datum
1590 1357 1647 1414 Za·

377 1461 493 1533 grabie,
519 1461 551 1520 in
578 1461 656 1520 festo
683 1463 766 1521 beati
793 1462 912 1521 Thome
937 1464 1079 1538 apostoli,
1102 1463 1264 1523 antedicto
1291 1465 1381 1522 Anno
1404 1461 1522 1521 domini
1544 1463 1647 1520 mille-

377 1567 457 1624 simo
480 1565 558 1624 CCC
580 1569 781 1640 nonagesimo
804 1575 899 1628 sexto.

467 1702 608 1768 Originale
628 1702 654 1752 in
673 1703 771 1762 charta,
794 1720 809 1754 a
829 1709 906 1770 tergo
927 1707 1007 1757 trium
1033 1706 1185 1773 sigillorum
1209 1705 1322 1774 vestigia
1341 1710 1476 1772 apparent.
1495 1704 1526 1756 In
1547 1697 1649 1754 archiv'

381 1792 460 1842 Acad.
481 1790 576 1842 Scicnt.
597 1793 667 1844 Slav.
687 1793 780 1844 merid.

970 1972 1058 2040 395.

486 2114 562 2162 Anno
584 2119 658 2176 1397,
677 2113 700 2162 ὁ.
718 2112 841 2178 januarii.
859 2113 1014 2179 Zagrabiae.

716 2259 880 2333 Capitulum
903 2259 1088 2333 zagrabiensc
1111 2261 1320 2317 incriminatur.

468 2422 531 2480 Nos
555 2424 702 2495 magister
732 2423 881 2480 Martinus
904 2422 992 2494 Ders,
1016 2423 1183 2480 vicebanns
1204 2427 1234 2480 et
1256 2437 1359 2479 comes
1382 2422 1590 2494 zagmbiensis
1613 2438 1649 2480 ac

380 2527 496 2584 iudices
526 2528 682 2586 nobilium
712 2527 850 2586 eiusdem
881 2529 1052 2587 comitatus
1083 2529 1232 2586 Memorie
1265 2527 1528 2598 commendamus
1560 2529 1646 2600 quod

380 2649 451 2691 cum
474 2649 530 2691 nos
554 2633 593 2690 ad
616 2635 778 2692 instantem
802 2635 987 2708 peticionem
1018 2635 1223 2708 providorum
1247 2635 1387 2692 virorum
1411 2634 1507 2691 Marci
1531 2633 1650 2704 iudicis,

380 2741 555 2798 iuratorum
577 2745 607 2797 et
629 2741 847 2798 universorum
878 2741 994 2798 civium
1025 2741 1157 2799 civitatis
1185 2742 1299 2799 montis
1322 2739 1507 2798 Grechensis
1531 2739 1571 2797 de
1594 2740 1650 2798 Za-

382 2846 498 2918 grabia,
523 2846 643 2904 nobiles
666 2847 750 2904 viros
774 2846 856 2916 luan,
881 2845 983 2904 filium
1006 2844 1150 2920 Gregorii
1173 2854 1204 2905 et
1221 2847 1355 2918 Petrum,
1372 2845 1475 2904 filium
1491 2844 1650 2920 Stephani,

383 2951 461 3008 duos
491 2951 608 3009 scilicet
638 2969 676 3009 ex
706 2953 796 3009 nobis
827 2951 981 3010 iudicibus
1012 2953 1166 3010 nobilium
1194 2951 1233 3010 ad
1257 2951 1486 3026 infrascriptam
1510 2945 1651 3027 (inquisi-

381 3050 514 3134 cionem)
546 3057 718 3116 faciendam
751 3058 889 3130 legitime
921 3057 1175 3128 destinassemus;
1207 3058 1330 3116 tandem
1357 3057 1452 3115 iidem
1476 3056 1587 3114 exinde
1610 3057 1651 3115 ad

382 3180 437 3222 nos
458 3165 584 3236 reversi,
608 3165 698 3222 nobis
720 3163 894 3222 retulerunt
916 3165 975 3222 isto
998 3165 1109 3224 modo:
1133 3165 1217 3238 quod
1233 3164 1291 3239 ipsi
1308 3164 1348 3220 ab
1364 3165 1518 3235 omnibus,
1535 3164 1651 3236 quibus

383 3271 536 3328 decuisset
560 3277 590 3329 et
613 3271 756 3342 licuisset,
788 3270 894 3344 palam
917 3275 947 3328 et
970 3272 1092 3329 occulte
1114 3271 1279 3344 diligenter
1301 3269 1486 3344 inquirendo
1509 3271 1588 3327 hanc
1611 3270 1651 3327 de

382 3376 587 3452 infrascriptis
618 3379 778 3435 scivissent
809 3392 928 3434 meram
960 3383 989 3434 et
1019 3376 1233 3435 omnimodam
1260 3377 1432 3448 veritatem,
1456 3375 1540 3448 quod
1565 3391 1651 3433 reve-

382 3483 495 3542 rendus
519 3485 550 3541 in
575 3483 699 3542 Christo
729 3490 818 3558 pater
847 3483 991 3541 dominus
1020 3484 1183 3566 Johannes,
1207 3483 1371 3557 episcopus
1394 3481 1521 3539 ecclesie
1544 3497 1651 3554 zagra·

386 3591 510 3661 biensis,
534 3591 573 3648 ad
597 3591 777 3648 instanciam
809 3590 952 3648 videlicet
978 3591 1126 3672 Johannis
1150 3590 1253 3666 Crispi
1276 3589 1315 3647 de
1337 3589 1482 3660 Kemluln
1507 3589 1651 3662 Gregorii

386 3695 569 3768 dubicensis‚
596 3696 744 3779 Johannis
776 3694 814 3752 de
844 3695 1002 3768 Vrbouch,
1033 3695 1177 3768 Symonis
1201 3697 1239 3752 de
1262 3695 1374 3766 Vaska,
1397 3695 1545 3777 Johannis
1576 3695 1650 3752 Far-

384 3799 471 3872 hasii,
505 3799 704 3871 kathedralis,
739 3800 929 3858 Hinchkonis
963 3801 1160 3872 chasmensiS,
1199 3800 1347 3874 Stephani
1381 3799 1587 3858 varasdiensis
1620 3809 1650 3858 et

384 3905 530 3978 Gregorii
554 3905 591 3963 de
615 3905 719 3977 Bexin,
750 3905 1054 3976 archidiaconorum;
1086 3907 1161 3964 item
1191 3906 1339 3990 Johannis
1366 3905 1532 3976 Lanceioti,
1557 3905 1651 3963 Bene·

384 4012 459 4070 dicti
482 4012 520 4070 de
543 4012 695 4082 Monozio
718 4009 863 4085 Gregorii
886 4010 925 4069 de
947 4012 1053 4084 Varas,
1077 4012 1198 4070 Nicolai
1222 4018 1252 4070 et
1275 4011 1403 4069 alterius
1419 4010 1548 4082 Nicolai,
1565 4012 1651 4069 Hun-

383 4135 539 4192 garorum,
569 4119 693 4176 Martini
724 4119 838 4190 magni,
870 4117 1009 4176 Bamabe
1040 4119 1181 4192 Mikonis,
1212 4117 1366 4176 Benedicti
1391 4119 1507 4190 manse,
1531 4117 1652 4176 Nicolai

384 4225 423 4283 de
446 4225 585 4298 Kassina,
609 4224 729 4282 Thome
751 4225 872 4298 nepotis
896 4223 1039 4298 custodis,
1056 4227 1151 4284 Blasii
1167 4225 1311 4298 custodis,
1327 4225 1470 4298 Dyonisii
1485 4224 1523 4282 de
1540 4224 1650 4296 Crisio,

384 4331 534 4406 Stephani
556 4331 697 4404 Hungari
720 4335 750 4388 et
769 4330 853 4388 Petri
868 4331 989 4404 nepotis
1005 4332 1117 4408 Crispi,
1133 4333 1352 4390 canonicorum
1368 4329 1505 4405 predicte
1521 4331 1651 4388 ecclesie

386 4439 602 4511 zagrabiensis,
633 4439 664 4495 in
697 4437 775 4495 festo
807 4438 918 4496 natalis
949 4437 1076 4511 domini,
1106 4454 1186 4496 nunc
1216 4437 1365 4512 preterito
1396 4442 1426 4494 et
1449 4435 1518 4494 aliis
1541 4435 1653 4494 diebus

386 4545 533 4620 predictis
556 4544 678 4602 civibus
701 4543 943 4601 ecclesiasticum
962 4545 1159 4602 interdictum
1183 4544 1247 4602 sine
1271 4543 1364 4618 culpa
1387 4544 1527 4617 ipsorum
1543 4543 1651 4615 inponi

385 4657 415 4709 et
445 4667 497 4708 eos
527 4649 799 4721 excommunicari,
831 4654 860 4707 et
891 4649 975 4723 quod
1005 4649 1140 4707 deterius
1171 4657 1216 4707 est
1247 4649 1277 4706 in
1302 4648 1380 4706 iesto
1403 4649 1486 4706 beati
1510 4647 1653 4706 Siluestti

385 4773 474 4833 pape,
490 4757 634 4814 similiter
648 4756 790 4829 proxime
806 4755 962 4829 preterito,
980 4756 1117 4830 plurima
1133 4754 1241 4812 lunera
1257 4754 1476 4812 defunctorum
1491 4754 1652 4827 utriusque

385 4880 476 4923 sexus
499 4877 608 4920 eorum
631 4862 746 4920 civium
769 4861 888 4919 dudum
912 4861 1115 4920 ecclesiastice
1146 4861 1305 4936 sepulture
1333 4861 1454 4932 tradita,
1478 4861 1543 4919 sine
1567 4862 1653 4918 omni

386 4971 486 5044 culpa,
510 4968 610 5027 veluti
632 4968 784 5026 cadavera
806 4967 977 5026 bestiarum
999 4966 1038 5025 de
1061 4967 1220 5026 cimiteriis
1243 4971 1273 5024 et
1296 4967 1390 5026 sacris
1413 4967 1490 5025 iocis
1512 4966 1550 5024 de
1570 4970 1654 5024 terra
