3600 5804
408 585 466 627 222
826 570 899 627 Dec.
922 583 991 648 242.
1022 603 1058 612 —
1084 572 1140 628 An.
1165 567 1253 648 1361.

404 765 514 826 eodem
537 769 676 843 capitulo
700 770 827 828 ecclesie
850 770 1058 842 zagrabiensis
1088 771 1194 843 aliquo
1226 768 1481 828 contradiccionis
1508 770 1655 827 obstaculo

404 874 600 932 obviaverint
623 891 679 932 nec
701 891 748 944 ne,
772 875 891 948 pluries
921 891 940 933 a
969 877 1225 950 procuratoribus
1253 876 1327 934 dicti
1350 875 1479 950 capituli
1503 876 1658 950 prenotatis

404 995 436 1036 se
459 986 490 1037 et
512 980 637 1038 eosdem
661 981 798 1055 hospites
829 982 1000 1040 voluissent
1031 981 1209 1052 informari;
1241 982 1324 1040 idem
1356 982 1532 1040 Demetrius
1560 982 1657 1052 archy-

403 1084 551 1145 diaconus
575 1093 604 1144 et
626 1087 802 1161 Dyonisius,
827 1089 976 1162 magistri,
1000 1088 1122 1160 aliquas
1145 1088 1265 1146 litteras
1281 1088 1429 1146 exhibere
1452 1088 1506 1145 vel
1526 1087 1657 1146 iuridtcas

403 1193 563 1250 cauciones
586 1199 658 1251 tunc
678 1193 813 1267 presenti
837 1195 964 1266 negocio
980 1194 1121 1268 ipsorum
1138 1193 1294 1268 proficuas
1311 1201 1341 1251 et
1356 1195 1440 1268 ipsas
1465 1194 1657 1268 possessiones

402 1313 458 1355 suo
481 1299 540 1356 iuri
564 1300 717 1372 pertinere
740 1299 996 1357 demonstrandas
1012 1300 1195 1373 pretendere
1218 1315 1279 1358 non
1296 1301 1475 1370 valuissent,
1499 1299 1549 1357 sed
1563 1300 1657 1357 solum

403 1419 531 1461 suorum
555 1405 724 1462 verborum
748 1406 935 1478 prolacione,
959 1407 1039 1463 sicut
1070 1407 1157 1480 prius
1188 1408 1232 1465 sic
1264 1414 1294 1465 et
1317 1415 1399 1478 tunc,
1423 1423 1530 1465 omnes
1550 1406 1658 1464 litteras

403 1511 434 1567 in
458 1509 539 1568 lacto
570 1511 798 1585 possessionum
829 1511 1040 1585 predictarum
1069 1520 1235 1582 emanatas
1267 1530 1330 1588 quo
1360 1529 1465 1587 supra,
1492 1513 1656 1570 combustas

403 1615 469 1674 fore
492 1616 694 1690 allegassent;
717 1618 807 1688 unde,
839 1617 912 1690 quia
942 1616 1055 1692 prefati
1087 1619 1169 1676 cives
1191 1627 1223 1676 et
1245 1621 1383 1694 hospites
1412 1620 1451 1677 de
1474 1618 1570 1677 Grech
1593 1633 1657 1691 pre-

403 1721 500 1780 dictas
524 1725 734 1796 possessiones
750 1722 873 1780 Cobilia
896 1729 926 1780 et
949 1722 1096 1782 Scuiblan
1113 1731 1238 1782 vocatas
1253 1725 1429 1783 efficacium
1451 1726 1656 1783 instrumento

402 1845 472 1886 rum
496 1829 609 1886 robore
633 1829 842 1886 mediantibus
865 1831 1086 1903 procuratoriis
1109 1831 1173 1888 suis
1204 1833 1356 1890 annotatis
1379 1833 1440 1890 sibi
1463 1833 1608 1906 pertinere
1630 1837 1656 1886 et

402 1951 420 1991 a
444 1940 584 2009 tempore
607 1936 786 1993 collacionis
809 1935 978 1993 earundem
1003 1938 1233 2008 possessionum
1256 1939 1318 1996 sibi
1341 1937 1429 2010 facte,
1453 1945 1488 1995 ut
1511 1937 1588 1995 idem
1602 1937 1655 1993 De-

401 2043 530 2098 metrius
552 2041 795 2114 archydiaconus
820 2049 850 2098 et
873 2042 1049 2114 Dyontstus,
1073 2044 1222 2116 magistri,
1247 2044 1320 2101 sassi
1344 2045 1523 2114 extitissent,
1545 2058 1656 2114 semper

401 2148 431 2204 in
455 2147 573 2204 eisdem
607 2147 736 2221 pacifice
766 2148 944 2221 perstitisse,
976 2153 1006 2204 et
1036 2149 1101 2206 sine
1131 2150 1237 2222 aliqua
1267 2149 1513 2207 contradiccione
1541 2148 1657 2222 capituli

402 2255 538 2311 annotati
561 2254 735 2311 luculenter
758 2253 1027 2326 demonstrassent,
1044 2254 1223 2328 dictumque
1248 2257 1420 2328 capitulum
1443 2263 1507 2313 tam
1530 2263 1656 2328 tempore

402 2361 580 2417 statucionis
611 2360 749 2417 eiusdem
781 2361 983 2434 possessionis
1013 2361 1144 2433 Cobilia,
1177 2378 1271 2435 quam
1303 2362 1468 2420 concordie
1498 2367 1654 2435 prenotate,

401 2466 496 2524 velud
519 2466 563 2524 nil
587 2467 663 2523 iuris
686 2467 794 2539 nilque
817 2467 1017 2540 proprietatis
1040 2469 1071 2524 in
1100 2469 1345 2541 possessionibus
1378 2469 1547 2541 prenotatis
1569 2467 1654 2523 consi·

400 2571 543 2631 derantes
566 2589 598 2629 se
621 2573 737 2630 habere
767 2573 872 2646 aliquo
906 2572 1162 2630 contradiccionis
1192 2574 1356 2631 obstaculo
1385 2574 1515 2631 minime
1535 2572 1654 2646 reperie-

400 2681 514 2736 bantur
536 2679 657 2736 civibus
680 2685 710 2736 et
733 2679 907 2753 hospitibus
937 2679 976 2736 de
1006 2679 1108 2736 Grech
1140 2679 1293 2749 obviasse,
1317 2685 1347 2736 et
1370 2696 1408 2736 ex
1432 2694 1469 2736 eo
1492 2680 1572 2752 ipsas
1593 2692 1653 2751 pos·

400 2787 550 2844 sessiones
572 2785 742 2857 admisisse,
766 2787 955 2843 consensisse
979 2791 1108 2859 propter
1131 2786 1178 2842 sui
1201 2787 1452 2854 taciturnitatem,
1471 2786 1554 2843 iuxta
1576 2782 1653 2846 illud,

400 2893 454 2965 qui
477 2897 556 2950 tacet
580 2893 751 2950 consentire
782 2891 911 2964 videtur,
936 2899 966 2948 et
988 2898 1117 2966 propter
1147 2893 1297 2965 temporis
1328 2891 1561 2949 diuturnitatem
1586 2892 1653 2946 bene

400 3000 512 3057 merito
543 3001 644 3072 potuit
676 2999 831 3066 annotari;
860 2999 1041 3071 litterasque
1073 2998 1355 3072 protestaclonales,
1387 2999 1602 3072 prohibitorias
1627 3004 1653 3051 et

399 3105 476 3162 alias
500 3107 663 3178 quaslibet,
688 3122 749 3178 que
771 3105 901 3162 alicuius
923 3103 1060 3161 efficacie
1082 3103 1262 3165 viderentur
1286 3105 1337 3161 vel
1360 3106 1511 3162 momenti
1534 3105 1562 3162 in
1582 3103 1650 3159 lacto

399 3217 571 3284 prenotat0,
594 3211 688 3269 iidem
721 3217 937 3284 procuratores
967 3211 1097 3284 capituli
1127 3211 1256 3269 ecclesie
1287 3212 1495 3284 zagrabieusis
1517 3228 1571 3284 per
1591 3225 1651 3283 pre-

398 3315 515 3375 dictum
539 3319 724 3390 magistrum
747 3318 960 3388 laurencium,
976 3323 1010 3374 ut
1026 3315 1120 3374 iudici
1146 3317 1305 3386 incumbit,
1329 3317 1469 3375 officiose
1500 3318 1576 3374 trina
1594 3316 1651 3371 vice

399 3425 539 3497 requisiti
561 3425 771 3497 nequivissent
793 3441 849 3480 nec
872 3424 1112 3496 assumpsissent
1131 3424 1286 3480 exhibere.
1310 3423 1409 3495 Igitur
1430 3423 1499 3497 ipse
1522 3423 1652 3494 magister

399 3531 586 3587 Laurencius
609 3545 740 3587 unacum
774 3529 946 3587 venerabili
974 3529 1005 3587 in
1032 3529 1156 3586 Christo
1178 3535 1276 3603 patre,
1300 3528 1427 3586 domino
1451 3529 1541 3586 Petro
1562 3528 1606 3584 dei
1626 3530 1650 3580 et

399 3637 570 3710 apostolica
592 3638 696 3709 gracia
719 3637 866 3710 episcopo
890 3635 1059 3702 sirmiensi;
1083 3635 1158 3691 item
1181 3635 1354 3707 magnificis
1374 3635 1451 3692 viris
1467 3635 1590 3692 Nicolao
1606 3647 1650 3705 pa·

400 3742 497 3799 latino
520 3747 550 3798 et
581 3742 682 3799 iudice
713 3743 934 3811 Cumanorum,
965 3741 1087 3798 Thoma
1120 3741 1252 3798 condam
1288 3741 1432 3813 vayvoda
1466 3741 1649 3798 transilvano

399 3847 497 3906 Paulo
532 3849 682 3920 magistro
712 3849 943 3906 tavamicorum
972 3848 1167 3918 reginalium,
1198 3847 1334 3918 Nicolao‚
1366 3847 1449 3904 dicto
1472 3847 1588 3914 Trutul‚
1608 3859 1649 3900 co-

400 3955 475 4010 mite
505 3955 689 4027 posoniensi,
719 3955 867 4036 Johanne,
899 3954 966 4011 filio
997 3953 1120 4025 Gyleth,
1145 3955 1258 4011 comite
1282 3953 1321 4009 de
1344 3952 1478 4024 Turuch,
1503 3953 1597 4010 Deseu
1617 3948 1649 4005 de

395 4059 469 4131 Pok,
493 4060 663 4117 viceiudice
686 4061 807 4117 comitis
831 4060 928 4128 Pauli,
960 4060 1069 4118 iudicis
1093 4061 1177 4116 curie
1200 4061 1299 4132 regie;
1330 4059 1403 4116 item
1427 4059 1565 4116 discretis
1585 4056 1648 4114 viris

395 4167 524 4224 Nicolao
556 4166 639 4223 dicto
671 4165 763 4238 Bylra,
795 4166 914 4222 domini
945 4166 1082 4239 palatini,
1118 4165 1215 4222 Paulo
1246 4165 1285 4222 de
1312 4167 1392 4236 Vgal
1425 4165 1588 4222 castellano
1616 4161 1647 4216 de

394 4272 520 4340 Warna,
545 4273 618 4330 dicti
643 4273 764 4329 comitis
786 4272 882 4342 Pauli,
908 4273 1150 4345 prothonotariis
1173 4281 1203 4329 et
1225 4273 1296 4330 aliis
1319 4273 1560 4346 quamplurimis
1574 4268 1647 4327 nobi-

395 4379 478 4436 libus
508 4379 595 4450 regni
627 4393 760 4435 unacum
790 4377 900 4434 eodem
932 4378 1082 4449 magistro
1116 4379 1285 4436 laurencio
1308 4379 1338 4436 in
1363 4379 1477 4436 iudicio
1500 4375 1647 4435 conseden-

393 4485 485 4556 tibus,
516 4483 613 4542 dietas
644 4483 853 4558 possessiones
898 4484 1022 4541 Cobilia
1052 4491 1082 4541 et
1112 4483 1260 4542 Scuiblan
1295 4492 1419 4542 vocatas
1453 4486 1513 4541 sub
1546 4481 1645 4540 eisdem

395 4593 493 4661 metis,
517 4591 631 4663 quibus
653 4591 693 4647 ab
724 4590 802 4647 olim
835 4590 895 4664 ipsi
918 4590 1001 4647 cives
1025 4589 1148 4647 easdem
1177 4590 1392 4664 possedissent,
1409 4591 1448 4648 de
1471 4587 1646 4665 plenitudine

394 4697 552 4755 iudiciarie
584 4697 744 4769 potestatis
775 4695 989 4766 adiudicando,
1021 4697 1189 4770 prenotatis
1221 4697 1341 4754 civibus
1372 4703 1402 4754 et
1424 4699 1594 4772 hospitibus
1614 4691 1645 4748 de

393 4803 496 4860 Grech
529 4802 725 4873 dimisissent,
756 4802 952 4874 reliquissent
984 4809 1134 4876 perpetuo
1165 4803 1332 4877 possidere,
1364 4809 1468 4862 tenere
1496 4813 1526 4861 et
1547 4803 1645 4860 hahere

393 4910 475 4980 regis
509 4909 633 4966 nomine
664 4907 826 4976 mediante,
859 4906 1041 4980 dictumque
1075 4908 1248 4982 capitulum
1283 4909 1411 4966 ecclesie
1447 4905 1644 4981 zagrabiensis‚

393 5015 478 5089 quod
501 5016 531 5072 in
555 5015 722 5072 statucione
752 5013 954 5087 possessionis
978 5013 1102 5072 Cobilia
1123 5022 1294 5086 prenotate,
1325 5016 1385 5072 sub
1408 5015 1580 5073 testimonio
1598 5012 1644 5067 ho
