3824 5806
676 542 1107 621 mm-Mw
1463 549 1524 624 m

259 739 397 812 singulas
419 740 627 798 obvenciones
650 740 825 799 evenientes
849 757 887 798 ex
910 741 1007 815 ipsius
1030 741 1180 800 beneficio
1204 757 1257 800 seu
1281 743 1439 802 beneficiis
1455 760 1524 818 per·

259 847 363 918 cipere
385 847 483 920 possit
506 853 599 920 atque
622 847 726 904 valeat
750 847 779 904 in
803 847 959 919 integrum
981 853 1012 905 et
1034 847 1242 906 diminucione
1257 850 1376 922 absque
1394 851 1478 908 omni
1494 895 1524 909 ..

349 963 486 1014 Elitteris
509 964 660 1015 Eberhardi
685 964 764 1030 episc.
793 965 899 1030 zagrab.
925 981 993 1016 anno
1023 975 1095 1028 1402,
1124 966 1221 1030 quibus
1240 965 1391 1017 facultatem
1412 967 1524 1018 testandi

259 1052 452 1118 capitularibus
471 1053 597 1104 concedit.
617 1053 648 1104 In
665 1053 767 1104 archiv.
788 1069 844 1103 ven.
864 1053 941 1119 capit
962 1055 1067 1119 zagrab.
1087 1053 1148 1104 fasc.
1167 1067 1191 1104 2.
1210 1071 1248 1105 nr.
1269 1065 1292 1115 3.

846 1305 937 1372 399.

362 1449 439 1497 Anno
461 1453 535 1510 1397,
559 1454 597 1502 17.
615 1447 737 1512 januarii.
759 1445 847 1498 Crisii.

257 1577 409 1634 Martinus
431 1577 511 1634 Derr
534 1576 693 1646 ar'cebanm,
716 1575 749 1632 de
772 1575 931 1648 impobne
953 1582 982 1632 et
1001 1575 1218 1649 depraedatione
1241 1577 1299 1634 vici
1327 1577 1524 1637 theutonisulrs

322 1684 352 1740 in
375 1683 509 1742 suburbio
531 1683 633 1740 montis
662 1681 832 1740 Grecltense's
849 1689 906 1756 per
926 1683 1082 1756 capitulum
1105 1681 1222 1755 zagrab.
1238 1683 1336 1758 facta,
1358 1685 1455 1760 refert.

344 1827 408 1885 Nos
441 1826 587 1899 magister
619 1826 768 1884 Martinus
795 1825 882 1896 Ders,
914 1826 1081 1884 vicebanus
1110 1831 1140 1882 et
1171 1840 1274 1884 comes
1304 1827 1457 1886 crisiensis
1487 1843 1523 1886 ac

257 1933 373 1991 iudices
403 1933 558 1990 nobilium
591 1931 728 1989 eiusdem
761 1933 931 1990 comitatus.
963 1932 1111 1989 Memorie
1143 1932 1406 2005 commendamus,
1437 1934 1520 2008 quod

256 2054 327 2097 cum
351 2055 407 2096 nos
431 2038 471 2096 ad
494 2039 659 2096 instantem
681 2038 867 2112 peticionem
891 2037 1098 2112 providorum
1118 2039 1258 2096 viromm
1285 2041 1380 2098 Marci
1403 2040 1521 2113 iudicis,

255 2145 427 2202 iuratorum
451 2149 481 2202 et
503 2145 719 2202 universorum
747 2144 862 2201 civium
894 2143 1026 2201 civitatis
1057 2144 1171 2202 montis
1202 2143 1364 2203 Grecensis
1394 2145 1433 2203 de
1467 2146 1522 2204 Za-

255 2251 372 2324 grabia‚
395 2251 578 2334 Johannem,
602 2250 703 2307 filium
728 2248 859 2320 Andree,
891 2265 988 2306 unum
1020 2265 1059 2306 ex
1090 2251 1189 2320 nobis,
1220 2251 1337 2308 scilicet
1367 2250 1521 2308 iudicibus

255 2357 408 2415 nobilium
429 2355 469 2413 ad
494 2355 726 2430 infrascriptam
749 2356 984 2429 inquisicionem
1008 2353 1180 2414 faciendam
1210 2356 1349 2429 legitime
1372 2356 1519 2415 destinas-

255 2479 374 2533 semus;
398 2463 524 2521 tandem
546 2461 630 2520 idem
654 2461 764 2520 exinde
788 2460 827 2519 ad
850 2477 906 2519 nos
928 2477 1070 2519 reversus
1093 2462 1184 2520 nobis
1206 2463 1313 2520 retulit
1328 2463 1386 2520 isto
1407 2462 1518 2520 modo:

254 2569 337 2642 quod
362 2570 428 2643 ipse
451 2570 491 2627 ab
514 2569 661 2627 omnibus
685 2569 799 2642 quibus
822 2567 974 2626 decuisset
997 2574 1027 2625 et
1051 2568 1195 2640 licuisset,
1216 2569 1323 2642 palam
1346 2574 1377 2627 et
1399 2570 1519 2628 occulte

253 2675 418 2750 diligenter
440 2673 626 2749 inquirendo
654 2675 732 2732 hanc
755 2673 793 2731 de
817 2673 1021 2748 infrascriptis
1053 2675 1192 2732 scivisset
1223 2689 1342 2732 meram
1368 2681 1398 2732 et
1421 2677 1519 2733 omni-

254 2783 381 2840 modam
404 2783 577 2854 veritatem,
602 2780 685 2854 quod
709 2781 864 2863 Johannes
887 2781 1017 2856 Crispus
1040 2779 1078 2837 de
1101 2779 1246 2852 Kemluk,
1268 2780 1437 2854 Gregorius
1460 2781 1516 2839 du-

254 2889 395 2960 bicensiS,
417 2889 574 2972 Johannes
597 2889 636 2945 de
660 2887 818 2957 Vrbouch‚
850 2885 967 2958 Symon
991 2885 1029 2943 de
1052 2885 1163 2958 Vaska‚
1191 2886 1346 2970 Johannes
1370 2887 1516 2960 Farkasii,

252 2993 451 3067 kathedralis
483 2993 626 3052 Hinchko
664 2994 861 3064 chasmensis,
892 2991 1066 3066 Stephanus
1096 2993 1301 3051 varasdiensis
1337 3002 1366 3051 et
1401 2994 1518 3068 Grego-

252 3101 316 3158 rius
339 3101 378 3158 de
400 3100 503 3172 Bexin,
527 3098 751 3169 archidiaconi;
779 3099 853 3156 item
875 3099 1030 3182 Johannes
1061 3098 1241 3169 Lancelloti‚
1275 3099 1455 3158 Benedictus
1480 3100 1518 3158 de

252 3207 435 3278 Monozlow,
463 3205 632 3278 Gregorius
663 3204 701 3262 de
731 3205 837 3276 Varas,
867 3205 1013 3262 Nicolaus
1036 3210 1066 3262 et
1088 3205 1168 3262 alter
1190 3203 1344 3276 Nieolaus,
1361 3205 1517 3280 Hungari;

252 3313 402 3370 Martinus
439 3327 578 3385 magnus,
616 3311 775 3369 Barnabas
814 3310 954 3382 Mikonis,
993 3310 1173 3369 Benedictus
1213 3311 1329 3384 luanse,
1371 3312 1517 3370 Nicolaus

251 3418 290 3477 de
313 3419 452 3491 Kassina,
475 3419 613 3476 Thomas
643 3409 765 3496 (nepos)
797 3418 941 3490 custodis,
972 3418 1093 3476 Blasius
1130 3423 1241 3492 custos,
1276 3419 1444 3492 Dyonisius
1478 3419 1516 3477 de

252 3524 360 3596 Crisio,
384 3524 558 3600 Stephanus
589 3525 756 3597 Hungarus
779 3529 810 3581 et
832 3523 940 3581 Petrus
971 3523 1081 3597 Crispi,
1113 3525 1259 3596 canonici,
1287 3539 1393 3597 ymmo
1416 3531 1516 3583 totum

251 3631 422 3705 capitulum
445 3631 573 3690 ecclesie
595 3630 803 3704 zagrabiensis
826 3630 963 3688 unanimi
987 3631 1116 3688 consilio
1138 3631 1217 3688 inter
1239 3631 1322 3705 ipsos
1346 3629 1436 3703 facto,
1457 3630 1516 3688 deo

250 3739 291 3796 ab
314 3739 430 3796 occulis
453 3753 561 3796 eorum
585 3743 615 3796 et
638 3738 703 3795 eius
735 3735 887 3794 iusticiam
919 3736 1109 3810 postpositis,
1142 3735 1307 3809 dyabolica
1335 3743 1401 3795 arte
1430 3738 1516 3795 insti-

249 3849 349 3917 gante,
373 3845 565 3917 congregatis
589 3842 741 3916 Gregorio
762 3843 899 3900 litterato
923 3840 1056 3899 officiale
1080 3847 1110 3899 et
1132 3843 1284 3900 universis
1307 3841 1515 3900 familiaribus

250 3967 286 4009 ac
308 3951 525 4024 iobagionibus
547 3951 698 4024 ipsorum,
722 3949 761 4007 ad
785 3964 897 4007 sonum
920 3949 1047 4006 maioris
1066 3964 1216 4022 campane
1237 3964 1353 4020 eorum,
1370 3949 1514 4006 manibus

249 4037 384 4116 armatis¹
399 4063 430 4114 et
451 4055 656 4131 potenciariis,
680 4039 767 4113 more
790 4055 905 4125 hostili,
937 4053 1092 4112 dominico
1124 4053 1174 4111 die
1196 4054 1341 4127 proximo
1369 4059 1439 4112 ante
1471 4053 1514 4112 fe-

249 4168 333 4222 stum
355 4163 439 4222 beati
460 4161 580 4220 Thome
603 4161 745 4236 apostoli,
769 4177 850 4218 nunc
881 4161 1072 4234 preteritum,
1096 4159 1133 4217 ad
1158 4159 1331 4233 predictam
1355 4161 1511 4218 civitatem

250 4269 394 4328 videlicet
421 4269 526 4326 vicum
557 4267 582 4326 T
584 4267 819 4338 heutonicalem,
854 4266 1041 4324 suburbium
1075 4266 1156 4324 dicte
1191 4266 1332 4337 civitatis,
1368 4266 1513 4326 irmendo

250 4375 403 4449 quosdam
426 4376 509 4434 cives
532 4374 733 4432 detinuissent
764 4377 795 4430 et
824 4373 902 4429 alios
933 4387 990 4446 per
1017 4372 1095 4429 ictus
1125 4373 1308 4444 sagittarum
1339 4373 1511 4431 miserabili

248 4498 322 4540 nece
345 4481 427 4540 tradi
449 4487 479 4540 et
500 4480 646 4539 wlnerari
669 4495 705 4537 ac
731 4479 861 4552 spoliari
892 4477 1043 4550 iecissent,
1074 4477 1202 4551 propria
1232 4492 1341 4534 eorum
1372 4479 1513 4552 potencia

249 4587 412 4659 mediante,
442 4588 474 4645 in
505 4585 711 4662 preiudicium
741 4585 882 4657 ipsorum
912 4582 1006 4640 valde
1034 4598 1197 4656 magnum;
1228 4583 1283 4640 lite
1307 4588 1409 4640 tamen
1433 4583 1512 4641 inter

248 4709 300 4751 eos
323 4693 482 4768 pendente.
506 4693 622 4750 Datum
645 4689 745 4762 Crisii,
769 4690 800 4747 in
820 4687 899 4747 festo
922 4689 1005 4747 beati
1029 4689 1176 4746 Anthonii
1198 4688 1328 4746 abbatis.
1352 4690 1441 4746 Anno
1457 4687 1511 4746 do·

247 4799 323 4857 mini
347 4799 517 4857 millesimo
540 4796 618 4855 CCC
641 4797 840 4868 nonagesimo
863 4795 1005 4869 septimo.

337 4915 478 4982 Originale
500 4915 525 4964 in
544 4915 643 4972 charta,
663 4929 678 4963 a
698 4919 773 4976 tergo
793 4912 904 4976 vestigia
923 4913 1005 4963 trium
1020 4913 1225 4978 imppressorum
1243 4911 1401 4977 sigillorum.
1421 4913 1451 4964 In
1470 4929 1510 4964 ar·

248 5005 326 5055 chivo
344 5004 391 5055 lib.
411 5020 466 5070 reg.
486 5003 558 5055 civit.
577 5003 682 5068 zagrab.

1371 5115 1403 5165 25
