3600 5804
597 576 670 634 Doc.
693 569 766 651 248.
789 608 831 616 -
854 576 910 633 An.
936 571 1026 652 1366.
1382 591 1441 652 233

171 779 246 836 liter
268 779 437 836 observare
459 777 490 834 in
514 783 643 848 tantum,
667 781 701 833 ut
717 791 810 833 nemo
826 777 1044 834 canonicorum
1069 777 1166 851 ipsius
1189 777 1317 834 ecclesie
1333 783 1445 846 nostre,

173 886 312 958 quinon
336 889 381 940 est
405 885 436 940 in
459 884 555 940 sacris
579 881 761 939 admittatur
777 882 807 939 in
825 883 998 952 consilium,
1022 889 1147 953 secreta,
1163 881 1299 956 agendis,
1315 882 1446 956 disposi-

175 993 298 1048 cionem
315 989 364 1046 vel
383 989 527 1062 quamvis
543 988 772 1045 ordinacionem
797 987 859 1046 iam
883 987 1032 1045 nominati
1048 987 1176 1062 capituli
1195 987 1323 1046 ecclesie
1342 993 1446 1045 nostre

174 1095 342 1154 verbovel
360 1095 472 1154 litteris
490 1093 653 1166 intendam,
673 1111 728 1152 nec
744 1094 787 1152 bii
807 1094 992 1167 sigillacioni
1013 1095 1064 1152 vel
1080 1095 1209 1152 leccioni
1226 1095 1399 1152 litterarum
1417 1099 1447 1150 et

174 1203 453 1260 instrumentorum
488 1202 615 1276 propria
646 1201 743 1275 ipsius
767 1200 896 1275 capituli
928 1201 979 1258 vel
1012 1213 1189 1259 exterorum
1222 1201 1291 1258 iura
1322 1205 1446 1272 tangen-

174 1309 268 1378 cium‚
293 1307 412 1380 possint
436 1305 590 1377 interesse,
614 1323 670 1364 nec
694 1306 812 1364 tructus
843 1311 873 1363 et
903 1305 1044 1363 redditus
1067 1323 1105 1364 ex
1134 1305 1311 1364 huiusmodi
1336 1306 1447 1363 litteris

175 1413 394 1487 provenientes
418 1411 610 1486 percipiendi
642 1411 776 1470 habeant
809 1411 995 1470 facultatem.
1029 1411 1115 1485 Quos
1146 1413 1263 1470 scilicet
1286 1411 1448 1469 canonicos

174 1535 235 1577 non
259 1519 442 1576 constitutos
466 1518 496 1575 in
519 1519 614 1574 sacris
644 1517 806 1576 ordinibus
840 1524 871 1576 et
901 1533 964 1590 nos,
996 1519 1176 1576 auctoritate
1201 1517 1364 1589 ordinaria,
1389 1519 1448 1575 biis

175 1625 332 1696 omnibus,
356 1623 518 1682 videlicet:
542 1625 672 1682 consilio
708 1631 737 1682 et
769 1625 986 1682 communione
1009 1625 1138 1698 capituli
1162 1625 1267 1696 nostri,
1291 1624 1447 1682 fructuum

176 1738 207 1788 ct
228 1731 408 1788 reddituum
433 1730 586 1788 dictarum
610 1729 872 1803 fideidignitatum
895 1736 925 1787 et
950 1729 1123 1788 litterarum
1154 1747 1248 1805 super
1272 1730 1331 1788 biis
1354 1729 1448 1787 confi-

176 1836 359 1894 ciendarum
383 1843 413 1894 et
436 1836 514 1908 aliis,
539 1836 653 1908 quibus
668 1851 772 1909 supra,
789 1835 951 1909 privamus
967 1837 1117 1910 presentis
1141 1837 1248 1910 scripti
1274 1836 1449 1910 patrocinio

176 1943 341 2000 mediante.
369 1941 501 2000 Proinde
529 1941 720 2016 precipimus
751 1941 883 1999 firmiter
910 1941 1121 2000 obtinentibus
1150 1947 1180 2000 et
1212 1942 1384 2000 obtenturis
1418 1942 1449 1999 in

175 2047 318 2107 futurum
342 2050 373 2106 in
397 2047 480 2106 dicta
512 2047 641 2106 ecclesia
672 2053 778 2105 nostra
809 2047 982 2121 dignitates,
1013 2054 1203 2122 personatus,
1237 2048 1386 2107 beneficia
1417 2055 1448 2106 et

177 2156 292 2228 officia,
316 2157 346 2214 in
371 2157 486 2214 virtute
508 2161 611 2213 sancte
642 2154 821 2213 obediencie
851 2161 882 2213 et
912 2157 971 2213 sub
1003 2157 1336 2214 excommunicacionis
1359 2171 1447 2230 pena,

178 2278 275 2336 quam
299 2262 331 2320 in
354 2262 544 2320 contrarium
567 2262 732 2332 venientes,
756 2262 928 2320 monicione
959 2261 1103 2320 canonica
1135 2263 1295 2336 premissa,
1322 2261 1450 2320 ferimus

178 2369 210 2426 in
233 2369 295 2426 hiis
327 2367 459 2441 scriptis,
491 2365 573 2440 quod
607 2368 792 2441 premissam
824 2367 1078 2425 constitucionem
1110 2373 1248 2425 nostram
1281 2375 1346 2426 tam
1369 2368 1451 2425 salu-

180 2475 280 2532 briter
305 2475 423 2546 initam,
447 2475 548 2532 iurent
571 2473 609 2531 ad
641 2480 763 2530 sanctos
791 2473 841 2532 dei
871 2480 970 2532 ratam
1002 2475 1117 2532 habere
1147 2475 1178 2532 in
1213 2480 1397 2548 perpetuum
1422 2481 1452 2532 et

179 2581 319 2639 totaliter
341 2579 381 2638 ad
404 2596 513 2638 omnes
535 2580 583 2637 sui
606 2579 762 2637 clausulas
785 2579 909 2636 effectui
932 2580 1109 2654 mancipare
1125 2579 1190 2638 sine
1206 2579 1452 2638 contradiccione

180 2689 331 2761 qualibet,
355 2688 420 2745 sine
451 2685 568 2745 fraude.
596 2686 643 2744 Tu
675 2702 751 2744 vero
775 2691 888 2756 custos
921 2686 1049 2744 ecclesie
1078 2693 1181 2744 nostre
1211 2685 1357 2760 predicte,
1385 2703 1452 2761 pre·

180 2803 300 2852 sentem
326 2794 579 2851 constitucionem
603 2793 682 2852 inter
712 2793 773 2850 alia
803 2793 932 2851 ecclesie
963 2799 1066 2851 nostre
1097 2798 1210 2852 statuta
1236 2793 1451 2868 compositam,

181 2899 308 2958 studeas
331 2900 390 2956 sub
415 2900 496 2956 bona
519 2899 658 2957 custodia
681 2914 872 2970 conservare,
904 2905 936 2957 ut
963 2900 988 2957 si
1013 2899 1092 2957 sorte
1115 2899 1212 2973 aliqui
1236 2905 1322 2958 extra
1348 2915 1452 2958 sacros

181 3006 307 3064 ordines
332 3007 487 3064 constituti
511 3007 675 3079 inportune
706 3022 738 3063 se
769 3006 909 3078 ingerere
939 3007 1193 3080 presumpserint,
1222 3005 1316 3064 iidem
1343 3005 1452 3064 iratres

183 3112 282 3169 nostri
306 3111 344 3168 de
368 3111 506 3185 capitulo
528 3111 579 3168 vel
603 3111 682 3168 alter
705 3125 814 3168 eorum
839 3111 895 3168 hos
918 3112 1024 3184 vigore
1056 3112 1166 3169 harum
1195 3111 1453 3168 constitucionum

181 3234 307 3291 semper
330 3232 492 3276 removere
515 3219 574 3275 sub
597 3233 677 3292 pena
700 3217 1032 3276 excommunicacionis
1057 3217 1194 3291 predicta
1222 3223 1388 3276 teneantur.
1420 3217 1452 3275 ln

183 3324 270 3381 cuius
293 3323 523 3381 constitucionis
546 3329 576 3380 et
600 3324 811 3380 innovacionis
834 3339 870 3381 ac
893 3325 1081 3398 privacionis
1106 3325 1290 3382 memoriam
1322 3324 1453 3382 firmita-

182 3435 309 3502 temque
333 3435 515 3502 perpetuam
549 3435 704 3503 presentes
738 3436 841 3487 nostro
872 3431 978 3503 sigillo
1008 3431 1128 3489 anulari
1163 3437 1280 3488 secreto
1308 3429 1453 3488 duximus

183 3533 416 3606 consignandas.
446 3534 563 3592 Datum
587 3535 728 3606 Cbasme‚
756 3537 787 3594 in
819 3535 897 3594 sesto
928 3535 1134 3609 deposicionis
1165 3537 1260 3594 sancti
1293 3537 1373 3608 regis
1398 3537 1453 3593 La·

184 3639 285 3697 diziai.
310 3641 401 3698 Anno
423 3639 541 3698 domini
566 3641 736 3699 millesimo
760 3643 974 3700 trecentesimo
998 3644 1191 3716 sexagesimo
1214 3649 1332 3716 quarto.

275 3775 295 3824 E
316 3781 481 3840 transumpto
500 3779 571 3838 quod
592 3783 664 3827 extat
684 3777 709 3827 in
731 3779 881 3844 membrana
901 3778 928 3828 in
947 3777 1095 3844 appendice
1115 3779 1279 3829 Statutorum
1299 3793 1354 3828 ven.
1375 3778 1453 3842 capit.

185 3863 306 3926 zagrab.;
325 3861 352 3912 in
371 3863 481 3912 archivo
500 3863 623 3914 eiusdem.
646 3865 763 3916 Farlatti.
784 3867 862 3934 lllyr.
884 3867 954 3917 Sacr.
975 3867 1006 3916 V.
1026 3883 1051 3932 p.
1071 3875 1130 3929 437.
1151 3865 1233 3931 Feje'r.
1252 3866 1301 3916 lx.
1322 3875 1344 3925 3.
1364 3875 1424 3927 443.

293 4293 369 4341 Anno
391 4294 465 4350 1360,
486 4304 525 4354 29.
546 4292 668 4358 Augusti.
688 4291 718 4342 In
735 4292 873 4358 Vilegrad.

188 4437 353 4494 ludovicus
376 4438 553 4511 llrcttgareac
574 4446 621 4496 etc.
645 4458 707 4508 rex,
730 4440 931 4496 tricesimatori
943 4458 994 4496 saa
1011 4438 1167 4508 Saracena,
1186 4457 1221 4495 ne
1240 4439 1274 4495 de
1296 4440 1372 4507 arba,
1379 4439 1451 4512 fru-

236 4543 320 4617 gibus
341 4550 370 4600 el
389 4545 450 4601 sale
472 4563 492 4600 a
514 4545 621 4602 civt'bus
651 4545 858 4603 Greclreast'bus
880 4546 1050 4602 tricesimam
1066 4553 1241 4619 extorqueat,
1257 4544 1398 4618 prohibet.

277 4706 451 4764 Lodouicus
475 4707 524 4765 dei
547 4708 650 4780 gracia
682 4725 737 4765 rex
769 4709 935 4781 Hungarie.
967 4707 1066 4765 Fideii
1097 4722 1153 4765 suo
1185 4707 1334 4780 magistro
1368 4705 1456 4765 Sara-

190 4813 294 4872 chen0.
318 4813 534 4872 tricesimatori
558 4820 664 4872 nostro
688 4831 744 4890 per
770 4821 870 4873 totum
893 4830 1024 4888 reguum
1048 4819 1188 4872 nostrum
1217 4813 1382 4871 constituto
1405 4813 1455 4870 vel

191 4918 474 4978 vicetricesimatori
497 4919 635 4978 eiusdem
659 4921 697 4978 de
721 4921 880 4994 Zagrabia,
904 4921 1038 4978 salutem
1054 4927 1084 4978 et
1099 4921 1243 4993 graciam.
1267 4920 1301 4978 ln
1317 4921 1457 4994 personis

192 5023 331 5082 fidelium
346 5025 461 5082 civium
479 5033 509 5083 et
524 5027 684 5101 hospitum
700 5033 878 5085 nostrorum
895 5027 1078 5098 deGreecb,
1095 5027 1351 5100 zagrabiensium‚
1368 5025 1457 5084 nobis
