<?xml version="1.0" encoding="UTF-8"?>
<!DOCTYPE html PUBLIC "-//W3C//DTD XHTML 1.0 Transitional//EN"
    "http://www.w3.org/TR/xhtml1/DTD/xhtml1-transitional.dtd">
<html xmlns="http://www.w3.org/1999/xhtml" xml:lang="en" lang="en">
 <head>
  <title>
</title>
<meta http-equiv="Content-Type" content="text/html;charset=utf-8" />
  <meta name='ocr-system' content='tesseract 3.04.00' />
  <meta name='ocr-capabilities' content='ocr_page ocr_carea ocr_par ocr_line ocrx_word'/>
</head>
<body>
  <div class='ocr_page' id='page_1' title='image "./monumentahistor18laszgoog_0509.png"; bbox 0 0 3728 5806; ppageno 0'>
   <div class='ocr_carea' id='block_1_1' title="bbox 575 577 1472 660">
    <p class='ocr_par' dir='ltr' id='par_1_1' title="bbox 575 577 1472 660">
     <span class='ocr_line' id='line_1_1' title="bbox 575 577 1472 660; baseline 0.003 -21"><span class='ocrx_word' id='word_1_1' title='bbox 575 583 649 640; x_wconf 73' lang='lat' dir='ltr'>Doc,</span> <span class='ocrx_word' id='word_1_2' title='bbox 673 577 744 657; x_wconf 85' lang='lat'><em>285.</em></span> <span class='ocrx_word' id='word_1_3' title='bbox 768 577 841 639; x_wconf 79' lang='lat'><em>286.</em></span> <span class='ocrx_word' id='word_1_4' title='bbox 868 614 905 624; x_wconf 89' lang='lat'><em>-</em></span> <span class='ocrx_word' id='word_1_5' title='bbox 930 581 985 639; x_wconf 86' lang='lat' dir='ltr'>An.</span> <span class='ocrx_word' id='word_1_6' title='bbox 1010 593 1103 660; x_wconf 73' lang='lat'><em>1379.</em></span> <span class='ocrx_word' id='word_1_7' title='bbox 1412 599 1472 657; x_wconf 77' lang='lat'>2⁷3</span> 
     </span>
    </p>
   </div>
   <div class='ocr_carea' id='block_1_2' title="bbox 204 779 1475 1794">
    <p class='ocr_par' dir='ltr' id='par_1_2' title="bbox 204 779 1475 1794">
     <span class='ocr_line' id='line_1_2' title="bbox 206 779 1475 855; baseline 0.001 -19"><span class='ocrx_word' id='word_1_8' title='bbox 206 780 307 837; x_wconf 80' lang='lat' dir='ltr'>riensi</span> <span class='ocrx_word' id='word_1_9' title='bbox 330 787 360 837; x_wconf 90' lang='lat' dir='ltr'>et</span> <span class='ocrx_word' id='word_1_10' title='bbox 382 779 508 838; x_wconf 90' lang='lat' dir='ltr'>Portiua</span> <span class='ocrx_word' id='word_1_11' title='bbox 529 781 669 853; x_wconf 85' lang='lat' dir='ltr'>seniensi,</span> <span class='ocrx_word' id='word_1_12' title='bbox 693 781 893 839; x_wconf 89' lang='lat' dir='ltr'>ecclesiarum</span> <span class='ocrx_word' id='word_1_13' title='bbox 916 781 1080 855; x_wconf 88' lang='lat' dir='ltr'>episcopis,</span> <span class='ocrx_word' id='word_1_14' title='bbox 1107 780 1250 838; x_wconf 89' lang='lat' dir='ltr'>ecclesias</span> <span class='ocrx_word' id='word_1_15' title='bbox 1273 780 1323 838; x_wconf 89' lang='lat' dir='ltr'>dei</span> <span class='ocrx_word' id='word_1_16' title='bbox 1344 780 1475 838; x_wconf 81' lang='lat' dir='ltr'>feliciter</span> 
     </span>
     <span class='ocr_line' id='line_1_3' title="bbox 206 885 1474 959; baseline 0 -17"><span class='ocrx_word' id='word_1_17' title='bbox 206 886 468 958; x_wconf 87' lang='lat' dir='ltr'>gubernantibus;</span> <span class='ocrx_word' id='word_1_18' title='bbox 491 887 689 959; x_wconf 85' lang='lat' dir='ltr'>strigoniensi</span> <span class='ocrx_word' id='word_1_19' title='bbox 704 893 809 944; x_wconf 90' lang='lat' dir='ltr'>autem</span> <span class='ocrx_word' id='word_1_20' title='bbox 825 887 898 944; x_wconf 86' lang='lat' dir='ltr'>sede</span> <span class='ocrx_word' id='word_1_21' title='bbox 913 891 1050 944; x_wconf 84' lang='lat' dir='ltr'>vacante.</span> <span class='ocrx_word' id='word_1_22' title='bbox 1066 886 1238 959; x_wconf 89' lang='lat' dir='ltr'>Magnificis</span> <span class='ocrx_word' id='word_1_23' title='bbox 1254 887 1329 944; x_wconf 87' lang='lat' dir='ltr'>viris</span> <span class='ocrx_word' id='word_1_24' title='bbox 1345 885 1474 942; x_wconf 90' lang='lat' dir='ltr'>Nicolao</span> 
     </span>
     <span class='ocr_line' id='line_1_4' title="bbox 207 990 1475 1066; baseline 0 -18"><span class='ocrx_word' id='word_1_25' title='bbox 207 990 246 1048; x_wconf 88' lang='lat' dir='ltr'>de</span> <span class='ocrx_word' id='word_1_26' title='bbox 270 991 355 1049; x_wconf 85' lang='lat' dir='ltr'>Gara</span> <span class='ocrx_word' id='word_1_27' title='bbox 377 993 516 1066; x_wconf 87' lang='lat' dir='ltr'>palatino</span> <span class='ocrx_word' id='word_1_28' title='bbox 532 994 619 1065; x_wconf 90' lang='lat' dir='ltr'>regni</span> <span class='ocrx_word' id='word_1_29' title='bbox 634 994 733 1051; x_wconf 80' lang='lat' dir='ltr'>nostri</span> <span class='ocrx_word' id='word_1_30' title='bbox 750 999 780 1051; x_wconf 88' lang='lat' dir='ltr'>et</span> <span class='ocrx_word' id='word_1_31' title='bbox 795 993 896 1051; x_wconf 88' lang='lat' dir='ltr'>iudice</span> <span class='ocrx_word' id='word_1_32' title='bbox 916 993 1137 1064; x_wconf 90' lang='lat' dir='ltr'>Comanorum,</span> <span class='ocrx_word' id='word_1_33' title='bbox 1161 991 1306 1050; x_wconf 87' lang='lat' dir='ltr'>Ladislao</span> <span class='ocrx_word' id='word_1_34' title='bbox 1323 991 1475 1063; x_wconf 84' lang='lat' dir='ltr'>wayvoda</span> 
     </span>
     <span class='ocr_line' id='line_1_5' title="bbox 206 1098 1472 1181; baseline 0 -27"><span class='ocrx_word' id='word_1_35' title='bbox 206 1098 407 1169; x_wconf 89' lang='lat' dir='ltr'>transilvano,</span> <span class='ocrx_word' id='word_1_36' title='bbox 431 1099 544 1156; x_wconf 86' lang='lat' dir='ltr'>comite</span> <span class='ocrx_word' id='word_1_37' title='bbox 566 1099 683 1181; x_wconf 90' lang='lat' dir='ltr'>Jacobo</span> <span class='ocrx_word' id='word_1_38' title='bbox 707 1099 745 1156; x_wconf 89' lang='lat' dir='ltr'>de</span> <span class='ocrx_word' id='word_1_39' title='bbox 768 1098 885 1172; x_wconf 85' lang='lat' dir='ltr'>Scepus</span> <span class='ocrx_word' id='word_1_40' title='bbox 909 1104 936 1156; x_wconf 92' lang='lat' dir='ltr'>et</span> <span class='ocrx_word' id='word_1_41' title='bbox 962 1098 1062 1156; x_wconf 91' lang='lat' dir='ltr'>iudice</span> <span class='ocrx_word' id='word_1_42' title='bbox 1093 1100 1177 1156; x_wconf 90' lang='lat' dir='ltr'>curie</span> <span class='ocrx_word' id='word_1_43' title='bbox 1204 1105 1234 1155; x_wconf 89' lang='lat' dir='ltr'>et</span> <span class='ocrx_word' id='word_1_44' title='bbox 1256 1098 1472 1155; x_wconf 88' lang='lat' dir='ltr'>universarum</span> 
     </span>
     <span class='ocr_line' id='line_1_6' title="bbox 206 1203 1474 1278; baseline -0.001 -18"><span class='ocrx_word' id='word_1_45' title='bbox 206 1203 368 1261; x_wconf 86' lang='lat' dir='ltr'>civitatum</span> <span class='ocrx_word' id='word_1_46' title='bbox 396 1211 581 1278; x_wconf 85' lang='lat' dir='ltr'>nostrarum,</span> <span class='ocrx_word' id='word_1_47' title='bbox 612 1205 741 1263; x_wconf 88' lang='lat' dir='ltr'>Nicolao</span> <span class='ocrx_word' id='word_1_48' title='bbox 772 1205 810 1262; x_wconf 91' lang='lat' dir='ltr'>de</span> <span class='ocrx_word' id='word_1_49' title='bbox 834 1205 940 1276; x_wconf 91' lang='lat' dir='ltr'>Zeech,</span> <span class='ocrx_word' id='word_1_50' title='bbox 967 1205 1147 1262; x_wconf 88' lang='lat' dir='ltr'>Dalmaciae</span> <span class='ocrx_word' id='word_1_51' title='bbox 1171 1211 1201 1262; x_wconf 92' lang='lat' dir='ltr'>et</span> <span class='ocrx_word' id='word_1_52' title='bbox 1224 1203 1359 1275; x_wconf 87' lang='lat' dir='ltr'>Croacie‚</span> <span class='ocrx_word' id='word_1_53' title='bbox 1383 1203 1474 1262; x_wconf 90' lang='lat' dir='ltr'>Petro</span> 
     </span>
     <span class='ocr_line' id='line_1_7' title="bbox 204 1308 1471 1394; baseline -0.001 -27"><span class='ocrx_word' id='word_1_54' title='bbox 204 1309 317 1381; x_wconf 90' lang='lat' dir='ltr'>Zudor,</span> <span class='ocrx_word' id='word_1_55' title='bbox 341 1311 439 1368; x_wconf 91' lang='lat' dir='ltr'>tocius</span> <span class='ocrx_word' id='word_1_56' title='bbox 461 1311 549 1384; x_wconf 91' lang='lat' dir='ltr'>regni</span> <span class='ocrx_word' id='word_1_57' title='bbox 572 1310 735 1370; x_wconf 87' lang='lat' dir='ltr'>Sclauonie</span> <span class='ocrx_word' id='word_1_58' title='bbox 758 1317 788 1368; x_wconf 91' lang='lat' dir='ltr'>et</span> <span class='ocrx_word' id='word_1_59' title='bbox 809 1312 949 1394; x_wconf 87' lang='lat' dir='ltr'>Johanne</span> <span class='ocrx_word' id='word_1_60' title='bbox 973 1311 1011 1368; x_wconf 90' lang='lat' dir='ltr'>de</span> <span class='ocrx_word' id='word_1_61' title='bbox 1041 1312 1181 1381; x_wconf 89' lang='lat' dir='ltr'>Machou‚</span> <span class='ocrx_word' id='word_1_62' title='bbox 1206 1311 1311 1380; x_wconf 92' lang='lat' dir='ltr'>banis;</span> <span class='ocrx_word' id='word_1_63' title='bbox 1335 1308 1471 1382; x_wconf 89' lang='lat' dir='ltr'>Georgio</span> 
     </span>
     <span class='ocr_line' id='line_1_8' title="bbox 206 1415 1475 1493; baseline 0.001 -20"><span class='ocrx_word' id='word_1_64' title='bbox 206 1416 319 1489; x_wconf 88' lang='lat' dir='ltr'>Zudor,</span> <span class='ocrx_word' id='word_1_65' title='bbox 352 1418 578 1490; x_wconf 83' lang='lat' dir='ltr'>pincernarum,</span> <span class='ocrx_word' id='word_1_66' title='bbox 610 1417 767 1492; x_wconf 88' lang='lat' dir='ltr'>Stephano</span> <span class='ocrx_word' id='word_1_67' title='bbox 798 1419 943 1476; x_wconf 89' lang='lat' dir='ltr'>similiter</span> <span class='ocrx_word' id='word_1_68' title='bbox 969 1417 1080 1489; x_wconf 88' lang='lat' dir='ltr'>Zudor,</span> <span class='ocrx_word' id='word_1_69' title='bbox 1110 1415 1287 1493; x_wconf 90' lang='lat' dir='ltr'>janitorum,</span> <span class='ocrx_word' id='word_1_70' title='bbox 1317 1415 1413 1473; x_wconf 90' lang='lat' dir='ltr'>Paulo</span> <span class='ocrx_word' id='word_1_71' title='bbox 1436 1417 1475 1474; x_wconf 89' lang='lat' dir='ltr'>de</span> 
     </span>
     <span class='ocr_line' id='line_1_9' title="bbox 205 1521 1474 1598; baseline 0.001 -20"><span class='ocrx_word' id='word_1_72' title='bbox 205 1523 349 1594; x_wconf 88' lang='lat' dir='ltr'>Lyskow‚</span> <span class='ocrx_word' id='word_1_73' title='bbox 372 1521 595 1598; x_wconf 89' lang='lat' dir='ltr'>dapiferorum,</span> <span class='ocrx_word' id='word_1_74' title='bbox 620 1523 777 1598; x_wconf 89' lang='lat' dir='ltr'>Stephano</span> <span class='ocrx_word' id='word_1_75' title='bbox 793 1539 963 1596; x_wconf 88' lang='lat' dir='ltr'>agazonum</span> <span class='ocrx_word' id='word_1_76' title='bbox 979 1531 1157 1581; x_wconf 89' lang='lat' dir='ltr'>nostrorum</span> <span class='ocrx_word' id='word_1_77' title='bbox 1172 1523 1338 1595; x_wconf 80' lang='lat' dir='ltr'>magistris,</span> <span class='ocrx_word' id='word_1_78' title='bbox 1356 1523 1474 1580; x_wconf 92' lang='lat' dir='ltr'>honore</span> 
     </span>
     <span class='ocr_line' id='line_1_10' title="bbox 206 1628 1475 1704; baseline -0.002 -18"><span class='ocrx_word' id='word_1_79' title='bbox 206 1629 371 1687; x_wconf 86' lang='lat' dir='ltr'>comitatus</span> <span class='ocrx_word' id='word_1_80' title='bbox 401 1631 594 1703; x_wconf 88' lang='lat' dir='ltr'>posoniensis</span> <span class='ocrx_word' id='word_1_81' title='bbox 626 1636 762 1700; x_wconf 88' lang='lat' dir='ltr'>vacante,</span> <span class='ocrx_word' id='word_1_82' title='bbox 793 1631 925 1704; x_wconf 83' lang='lat' dir='ltr'>aliisque</span> <span class='ocrx_word' id='word_1_83' title='bbox 957 1646 1051 1704; x_wconf 89' lang='lat' dir='ltr'>quarn</span> <span class='ocrx_word' id='word_1_84' title='bbox 1086 1629 1232 1704; x_wconf 91' lang='lat' dir='ltr'>pluribus</span> <span class='ocrx_word' id='word_1_85' title='bbox 1261 1629 1348 1700; x_wconf 90' lang='lat' dir='ltr'>regni</span> <span class='ocrx_word' id='word_1_86' title='bbox 1378 1628 1475 1685; x_wconf 87' lang='lat' dir='ltr'>nostri</span> 
     </span>
     <span class='ocr_line' id='line_1_11' title="bbox 206 1735 785 1794; baseline 0.005 -3"><span class='ocrx_word' id='word_1_87' title='bbox 206 1735 371 1792; x_wconf 84' lang='lat' dir='ltr'>comitatus</span> <span class='ocrx_word' id='word_1_88' title='bbox 394 1736 568 1793; x_wconf 89' lang='lat' dir='ltr'>tenentibus</span> <span class='ocrx_word' id='word_1_89' title='bbox 592 1743 622 1793; x_wconf 89' lang='lat' dir='ltr'>et</span> <span class='ocrx_word' id='word_1_90' title='bbox 645 1737 785 1794; x_wconf 89' lang='lat' dir='ltr'>honores.</span> 
     </span>
    </p>
   </div>
   <div class='ocr_carea' id='block_1_3' title="bbox 204 1870 1473 2021">
    <p class='ocr_par' dir='ltr' id='par_1_3' title="bbox 204 1870 1473 2021">
     <span class='ocr_line' id='line_1_12' title="bbox 296 1870 1473 1938; baseline 0 -18"><span class='ocrx_word' id='word_1_91' title='bbox 296 1871 318 1920; x_wconf 90' lang='lat' dir='ltr'><strong>E</strong></span> <span class='ocrx_word' id='word_1_92' title='bbox 338 1877 502 1936; x_wconf 88' lang='lat' dir='ltr'>transumpto</span> <span class='ocrx_word' id='word_1_93' title='bbox 523 1871 633 1937; x_wconf 90' lang='lat' dir='ltr'>capituli</span> <span class='ocrx_word' id='word_1_94' title='bbox 652 1872 785 1930; x_wconf 84' lang='lat' dir='ltr'>budensis‚</span> <span class='ocrx_word' id='word_1_95' title='bbox 805 1887 872 1922; x_wconf 85' lang='lat' dir='ltr'>anno</span> <span class='ocrx_word' id='word_1_96' title='bbox 889 1873 962 1933; x_wconf 84' lang='lat'>1384.</span> <span class='ocrx_word' id='word_1_97' title='bbox 977 1871 1006 1921; x_wconf 93' lang='lat' dir='ltr'>In</span> <span class='ocrx_word' id='word_1_98' title='bbox 1019 1871 1129 1922; x_wconf 92' lang='lat' dir='ltr'>archivo</span> <span class='ocrx_word' id='word_1_99' title='bbox 1148 1870 1225 1938; x_wconf 82' lang='lat' dir='ltr'>regni</span> <span class='ocrx_word' id='word_1_100' title='bbox 1245 1871 1319 1921; x_wconf 89' lang='lat' dir='ltr'>CSD.</span> <span class='ocrx_word' id='word_1_101' title='bbox 1335 1872 1392 1920; x_wconf 87' lang='lat' dir='ltr'>Act.</span> <span class='ocrx_word' id='word_1_102' title='bbox 1406 1871 1473 1920; x_wconf 90' lang='lat' dir='ltr'>Con-</span> 
     </span>
     <span class='ocr_line' id='line_1_13' title="bbox 204 1960 703 2021; baseline 0.002 -12"><span class='ocrx_word' id='word_1_103' title='bbox 204 1967 274 2010; x_wconf 85' lang='lat' dir='ltr'>veni.</span> <span class='ocrx_word' id='word_1_104' title='bbox 296 1960 459 2010; x_wconf 85' lang='lat' dir='ltr'>Remetensis</span> <span class='ocrx_word' id='word_1_105' title='bbox 478 1960 539 2010; x_wconf 84' lang='lat' dir='ltr'>fasc.</span> <span class='ocrx_word' id='word_1_106' title='bbox 563 1971 583 2010; x_wconf 87' lang='lat'>1.</span> <span class='ocrx_word' id='word_1_107' title='bbox 603 1977 642 2010; x_wconf 90' lang='lat' dir='ltr'>nr.</span> <span class='ocrx_word' id='word_1_108' title='bbox 665 1971 703 2021; x_wconf 91' lang='lat'>14.</span> 
     </span>
    </p>
   </div>
   <div class='ocr_carea' id='block_1_4' title="bbox 313 2173 884 2382">
    <p class='ocr_par' dir='ltr' id='par_1_4' title="bbox 313 2173 884 2382">
     <span class='ocr_line' id='line_1_14' title="bbox 799 2173 884 2240; baseline -0.012 -1"><span class='ocrx_word' id='word_1_109' title='bbox 799 2173 884 2240; x_wconf 80' lang='lat'><strong>285.</strong></span> 
     </span>
     <span class='ocr_line' id='line_1_15' title="bbox 313 2315 860 2382; baseline 0 -18"><span class='ocrx_word' id='word_1_110' title='bbox 313 2317 389 2364; x_wconf 85' lang='lat' dir='ltr'>Anno</span> <span class='ocrx_word' id='word_1_111' title='bbox 411 2324 485 2378; x_wconf 80' lang='lat'>1379.</span> <span class='ocrx_word' id='word_1_112' title='bbox 506 2326 546 2365; x_wconf 87' lang='lat'>21.</span> <span class='ocrx_word' id='word_1_113' title='bbox 563 2315 687 2382; x_wconf 87' lang='lat' dir='ltr'>januarii.</span> <span class='ocrx_word' id='word_1_114' title='bbox 707 2315 860 2382; x_wconf 82' lang='lat' dir='ltr'>Zagrabiae.</span> 
     </span>
    </p>
   </div>
   <div class='ocr_carea' id='block_1_5' title="bbox 238 2441 1446 2624">
    <p class='ocr_par' dir='ltr' id='par_1_5' title="bbox 238 2441 1446 2624">
     <span class='ocr_line' id='line_1_16' title="bbox 238 2441 1446 2516; baseline 0.002 -18"><span class='ocrx_word' id='word_1_115' title='bbox 238 2441 402 2515; x_wconf 81' lang='lat' dir='ltr'>Capitulum</span> <span class='ocrx_word' id='word_1_116' title='bbox 425 2443 542 2516; x_wconf 80' lang='lat' dir='ltr'>zagrob.</span> <span class='ocrx_word' id='word_1_117' title='bbox 566 2445 696 2501; x_wconf 83' lang='lat' dir='ltr'>ecclesiae</span> <span class='ocrx_word' id='word_1_118' title='bbox 719 2445 869 2501; x_wconf 78' lang='lat' dir='ltr'>teminum</span> <span class='ocrx_word' id='word_1_119' title='bbox 893 2444 967 2500; x_wconf 79' lang='lat' dir='ltr'>t&#39;un‘s</span> <span class='ocrx_word' id='word_1_120' title='bbox 990 2443 1103 2500; x_wconf 78' lang='lat' dir='ltr'>dicendi</span> <span class='ocrx_word' id='word_1_121' title='bbox 1123 2445 1153 2500; x_wconf 83' lang='lat' dir='ltr'>in</span> <span class='ocrx_word' id='word_1_122' title='bbox 1176 2461 1265 2500; x_wconf 83' lang='lat' dir='ltr'>causa</span> <span class='ocrx_word' id='word_1_123' title='bbox 1287 2461 1346 2501; x_wconf 84' lang='lat' dir='ltr'>sese</span> <span class='ocrx_word' id='word_1_124' title='bbox 1369 2444 1446 2501; x_wconf 76' lang='lat' dir='ltr'>mter</span> 
     </span>
     <span class='ocr_line' id='line_1_17' title="bbox 373 2551 1318 2624; baseline 0 -18"><span class='ocrx_word' id='word_1_125' title='bbox 373 2557 402 2607; x_wconf 84' lang='lat' dir='ltr'>et</span> <span class='ocrx_word' id='word_1_126' title='bbox 423 2552 647 2608; x_wconf 82' lang='lat' dir='ltr'>communitatem</span> <span class='ocrx_word' id='word_1_127' title='bbox 677 2551 875 2619; x_wconf 81' lang='lat' dir='ltr'>Grecltensem,</span> <span class='ocrx_word' id='word_1_128' title='bbox 891 2558 1083 2624; x_wconf 69' lang='lat' dir='ltr'>prorogatum</span> <span class='ocrx_word' id='word_1_129' title='bbox 1106 2569 1172 2620; x_wconf 86' lang='lat' dir='ltr'>esse,</span> <span class='ocrx_word' id='word_1_130' title='bbox 1195 2551 1318 2618; x_wconf 79' lang='lat' dir='ltr'>nuntiat.</span> 
     </span>
    </p>
   </div>
   <div class='ocr_carea' id='block_1_6' title="bbox 202 2693 1476 3920">
    <p class='ocr_par' dir='ltr' id='par_1_6' title="bbox 202 2693 1476 3920">
     <span class='ocr_line' id='line_1_18' title="bbox 295 2693 1476 2767; baseline -0.001 -17"><span class='ocrx_word' id='word_1_131' title='bbox 295 2693 357 2750; x_wconf 93' lang='lat' dir='ltr'>Nos</span> <span class='ocrx_word' id='word_1_132' title='bbox 381 2695 553 2766; x_wconf 89' lang='lat' dir='ltr'>capitulum</span> <span class='ocrx_word' id='word_1_133' title='bbox 576 2695 705 2752; x_wconf 86' lang='lat' dir='ltr'>ecclesie</span> <span class='ocrx_word' id='word_1_134' title='bbox 727 2695 942 2767; x_wconf 86' lang='lat' dir='ltr'>zagrabiensis.</span> <span class='ocrx_word' id='word_1_135' title='bbox 968 2695 1116 2752; x_wconf 91' lang='lat' dir='ltr'>Memorie</span> <span class='ocrx_word' id='word_1_136' title='bbox 1140 2693 1396 2751; x_wconf 87' lang='lat' dir='ltr'>commendamus</span> <span class='ocrx_word' id='word_1_137' title='bbox 1419 2709 1476 2766; x_wconf 88' lang='lat' dir='ltr'>per</span> 
     </span>
     <span class='ocr_line' id='line_1_19' title="bbox 203 2799 1475 2874; baseline -0.001 -17"><span class='ocrx_word' id='word_1_138' title='bbox 203 2806 362 2874; x_wconf 89' lang='lat' dir='ltr'>presentes</span> <span class='ocrx_word' id='word_1_139' title='bbox 386 2800 500 2872; x_wconf 90' lang='lat' dir='ltr'>quibus</span> <span class='ocrx_word' id='word_1_140' title='bbox 524 2800 650 2873; x_wconf 89' lang='lat' dir='ltr'>expedit</span> <span class='ocrx_word' id='word_1_141' title='bbox 672 2801 834 2872; x_wconf 90' lang='lat' dir='ltr'>universis,</span> <span class='ocrx_word' id='word_1_142' title='bbox 859 2799 941 2873; x_wconf 91' lang='lat' dir='ltr'>quod</span> <span class='ocrx_word' id='word_1_143' title='bbox 966 2816 1021 2858; x_wconf 91' lang='lat' dir='ltr'>nos</span> <span class='ocrx_word' id='word_1_144' title='bbox 1045 2815 1179 2870; x_wconf 89' lang='lat' dir='ltr'>causam,</span> <span class='ocrx_word' id='word_1_145' title='bbox 1203 2816 1264 2873; x_wconf 87' lang='lat' dir='ltr'>que</span> <span class='ocrx_word' id='word_1_146' title='bbox 1287 2800 1372 2857; x_wconf 88' lang='lat' dir='ltr'>iuxta</span> <span class='ocrx_word' id='word_1_147' title='bbox 1403 2813 1475 2855; x_wconf 92' lang='lat' dir='ltr'>con·</span> 
     </span>
     <span class='ocr_line' id='line_1_20' title="bbox 202 2904 1475 2992; baseline -0.002 -30"><span class='ocrx_word' id='word_1_148' title='bbox 202 2907 369 2963; x_wconf 87' lang='lat' dir='ltr'>tinenciam</span> <span class='ocrx_word' id='word_1_149' title='bbox 393 2907 568 2964; x_wconf 88' lang='lat' dir='ltr'>litterarum</span> <span class='ocrx_word' id='word_1_150' title='bbox 596 2907 865 2992; x_wconf 74' lang='lat' dir='ltr'>arbitratoriarum</span> <span class='ocrx_word' id='word_1_151' title='bbox 896 2908 955 2964; x_wconf 89' lang='lat' dir='ltr'>sub</span> <span class='ocrx_word' id='word_1_152' title='bbox 978 2906 1091 2978; x_wconf 89' lang='lat' dir='ltr'>sigillis</span> <span class='ocrx_word' id='word_1_153' title='bbox 1114 2907 1255 2978; x_wconf 86' lang='lat' dir='ltr'>magistri</span> <span class='ocrx_word' id='word_1_154' title='bbox 1285 2905 1377 2976; x_wconf 88' lang='lat' dir='ltr'>Petri,</span> <span class='ocrx_word' id='word_1_155' title='bbox 1401 2904 1475 2962; x_wconf 90' lang='lat' dir='ltr'>dicti</span> 
     </span>
     <span class='ocr_line' id='line_1_21' title="bbox 203 3011 1476 3084; baseline -0.001 -16"><span class='ocrx_word' id='word_1_156' title='bbox 203 3011 327 3082; x_wconf 85' lang='lat' dir='ltr'>Chirke,</span> <span class='ocrx_word' id='word_1_157' title='bbox 353 3013 494 3069; x_wconf 91' lang='lat' dir='ltr'>vicebani</span> <span class='ocrx_word' id='word_1_158' title='bbox 517 3027 553 3069; x_wconf 88' lang='lat' dir='ltr'>ac</span> <span class='ocrx_word' id='word_1_159' title='bbox 577 3013 697 3069; x_wconf 89' lang='lat' dir='ltr'>comitis</span> <span class='ocrx_word' id='word_1_160' title='bbox 721 3013 884 3084; x_wconf 89' lang='lat' dir='ltr'>crisyensis</span> <span class='ocrx_word' id='word_1_161' title='bbox 908 3018 937 3069; x_wconf 91' lang='lat' dir='ltr'>et</span> <span class='ocrx_word' id='word_1_162' title='bbox 961 3019 1066 3070; x_wconf 91' lang='lat' dir='ltr'>nostro</span> <span class='ocrx_word' id='word_1_163' title='bbox 1090 3028 1125 3070; x_wconf 89' lang='lat' dir='ltr'>ac</span> <span class='ocrx_word' id='word_1_164' title='bbox 1149 3013 1247 3070; x_wconf 92' lang='lat' dir='ltr'>tocius</span> <span class='ocrx_word' id='word_1_165' title='bbox 1267 3011 1476 3068; x_wconf 89' lang='lat' dir='ltr'>universitatis</span> 
     </span>
     <span class='ocr_line' id='line_1_22' title="bbox 203 3117 1475 3191; baseline -0.002 -16"><span class='ocrx_word' id='word_1_166' title='bbox 203 3119 339 3176; x_wconf 88' lang='lat' dir='ltr'>civitatis</span> <span class='ocrx_word' id='word_1_167' title='bbox 363 3119 476 3176; x_wconf 89' lang='lat' dir='ltr'>montis</span> <span class='ocrx_word' id='word_1_168' title='bbox 499 3117 707 3175; x_wconf 87' lang='lat' dir='ltr'>Ghrechensis</span> <span class='ocrx_word' id='word_1_169' title='bbox 734 3119 993 3189; x_wconf 74' lang='lat' dir='ltr'>consignaturum,</span> <span class='ocrx_word' id='word_1_170' title='bbox 1018 3119 1075 3176; x_wconf 90' lang='lat' dir='ltr'>iter</span> <span class='ocrx_word' id='word_1_171' title='bbox 1091 3133 1146 3175; x_wconf 92' lang='lat' dir='ltr'>nos</span> <span class='ocrx_word' id='word_1_172' title='bbox 1171 3117 1316 3176; x_wconf 87' lang='lat' dir='ltr'>videlicet</span> <span class='ocrx_word' id='word_1_173' title='bbox 1338 3123 1368 3174; x_wconf 90' lang='lat' dir='ltr'>et</span> <span class='ocrx_word' id='word_1_174' title='bbox 1391 3117 1475 3191; x_wconf 92' lang='lat' dir='ltr'>ipsos</span> 
     </span>
     <span class='ocr_line' id='line_1_23' title="bbox 202 3222 1475 3297; baseline 0 -17"><span class='ocrx_word' id='word_1_175' title='bbox 202 3225 288 3281; x_wconf 89' lang='lat' dir='ltr'>cives</span> <span class='ocrx_word' id='word_1_176' title='bbox 310 3231 521 3281; x_wconf 77' lang='lat' dir='ltr'>emanaturum</span> <span class='ocrx_word' id='word_1_177' title='bbox 547 3241 644 3297; x_wconf 91' lang='lat' dir='ltr'>usque</span> <span class='ocrx_word' id='word_1_178' title='bbox 680 3229 804 3281; x_wconf 85' lang='lat' dir='ltr'>octavas</span> <span class='ocrx_word' id='word_1_179' title='bbox 832 3230 885 3281; x_wconf 90' lang='lat' dir='ltr'>aut</span> <span class='ocrx_word' id='word_1_180' title='bbox 915 3225 946 3281; x_wconf 91' lang='lat' dir='ltr'>in</span> <span class='ocrx_word' id='word_1_181' title='bbox 977 3224 1096 3280; x_wconf 87' lang='lat' dir='ltr'>octavis</span> <span class='ocrx_word' id='word_1_182' title='bbox 1126 3222 1196 3280; x_wconf 85' lang='lat' dir='ltr'>festi</span> <span class='ocrx_word' id='word_1_183' title='bbox 1228 3223 1475 3296; x_wconf 82' lang='lat' dir='ltr'>Epiphaniamm</span> 
     </span>
     <span class='ocr_line' id='line_1_24' title="bbox 202 3329 1474 3405; baseline -0.002 -17"><span class='ocrx_word' id='word_1_184' title='bbox 202 3330 322 3388; x_wconf 89' lang='lat' dir='ltr'>domini</span> <span class='ocrx_word' id='word_1_185' title='bbox 346 3347 426 3388; x_wconf 92' lang='lat' dir='ltr'>nunc</span> <span class='ocrx_word' id='word_1_186' title='bbox 450 3331 592 3404; x_wconf 82' lang='lat' dir='ltr'>proxime</span> <span class='ocrx_word' id='word_1_187' title='bbox 616 3332 755 3405; x_wconf 89' lang='lat' dir='ltr'>preteriti</span> <span class='ocrx_word' id='word_1_188' title='bbox 779 3331 847 3388; x_wconf 81' lang='lat' dir='ltr'>lieri</span> <span class='ocrx_word' id='word_1_189' title='bbox 870 3331 1005 3388; x_wconf 87' lang='lat' dir='ltr'>debebat</span> <span class='ocrx_word' id='word_1_190' title='bbox 1028 3335 1058 3387; x_wconf 90' lang='lat' dir='ltr'>et</span> <span class='ocrx_word' id='word_1_191' title='bbox 1080 3330 1248 3400; x_wconf 88' lang='lat' dir='ltr'>terminari,</span> <span class='ocrx_word' id='word_1_192' title='bbox 1281 3329 1354 3402; x_wconf 91' lang='lat' dir='ltr'>quia</span> <span class='ocrx_word' id='word_1_193' title='bbox 1377 3329 1474 3386; x_wconf 89' lang='lat' dir='ltr'>racio-</span> 
     </span>
     <span class='ocr_line' id='line_1_25' title="bbox 202 3434 1473 3508; baseline -0.002 -14"><span class='ocrx_word' id='word_1_194' title='bbox 202 3437 302 3494; x_wconf 89' lang='lat' dir='ltr'>nabili</span> <span class='ocrx_word' id='word_1_195' title='bbox 326 3437 548 3494; x_wconf 88' lang='lat' dir='ltr'>interveniente</span> <span class='ocrx_word' id='word_1_196' title='bbox 571 3452 663 3494; x_wconf 88' lang='lat' dir='ltr'>causa</span> <span class='ocrx_word' id='word_1_197' title='bbox 686 3437 716 3495; x_wconf 91' lang='lat' dir='ltr'>in</span> <span class='ocrx_word' id='word_1_198' title='bbox 741 3437 824 3494; x_wconf 93' lang='lat' dir='ltr'>dicto</span> <span class='ocrx_word' id='word_1_199' title='bbox 848 3437 982 3494; x_wconf 91' lang='lat' dir='ltr'>termino</span> <span class='ocrx_word' id='word_1_200' title='bbox 1013 3436 1081 3493; x_wconf 90' lang='lat' dir='ltr'>fieri</span> <span class='ocrx_word' id='word_1_201' title='bbox 1112 3436 1260 3508; x_wconf 89' lang='lat' dir='ltr'>nequivit,</span> <span class='ocrx_word' id='word_1_202' title='bbox 1284 3434 1323 3493; x_wconf 88' lang='lat' dir='ltr'>ad</span> <span class='ocrx_word' id='word_1_203' title='bbox 1347 3440 1473 3492; x_wconf 90' lang='lat' dir='ltr'>octavas</span> 
     </span>
     <span class='ocr_line' id='line_1_26' title="bbox 202 3541 1473 3616; baseline -0.002 -16"><span class='ocrx_word' id='word_1_204' title='bbox 202 3543 273 3600; x_wconf 85' lang='lat' dir='ltr'>festi</span> <span class='ocrx_word' id='word_1_205' title='bbox 298 3543 380 3600; x_wconf 88' lang='lat' dir='ltr'>beati</span> <span class='ocrx_word' id='word_1_206' title='bbox 404 3541 531 3615; x_wconf 89' lang='lat' dir='ltr'>Georgii</span> <span class='ocrx_word' id='word_1_207' title='bbox 554 3543 700 3614; x_wconf 89' lang='lat' dir='ltr'>martiris,</span> <span class='ocrx_word' id='word_1_208' title='bbox 724 3559 805 3600; x_wconf 88' lang='lat' dir='ltr'>nunc</span> <span class='ocrx_word' id='word_1_209' title='bbox 833 3544 977 3616; x_wconf 88' lang='lat' dir='ltr'>proxime</span> <span class='ocrx_word' id='word_1_210' title='bbox 1001 3543 1160 3612; x_wconf 86' lang='lat' dir='ltr'>affuturas,</span> <span class='ocrx_word' id='word_1_211' title='bbox 1185 3547 1266 3599; x_wconf 88' lang='lat' dir='ltr'>statu</span> <span class='ocrx_word' id='word_1_212' title='bbox 1289 3557 1346 3614; x_wconf 91' lang='lat' dir='ltr'>per</span> <span class='ocrx_word' id='word_1_213' title='bbox 1368 3541 1473 3598; x_wconf 90' lang='lat' dir='ltr'>omnia</span> 
     </span>
     <span class='ocr_line' id='line_1_27' title="bbox 202 3648 1475 3721; baseline -0.002 -15"><span class='ocrx_word' id='word_1_214' title='bbox 202 3649 234 3706; x_wconf 91' lang='lat' dir='ltr'>in</span> <span class='ocrx_word' id='word_1_215' title='bbox 258 3648 378 3720; x_wconf 88' lang='lat' dir='ltr'>eodem,</span> <span class='ocrx_word' id='word_1_216' title='bbox 402 3664 473 3706; x_wconf 88' lang='lat' dir='ltr'>cum</span> <span class='ocrx_word' id='word_1_217' title='bbox 498 3649 588 3706; x_wconf 90' lang='lat' dir='ltr'>dictis</span> <span class='ocrx_word' id='word_1_218' title='bbox 620 3651 741 3707; x_wconf 90' lang='lat' dir='ltr'>civibus</span> <span class='ocrx_word' id='word_1_219' title='bbox 771 3654 880 3707; x_wconf 91' lang='lat' dir='ltr'>mutuo</span> <span class='ocrx_word' id='word_1_220' title='bbox 913 3657 942 3706; x_wconf 91' lang='lat' dir='ltr'>et</span> <span class='ocrx_word' id='word_1_221' title='bbox 973 3649 1111 3706; x_wconf 88' lang='lat' dir='ltr'>vicissim</span> <span class='ocrx_word' id='word_1_222' title='bbox 1134 3648 1281 3705; x_wconf 86' lang='lat' dir='ltr'>duximus</span> <span class='ocrx_word' id='word_1_223' title='bbox 1305 3663 1475 3721; x_wconf 88' lang='lat' dir='ltr'>prorogan-</span> 
     </span>
     <span class='ocr_line' id='line_1_28' title="bbox 203 3752 1474 3829; baseline -0.002 -16"><span class='ocrx_word' id='word_1_224' title='bbox 203 3755 286 3813; x_wconf 87' lang='lat' dir='ltr'>dam.</span> <span class='ocrx_word' id='word_1_225' title='bbox 310 3755 427 3813; x_wconf 91' lang='lat' dir='ltr'>Datum</span> <span class='ocrx_word' id='word_1_226' title='bbox 451 3756 482 3812; x_wconf 91' lang='lat' dir='ltr'>in</span> <span class='ocrx_word' id='word_1_227' title='bbox 505 3753 584 3812; x_wconf 79' lang='lat' dir='ltr'>testo</span> <span class='ocrx_word' id='word_1_228' title='bbox 607 3756 697 3812; x_wconf 91' lang='lat' dir='ltr'>beate</span> <span class='ocrx_word' id='word_1_229' title='bbox 722 3757 850 3829; x_wconf 83' lang='lat' dir='ltr'>Agnetis</span> <span class='ocrx_word' id='word_1_230' title='bbox 873 3755 1004 3826; x_wconf 90' lang='lat' dir='ltr'>virginis</span> <span class='ocrx_word' id='word_1_231' title='bbox 1027 3761 1057 3810; x_wconf 89' lang='lat' dir='ltr'>et</span> <span class='ocrx_word' id='word_1_232' title='bbox 1081 3754 1225 3810; x_wconf 89' lang='lat' dir='ltr'>martiris.</span> <span class='ocrx_word' id='word_1_233' title='bbox 1250 3755 1339 3810; x_wconf 84' lang='lat' dir='ltr'>Anno</span> <span class='ocrx_word' id='word_1_234' title='bbox 1356 3752 1474 3810; x_wconf 90' lang='lat' dir='ltr'>domini</span> 
     </span>
     <span class='ocr_line' id='line_1_29' title="bbox 203 3860 675 3920; baseline 0.002 -2"><span class='ocrx_word' id='word_1_235' title='bbox 203 3861 376 3919; x_wconf 90' lang='lat' dir='ltr'>millesimo</span> <span class='ocrx_word' id='word_1_236' title='bbox 400 3860 563 3920; x_wconf 90' lang='lat' dir='ltr'>CCCLXX</span> <span class='ocrx_word' id='word_1_237' title='bbox 587 3877 675 3919; x_wconf 85' lang='lat' dir='ltr'>nono</span> 
     </span>
    </p>
   </div>
   <div class='ocr_carea' id='block_1_7' title="bbox 201 3994 1474 4136">
    <p class='ocr_par' dir='ltr' id='par_1_7' title="bbox 201 3994 1474 4136">
     <span class='ocr_line' id='line_1_30' title="bbox 295 3994 1474 4064; baseline -0.003 -17"><span class='ocrx_word' id='word_1_238' title='bbox 295 3997 437 4062; x_wconf 86' lang='lat' dir='ltr'>Originale</span> <span class='ocrx_word' id='word_1_239' title='bbox 457 3997 484 4046; x_wconf 88' lang='lat' dir='ltr'>in</span> <span class='ocrx_word' id='word_1_240' title='bbox 503 3998 602 4056; x_wconf 84' lang='lat' dir='ltr'>charta,</span> <span class='ocrx_word' id='word_1_241' title='bbox 616 4013 630 4048; x_wconf 87' lang='lat' dir='ltr'>a</span> <span class='ocrx_word' id='word_1_242' title='bbox 650 4005 726 4064; x_wconf 87' lang='lat' dir='ltr'>tergo</span> <span class='ocrx_word' id='word_1_243' title='bbox 740 3997 882 4062; x_wconf 86' lang='lat' dir='ltr'>vestigium</span> <span class='ocrx_word' id='word_1_244' title='bbox 903 3995 1025 4061; x_wconf 85' lang='lat' dir='ltr'>impressi</span> <span class='ocrx_word' id='word_1_245' title='bbox 1045 3995 1129 4060; x_wconf 89' lang='lat' dir='ltr'>sigilli</span> <span class='ocrx_word' id='word_1_246' title='bbox 1144 3995 1307 4060; x_wconf 87' lang='lat' dir='ltr'>capitularis.</span> <span class='ocrx_word' id='word_1_247' title='bbox 1321 3995 1352 4046; x_wconf 92' lang='lat' dir='ltr'>In</span> <span class='ocrx_word' id='word_1_248' title='bbox 1364 3994 1474 4045; x_wconf 88' lang='lat' dir='ltr'>archivo</span> 
     </span>
     <span class='ocr_line' id='line_1_31' title="bbox 201 4085 607 4136; baseline 0 -1"><span class='ocrx_word' id='word_1_249' title='bbox 201 4085 284 4135; x_wconf 84' lang='lat' dir='ltr'>Acad.</span> <span class='ocrx_word' id='word_1_250' title='bbox 305 4085 403 4136; x_wconf 87' lang='lat' dir='ltr'>Scieut.</span> <span class='ocrx_word' id='word_1_251' title='bbox 426 4085 495 4136; x_wconf 79' lang='lat' dir='ltr'>Slav.</span> <span class='ocrx_word' id='word_1_252' title='bbox 514 4086 607 4135; x_wconf 88' lang='lat' dir='ltr'>merid.</span> 
     </span>
    </p>
   </div>
   <div class='ocr_carea' id='block_1_8' title="bbox 794 4303 882 4370">
    <p class='ocr_par' dir='ltr' id='par_1_8' title="bbox 794 4303 882 4370">
     <span class='ocr_line' id='line_1_32' title="bbox 794 4303 882 4370; baseline 0.023 -2"><span class='ocrx_word' id='word_1_253' title='bbox 794 4303 882 4370; x_wconf 79' lang='lat'><strong>286.</strong></span> 
     </span>
    </p>
   </div>
   <div class='ocr_carea' id='block_1_9' title="bbox 309 4443 811 4510">
    <p class='ocr_par' dir='ltr' id='par_1_9' title="bbox 309 4443 811 4510">
     <span class='ocr_line' id='line_1_33' title="bbox 309 4443 811 4510; baseline 0.004 -18"><span class='ocrx_word' id='word_1_254' title='bbox 309 4445 386 4493; x_wconf 80' lang='lat' dir='ltr'>Anno</span> <span class='ocrx_word' id='word_1_255' title='bbox 408 4451 483 4508; x_wconf 81' lang='lat'>1379,</span> <span class='ocrx_word' id='word_1_256' title='bbox 502 4454 542 4493; x_wconf 83' lang='lat'>20.</span> <span class='ocrx_word' id='word_1_257' title='bbox 562 4443 633 4494; x_wconf 85' lang='lat' dir='ltr'>maii.</span> <span class='ocrx_word' id='word_1_258' title='bbox 656 4444 811 4510; x_wconf 85' lang='lat' dir='ltr'>Zagrabiae.</span> 
     </span>
    </p>
   </div>
   <div class='ocr_carea' id='block_1_10' title="bbox 208 4570 1470 4756">
    <p class='ocr_par' dir='ltr' id='par_1_10' title="bbox 208 4570 1470 4756">
     <span class='ocr_line' id='line_1_34' title="bbox 208 4570 1470 4649; baseline 0.001 -21"><span class='ocrx_word' id='word_1_259' title='bbox 208 4570 361 4630; x_wconf 82' lang='lat' dir='ltr'>Tmm&#39;nus</span> <span class='ocrx_word' id='word_1_260' title='bbox 384 4574 457 4631; x_wconf 85' lang='lat' dir='ltr'>iuris</span> <span class='ocrx_word' id='word_1_261' title='bbox 479 4573 595 4632; x_wconf 80' lang='lat' dir='ltr'>dicendi</span> <span class='ocrx_word' id='word_1_262' title='bbox 615 4575 646 4630; x_wconf 81' lang='lat' dir='ltr'>in</span> <span class='ocrx_word' id='word_1_263' title='bbox 669 4592 758 4632; x_wconf 85' lang='lat' dir='ltr'>causo</span> <span class='ocrx_word' id='word_1_264' title='bbox 784 4575 940 4648; x_wconf 73' lang='lat' dir='ltr'>capitulum</span> <span class='ocrx_word' id='word_1_265' title='bbox 968 4573 1151 4649; x_wconf 78' lang='lat' dir='ltr'>zagrobiense</span> <span class='ocrx_word' id='word_1_266' title='bbox 1173 4575 1250 4632; x_wconf 81' lang='lat' dir='ltr'>inter</span> <span class='ocrx_word' id='word_1_267' title='bbox 1271 4581 1299 4632; x_wconf 86' lang='lat' dir='ltr'>et</span> <span class='ocrx_word' id='word_1_268' title='bbox 1318 4571 1470 4631; x_wconf 87' lang='lat' dir='ltr'>communi-</span> 
     </span>
     <span class='ocr_line' id='line_1_35' title="bbox 510 4681 1166 4756; baseline 0 -18"><span class='ocrx_word' id='word_1_269' title='bbox 510 4688 595 4738; x_wconf 78' lang='lat' dir='ltr'>tatem</span> <span class='ocrx_word' id='word_1_270' title='bbox 625 4681 823 4751; x_wconf 80' lang='lat' dir='ltr'>Greclunsom,</span> <span class='ocrx_word' id='word_1_271' title='bbox 846 4683 947 4739; x_wconf 82' lang='lat' dir='ltr'>iterum</span> <span class='ocrx_word' id='word_1_272' title='bbox 962 4683 1166 4756; x_wconf 76' lang='lat' dir='ltr'>prolongatur.</span> 
     </span>
    </p>
   </div>
   <div class='ocr_carea' id='block_1_11' title="bbox 204 4823 1473 5110">
    <p class='ocr_par' dir='ltr' id='par_1_11' title="bbox 204 4823 1473 5110">
     <span class='ocr_line' id='line_1_36' title="bbox 290 4823 1473 4898; baseline -0.001 -17"><span class='ocrx_word' id='word_1_273' title='bbox 290 4823 355 4881; x_wconf 93' lang='lat' dir='ltr'>Nos</span> <span class='ocrx_word' id='word_1_274' title='bbox 378 4825 551 4898; x_wconf 90' lang='lat' dir='ltr'>capitulum</span> <span class='ocrx_word' id='word_1_275' title='bbox 573 4825 702 4882; x_wconf 89' lang='lat' dir='ltr'>ecclesie</span> <span class='ocrx_word' id='word_1_276' title='bbox 733 4825 948 4897; x_wconf 87' lang='lat' dir='ltr'>zagrabiensis.</span> <span class='ocrx_word' id='word_1_277' title='bbox 980 4823 1196 4897; x_wconf 80' lang='lat' dir='ltr'>significamus</span> <span class='ocrx_word' id='word_1_278' title='bbox 1220 4829 1325 4882; x_wconf 88' lang='lat' dir='ltr'>tenore</span> <span class='ocrx_word' id='word_1_279' title='bbox 1349 4839 1473 4898; x_wconf 90' lang='lat' dir='ltr'>presen-</span> 
     </span>
     <span class='ocr_line' id='line_1_37' title="bbox 204 4929 1472 5005; baseline 0 -19"><span class='ocrx_word' id='word_1_280' title='bbox 204 4930 284 4986; x_wconf 90' lang='lat' dir='ltr'>cium</span> <span class='ocrx_word' id='word_1_281' title='bbox 310 4931 424 5003; x_wconf 90' lang='lat' dir='ltr'>quibus</span> <span class='ocrx_word' id='word_1_282' title='bbox 448 4929 573 5005; x_wconf 83' lang='lat' dir='ltr'>expedit</span> <span class='ocrx_word' id='word_1_283' title='bbox 597 4931 758 5000; x_wconf 90' lang='lat' dir='ltr'>universis,</span> <span class='ocrx_word' id='word_1_284' title='bbox 783 4930 866 5004; x_wconf 91' lang='lat' dir='ltr'>quod</span> <span class='ocrx_word' id='word_1_285' title='bbox 891 4947 946 4988; x_wconf 91' lang='lat' dir='ltr'>nos</span> <span class='ocrx_word' id='word_1_286' title='bbox 969 4947 1102 5002; x_wconf 89' lang='lat' dir='ltr'>causam,</span> <span class='ocrx_word' id='word_1_287' title='bbox 1126 4947 1186 5004; x_wconf 90' lang='lat' dir='ltr'>que</span> <span class='ocrx_word' id='word_1_288' title='bbox 1206 4931 1291 4988; x_wconf 86' lang='lat' dir='ltr'>iuxta</span> <span class='ocrx_word' id='word_1_289' title='bbox 1316 4931 1472 4987; x_wconf 90' lang='lat' dir='ltr'>continen-</span> 
     </span>
     <span class='ocr_line' id='line_1_38' title="bbox 204 5035 1472 5110; baseline 0 -18"><span class='ocrx_word' id='word_1_290' title='bbox 204 5035 283 5093; x_wconf 89' lang='lat' dir='ltr'>ciam</span> <span class='ocrx_word' id='word_1_291' title='bbox 305 5037 482 5095; x_wconf 88' lang='lat' dir='ltr'>litterarum</span> <span class='ocrx_word' id='word_1_292' title='bbox 502 5039 774 5095; x_wconf 84' lang='lat' dir='ltr'>arbitratoriarum</span> <span class='ocrx_word' id='word_1_293' title='bbox 791 5039 850 5095; x_wconf 92' lang='lat' dir='ltr'>sub</span> <span class='ocrx_word' id='word_1_294' title='bbox 866 5039 977 5110; x_wconf 91' lang='lat' dir='ltr'>sigillis</span> <span class='ocrx_word' id='word_1_295' title='bbox 994 5039 1133 5110; x_wconf 91' lang='lat' dir='ltr'>magistri</span> <span class='ocrx_word' id='word_1_296' title='bbox 1150 5037 1241 5109; x_wconf 88' lang='lat' dir='ltr'>Petri,</span> <span class='ocrx_word' id='word_1_297' title='bbox 1259 5037 1333 5095; x_wconf 91' lang='lat' dir='ltr'>dicti</span> <span class='ocrx_word' id='word_1_298' title='bbox 1349 5035 1472 5106; x_wconf 75' lang='lat' dir='ltr'>chistre,</span> 
     </span>
    </p>
   </div>
   <div class='ocr_carea' id='block_1_12' title="bbox 1336 5157 1366 5207">
    <p class='ocr_par' dir='ltr' id='par_1_12' title="bbox 1336 5157 1366 5207">
     <span class='ocr_line' id='line_1_39' title="bbox 1336 5157 1366 5207; baseline 0.1 -3"><span class='ocrx_word' id='word_1_299' title='bbox 1336 5157 1366 5207; x_wconf 85' lang='lat'>18</span> 
     </span>
    </p>
   </div>
   <div class='ocr_carea' id='block_1_13' title="bbox 0 0 1868 5806">
    <p class='ocr_par' dir='ltr' id='par_1_13' title="bbox 0 0 1868 5806">
     <span class='ocr_line' id='line_1_40' title="bbox 0 0 1868 5806; baseline 0 0"><span class='ocrx_word' id='word_1_300' title='bbox 0 0 1868 5806; x_wconf 95' lang='lat' dir='ltr'> </span> 
     </span>
    </p>
   </div>
  </div>
 </body>
</html>
