3600 5804
539 547 612 605 Dec.
637 543 686 624 83.
712 543 762 624 84.
789 579 825 589 -
852 545 908 604 Aa.
932 560 1022 622 1292.
1382 563 1418 620 71

163 759 254 820 pensa
282 745 502 814 caruissemus;
533 759 589 802 nos
620 747 702 803 enirn
733 746 911 803 necessitate
942 746 1095 820 compulsi
1130 777 1165 786 -
1196 776 1231 785 -
1265 746 1422 819 quandam

161 859 268 909 terram
292 857 431 908 nostram
455 867 509 908 seu
532 851 685 924 predium,
709 850 793 924 quod
817 851 953 924 Gragina
976 859 1172 926 nuncupatur
1195 883 1230 891 -
1253 883 1288 892 -
1308 851 1420 909 -de-

163 957 258 1015 dimus
280 972 333 1014 seu
358 957 547 1014 contulimus
569 957 600 1014 in
623 957 752 1030 pignore
774 957 864 1014 Petro
880 957 1076 1026 Theotonic0‚
1094 955 1217 1016 cuidam
1234 959 1335 1030 probo
1352 958 1421 1016 viro

162 1069 189 1121 et
211 1064 335 1120 honesto
359 1079 418 1138 pro
441 1063 551 1136 viginti
575 1068 697 1136 septem
725 1063 838 1120 marcis
870 1063 1007 1137 plenarie
1031 1064 1071 1120 ab
1095 1079 1131 1120 eo
1154 1063 1286 1137 receptis
1313 1093 1349 1102 -
1379 1094 1415 1102 -

164 1201 210 1228 —.
230 1169 346 1226 Datum
371 1170 402 1227 in
426 1169 589 1242 quindenis
619 1170 833 1243 apostolorum
867 1169 948 1228 Petri
978 1175 1008 1228 et
1041 1168 1194 1240 Pauli,'in
1217 1169 1341 1228 civitate
1365 1169 1420 1226 Za-

164 1275 320 1348 grabiensi.
344 1277 435 1333 Anno
458 1275 575 1332 domini
600 1275 683 1332 MCC
706 1277 905 1348 nonagesimo
929 1275 1070 1334 secundo

240 1393 362 1443 Wenczel
384 1393 491 1443 Gustav.
512 1392 604 1442 Codex
625 1392 734 1458 diplom.
754 1393 923 1459 Arpadianus
942 1394 1117 1452 continuatus,
1136 1395 1187 1445 vol.
1211 1395 1249 1444 18.
1269 1409 1294 1458 p.
1317 1399 1357 1457 79.

756 1625 818 1691 83.

259 1767 336 1816 Anno
358 1775 432 1829 1292,
453 1767 494 1816 26.
514 1765 668 1816 decembris.
688 1765 840 1831 Zagrabiae.

164 1891 290 1950 Andreas
314 1891 374 1948 Ill.
401 1893 574 1965 Hungaraae
596 1901 643 1950 ete.
667 1911 729 1960 rex,
751 1911 832 1966 quem
856 1893 961 1950 Pelius
982 1891 1090 1950 Slavus
1112 1893 1145 1950 de
1169 1893 1421 1950 attaminarunt

210 1997 349 2072 frequens
372 1999 520 2068 ambiebat,
544 1999 732 2072 passessiones
754 1998 814 2055 eius
835 2017 855 2054 a
877 1998 1096 2072 quibuscumque
1118 1998 1231 2056 tributis
1255 2000 1361 2056 eximit.

244 2140 306 2198 Nos
330 2141 471 2199 Andreas
494 2141 544 2200 dei
566 2143 671 2216 gracia
694 2157 749 2200 rex
773 2141 915 2214 Vngarie.
932 2140 1149 2214 significamus
1166 2142 1279 2214 quibus
1295 2141 1421 2215 expedit

166 2247 349 2319 presencium
378 2263 436 2320 per
465 2253 612 2318 tenorem,
644 2245 729 2319 quod
759 2262 815 2304 nos
846 2247 1036 2305 attendentas
1066 2245 1232 2304 fidelitates
1259 2253 1289 2303 et
1312 2247 1419 2305 fidelia

165 2352 284 2409 servicia
313 2352 396 2410 Petri
425 2351 536 2422 Sclaui,
568 2351 606 2410 de
636 2353 706 2409 vico
736 2353 924 2424 latinorum,
947 2353 1107 2411 servientis
1137 2353 1240 2423 nostri,
1265 2369 1302 2410 ex
1336 2353 1421 2425 regia

165 2463 259 2514 nostra
289 2457 503 2515 munificencia
533 2458 612 2515 hanc
641 2457 742 2516 eidem
772 2458 909 2530 graciam
940 2457 1086 2516 duximus
1121 2457 1309 2515 faciendam:
1334 2457 1417 2531 quod

166 2563 262 2620 nullus
291 2563 390 2620 banus
412 2579 471 2636 pro
493 2569 633 2638 tempore
661 2565 844 2622 constitutus
867 2564 919 2621 vel
942 2563 1093 2622 officiales
1116 2564 1256 2636 ipsorum
1280 2579 1333 2620 seu
1355 2563 1418 2621 col·

167 2669 288 2726 lectores
317 2670 413 2727 nostri
445 2670 611 2728 cuiuslibet
642 2670 770 2728 collecte
804 2685 862 2744 pro
893 2671 983 2728 nobis
1014 2671 1043 2727 in
1076 2684 1260 2743 quocunque
1287 2669 1419 2727 articulo

168 2774 305 2846 exigende
327 2775 358 2832 in
390 2777 582 2848 possessione
605 2775 679 2833 dicti
709 2775 809 2845 Petri;
833 2775 916 2846 lvan,
940 2775 999 2833 filii
1022 2775 1154 2844 Martini,
1179 2776 1300 2847 cognati
1324 2775 1420 2849 ipsius

167 2887 193 2936 et
212 2880 385 2952 Domaldin,
417 2881 552 2954 proximi
583 2881 764 2939 eorumdem
786 2896 822 2938 ac
845 2881 984 2939 filiorum
1006 2896 1134 2938 suorum
1158 2881 1418 2953 possessione...

170 2983 327 3060 Scepnicha
358 2993 474 3058 vocata,
506 2987 691 3046 hereditaria
713 2987 905 3058 eorumdem,
928 2986 1060 3044 audeant
1084 2987 1135 3044 vei
1159 2993 1340 3060 presumant
1363 2987 1419 3045 ali·

171 3093 291 3164 qualiter
312 3095 477 3150 molestare
501 3095 551 3150 vel
576 3095 707 3152 turbare.
736 3095 772 3150 Et
795 3099 829 3151 ut
852 3092 1029 3152 huiusmodi
1053 3100 1157 3150 nostra
1180 3093 1283 3165 gracia
1306 3093 1420 3165 regalis

171 3197 273 3255 eisdem
296 3197 374 3256 iacta
398 3215 455 3273 per
477 3201 659 3274 quempiam
682 3201 779 3274 possit
803 3200 970 3270 retractari,
994 3199 1190 3274 presentibus
1215 3203 1356 3256 nostrum
1380 3198 1418 3256 si·

172 3304 273 3376 gilium
293 3304 439 3362 duximus
462 3305 689 3379 apponendum.
714 3305 829 3363 Datum
853 3304 1010 3379 Zagrabie,
1029 3305 1059 3362 in
1078 3305 1156 3362 iesto
1174 3305 1255 3362 beati
1271 3303 1420 3378 Stephani

172 3411 300 3469 martiris.
324 3413 414 3469 Anno
437 3411 554 3470 domini
579 3411 842 3470 MCCLXXXXH.

247 3545 327 3596 Liber
352 3547 421 3612 priv.
447 3553 564 3613 appulus.
590 3547 695 3614 zagrab.
715 3563 739 3613 p.
759 3559 800 3609 41.
819 3549 893 3614 Joan.
914 3545 1023 3598 Thalete
1042 3547 1110 3597 Mon.
1131 3547 1190 3598 hist.
1210 3546 1288 3612 episc.
1309 3547 1414 3612 zagrab.

170 3631 186 3682 Ι.
204 3650 225 3699 p.
244 3644 299 3692 230.

263 3901 337 3950 Anno
359 3910 432 3963 1292.
452 3899 605 3966 Zagrabiae.
757 3812 821 3878 ⁸4.

171 4007 307 4077 Nicotaus,
329 4009 489 4066 aaloslavi
517 4009 640 4067 Herkuk
660 4011 748 4084 filius
769 4017 960 4084 cognatusque
982 4009 1145 4084 Stephanus
1167 4011 1337 4068 marastm'o
1361 4010 1419 4067 He-

170 4117 321 4172 remitarum
352 4123 459 4173 terram
488 4116 587 4172 Leuca
610 4117 641 4172 iu
664 4116 846 4191 refrigerium
869 4118 983 4173 animae
1006 4117 1166 4174 Mimlaai
1187 4117 1318 4184 Herkuk,
1347 4117 1420 4172 dana

715 4221 859 4280 dederuut.

247 4364 424 4438 Capitulum
448 4367 656 4438 zagrabiensis
679 4366 814 4424 ecclesie.
830 4366 982 4424 Omnibus
998 4365 1111 4423 Christi
1132 4365 1278 4424 fidelibus
1295 4381 1420 4440 presens

171 4469 308 4541 scriptum
337 4471 522 4544 inspecturis
552 4471 684 4529 salutem
715 4472 745 4528 in
780 4472 920 4532 omnium
943 4471 1105 4529 salvatore.
1133 4470 1179 4528 Ad
1203 4472 1419 4529 universorum

170 4574 300 4632 noticiam
324 4577 435 4634 harum
458 4577 536 4634 serie
559 4576 706 4634 volumus
729 4577 900 4651 pervenire,
925 4575 1007 4650 quod
1036 4576 1162 4648 Mihula,
1179 4576 1246 4634 filio
1263 4576 1420 4648 Myrozlai,

169 4675 319 4754 Stephano,
350 4683 417 4740 filio
449 4681 576 4756 Georgii
606 4683 646 4740 ab
678 4698 738 4740 una
769 4689 865 4756 parte,
882 4685 937 4750 ab
960 4683 1058 4741 altera
1081 4699 1156 4740 vero
1180 4683 1275 4740 fratre
1298 4683 1419 4740 Venero

170 4785 261 4856 priore
282 4796 310 4845 et
334 4788 429 4846 fratre
461 4787 551 4847 Petro
581 4793 781 4862 procuratore
811 4787 943 4848 fratrum
966 4790 1188 4847 heremitarum
1211 4789 1249 4846 de
1273 4788 1367 4846 domo
1390 4795 1420 4846 et

171 4899 308 4951 conventu
339 4895 424 4952 iuxta
456 4894 648 4967 Zagrabiam‚
679 4911 737 4969 pro
764 4893 872 4953 eodem
897 4900 1049 4953 conventu
1073 4911 1178 4953 coram
1202 4895 1291 4952 nobis
1315 4908 1419 4968 perso·

171 4997 269 5057 naliter
299 5001 479 5073 constitutis,
510 5001 604 5059 iidem
635 5001 763 5074 Mykula
793 5008 824 5060 et
852 5002 1027 5076 Stephanus
1054 5001 1210 5075 quandam
1233 5000 1419 5076 particulam
