3782 5812
764 591 952 662 Argumenta.
1370 587 1483 652 CXCV

235 873 278 926 ⁴28.
298 875 374 922 Auno
396 881 472 929 1252.
492 883 532 922 20
554 872 619 922 sehr.
639 872 753 922 Perusii.
768 871 934 923 Innocentius
945 871 992 922 1v.
1007 871 1086 936 Papa,
1100 871 1240 922 coufirmat
1252 872 1377 938 episcopo

300 961 467 1026 zagrabiensi
491 962 680 1027 possessionem
704 961 822 1024 aliquam
847 976 931 1028 prope
957 959 1115 1026 Zagrahiam
1141 959 1233 1025 (hodie
1253 961 1377 1012 Medved-

298 1049 380 1114 grad)
400 1064 415 1098 a
437 1064 500 1116 rege
520 1050 584 1098 Bela
601 1049 648 1100 IV.
669 1051 792 1099 donatam
812 1073 1372 1089 ·······························

238 1167 279 1218 ²9·
300 1157 377 1206 Auno
399 1165 474 1213 1252.
495 1165 536 1216 24.
551 1155 653 1220 aprilis.
667 1155 796 1208 Suburbii
809 1155 926 1206 ciuitatis
940 1153 1097 1206 Grechensis
1112 1169 1196 1214 „nova
1208 1154 1289 1206 villa·'
1305 1155 1378 1216 dicti,

301 1257 431 1294 memorre
445 1269 861 1284 ·······················
873 1283 878 1294 .
891 1269 1003 1283 ·······
1016 1279 1022 1290 .
1033 1267 1377 1284 ····················

237 1359 281 1409 30.
302 1351 379 1400 Anno
401 1359 477 1410 1254.
500 1352 539 1400 18.
559 1347 635 1412 Julii.
655 1349 783 1414 Anagnie.
803 1349 1028 1400 InnocentiuslV.
1040 1349 1119 1414 Papa,
1133 1347 1260 1408 concedit,
1272 1347 1378 1400 utiesto

301 1455 322 1489 s.
341 1438 468 1504 Stephani
489 1438 559 1502 regis
580 1438 608 1489 in
628 1439 737 1488 ecclesia
757 1439 904 1488 cathedrali
917 1439 1023 1504 ragrab.
1039 1437 1219 1504 indulgentiae
1233 1437 1381 1488 uuiusanni

304 1533 331 1576 et
348 1537 391 1588 40.
412 1526 516 1577 dierum
536 1529 739 1592 promulgentur
750 1553 1377 1568 ····································

239 1625 283 1675 31.
303 1619 380 1665 Anno
402 1618 478 1674 1256.
498 1626 540 1666 21.
559 1617 659 1667 martii.
679 1617 758 1682 Apud
777 1617 874 1666 Albam
893 1617 1001 1667 curiam.
1023 1616 1085 1666 l3ela
1104 1616 1151 1666 lV.
1165 1616 1380 1682 Hungariaeetc.

301 1720 350 1754 rex
378 1705 498 1755 concedit
525 1705 627 1756 civibus
654 1706 686 1754 de
715 1711 802 1755 monte
831 1705 918 1756 Greeh
946 1704 1075 1756 nundinas
1099 1705 1143 1756 die
1171 1703 1275 1756 festos.
1296 1704 1382 1756 Marci

303 1795 483 1860 evangelistae
500 1819 1378 1835 ··················································

239 1891 282 1940 32.
303 1883 379 1931 Anno
401 1891 476 1940 1251.
498 1891 540 1941 3ο.
560 1881 658 1932 martii.
679 1883 781 1937 Petrus,
799 1882 1001 1933 archidiaconus
1024 1882 1193 1941 cathedralis,
1212 1882 1382 1948 permittente

303 1985 365 2036 rege
392 1971 455 2020 Bela
479 1970 535 2030 lv„
554 1971 687 2021 monachis
707 1972 765 2021 ord.
788 1971 976 2037 cysterciensis
996 1971 1022 2021 in
1043 1971 1128 2022 insula
1147 1971 1245 2036 Egidii,
1265 1971 1312 2022 ubi
1332 1986 1382 2036 pro

303 2059 358 2108 illis
376 2059 564 2110 aedificaverat
589 2062 650 2110 eccl.
671 2061 696 2110 b.
721 2077 744 2111 v.
769 2061 879 2120 Mariae,
899 2060 1001 2124 aliquas
1020 2061 1195 2127 possessiones
1213 2067 1238 2110 et
1258 2061 1310 2110 tria
1328 2075 1382 2110 ruo·

305 2149 411 2199 lendina
429 2149 574 2215 Zagrabiae
593 2151 651 2209 sita,
671 2152 760 2201 donat.
769 2175 1380 2190 ···································

1385 797 1479 852 Pagina.

1451 1061 1484 1110 24

1453 1251 1485 1301 25

242 2247 286 2297 33.
307 2243 383 2287 Anno
406 2247 480 2295 1257.
503 2239 651 2288 Alexander
671 2239 719 2290 lv.
740 2240 811 2305 Papa
830 2239 957 2298 coneedit,
986 2245 1016 2290 ut
1038 2237 1105 2288 festo
1125 2255 1145 2290 s.
1166 2238 1291 2306 Stephani
1311 2238 1382 2304 regis
1468 2227 1471 2232 ¹

304 2327 331 2376 in
349 2327 461 2376 ecclesia
481 2327 625 2377 cathedrali
645 2328 819 2394 ragrabiensi‚
840 2327 1021 2392 indulgentiae
1032 2328 1110 2378 unius
1123 2328 1184 2378 anni
1198 2335 1223 2378 et
1234 2338 1270 2388 40
1280 2328 1384 2378 dierum

304 2417 511 2481 promulgentur
518 2442 1380 2457 ·············································

243 2513 286 2564 34.
306 2507 382 2554 Anno
405 2511 480 2561 1257.
501 2505 652 2554 Alexander
671 2504 717 2555 lV.
738 2505 817 2571 Papa,
837 2505 957 2556 concedit
977 2469 1006 2556 ut
1025 2503 1091 2555 iesto
1110 2521 1130 2556 s.
1142 2505 1259 2555 Ladislai
1273 2507 1345 2570 regis
1359 2504 1386 2554 in

305 2594 368 2642 eccl.
389 2592 536 2642 cathedrali
556 2593 737 2658 indulgentiae
755 2593 832 2642 unius
851 2593 912 2644 anni
931 2599 956 2643 et
969 2593 1127 2654 40.dierum
1146 2595 1382 2658 promulgatum·
1459 2605 1473 2644 a

244 2683 482 2740 35.Ann01258.
512 2689 554 2734 27.
574 2681 645 2734 maii.
672 2681 798 2733 l'rterbii.
828 2684 981 2732 Alexander
1005 2682 1052 2732 IV.
1072 2688 1144 2747 pont.
1164 2697 1233 2734 max.
1262 2682 1386 2747 episcopo

305 2769 471 2832 ragrabieuai
491 2769 625 2836 Philippo,
645 2770 782 2820 ecclesiam
800 2771 978 2820 cathedralem
992 2771 1019 2820 in
1031 2772 1090 2820 loco
1105 2770 1203 2836 aptiori
1217 2771 1386 2821 construendi

306 2859 428 2909 concedit
447 2837 599 2910 facultatem
614 2889 616 2894 .
630 2885 1382 2900 ·········································

247 2949 289 3007 36.
309 2952 385 2997 aluno
408 2950 482 3005 1258.
502 2957 526 3004 5.
545 2945 622 3010 Juni.
643 2947 707 2998 Bela
726 2949 772 3000 IV.
792 2949 947 3014 ilungariac
966 2956 1015 3000 etc.
1035 2964 1091 3007 rex,
1111 2948 1256 3008 constituit,
1274 2955 1302 3000 ut
1315 2949 1386 3000 cives

308 3038 448 3086 demente
469 3037 563 3094 Grech‚
583 3037 708 3086 ducentas
729 3039 910 3088 tantummodo
935 3053 1028 3103 pensas
1047 3053 1098 3102 pro
1116 3052 1203 3088 annuo
1223 3053 1300 3088 censu
1319 3039 1388 3088 bano

307 3127 420 3176 solvant.
442 3125 565 3190 Assiguat
579 3140 685 3190 quoque
699 3125 797 3176 eisdem
811 3127 837 3176 in
851 3142 925 3176 usum
940 3133 1037 3176 terram
1051 3129 1177 3192 regalem,
1188 3141 1267 3190 quam
1278 3127 1389 3178 Serblan

310 3221 403 3266 vooent
417 3241 1384 3256 ····················································
1462 3231 1476 3268 2

250 3315 290 3364 37.
310 3307 387 3355 aluno
410 3314 484 3367 1259.
505 3314 529 3363 3.
550 3305 652 3370 aprilis.
675 3305 738 3355 Bela
757 3307 803 3356 ll'.
825 3305 979 3370 ilungariae
1000 3313 1048 3356 etc.
1066 3321 1121 3362 rex,
1141 3306 1169 3354 in
1187 3306 1242 3356 lite.
1262 3321 1341 3368 (luam
1354 3307 1388 3355 ci·

309 3397 377 3446 vitas
396 3394 572 3460 zagrabrensis
591 3410 651 3444 cum
664 3396 850 3444 archidiacono
867 3396 944 3444 Petro
958 3397 991 3445 de
1004 3396 1107 3444 duobus
1124 3395 1282 3444 molendinis
1296 3397 1390 3458 agebat

311 3493 390 3547 atque
411 3484 444 3532 ab
458 3485 550 3533 eodem
561 3484 746 3533 archidiacono
758 3485 892 3534 monachis
902 3485 960 3534 ord.
973 3485 1161 3550 Cysterciensis
1172 3485 1283 3541 donatis,
1298 3486 1390 3534 eadem

310 3571 433 3638 predicto
453 3573 612 3622 monasterio
632 3573 766 3622 adiudicat
776 3597 1385 3612 ···································

253 3661 291 3717 38.
310 3662 387 3711 Anno
409 3670 484 3725 1259.
505 3661 568 3711 Bcla
587 3661 632 3710 IV.
652 3661 803 3722 liunuariae
822 3673 870 3712 etc.
891 3678 946 3718 rex.
976 3662 1003 3711 in
1023 3661 1077 3720 lite,
1097 3676 1176 3724 quam
1197 3661 1305 3710 l’erinus
1324 3675 1390 3710 mer-

312 3755 464 3800 caturcum
492 3750 596 3800 civibus
625 3750 741 3800 civitatis
769 3752 866 3801 montis
895 3750 1050 3800 Greehcnsis
1078 3752 1110 3799 de
1139 3757 1210 3799 terra
1239 3749 1391 3798 Ambrosini

313 3839 416 3904 agebat,
436 3839 544 3888 eandem
564 3839 626 3888 visis
646 3839 826 3889 instrumenta
843 3840 947 3890 civibus
967 3840 1102 3913 adiudicat
1131 3863 1387 3880 ···············

254 3933 295 3989 39.
315 3929 391 3976 Anno
415 3936 489 3990 1259,
509 3935 533 3986 3.
553 3928 608 3977 dee.
629 3928 773 3992 Anagniae.
794 3930 946 3978 Alexander
965 3927 1013 3980 lv.
1033 3929 1105 3993 Papa
1122 3929 1261 3978 confirmat
1274 3917 1395 3977 donabo*

316 4031 374 4065 nem
392 4018 507 4066 duorum
526 4015 738 4066 molendinorum
758 4018 905 4080 Zagrabiae
934 4032 949 4066 a
974 4017 1036 4066 Bela
1061 4017 1108 4067 lv.
1129 4017 1223 4066 iactam
1242 4017 1304 4065 ecel.
1323 4016 1347 4064 b.
1369 4031 1392 4065 v.

315 4104 416 4154 Mariae
436 4107 493 4154 ord.
515 4105 737 4172 Cysterciensium
758 4129 1389 4144 ····································

253 4205 295 4253 40.
315 4196 389 4242 Auno
412 4195 486 4244 1261.
509 4193 592 4243 Maria
617 4194 707 4259 regina
733 4195 888 4258 ilungariac
917 4194 1021 4243 ciuibus
1050 4193 1245 4242 Grechensibus
1274 4191 1393 4240 debitum

315 4282 486 4332 ducentarum
506 4297 653 4346 pensarum,
674 4297 738 4346 quus
758 4284 823 4332 bano
838 4284 973 4332 nrrnuatim
987 4285 1088 4332 solvere
1104 4283 1268 4338 tenebantur,
1282 4281 1393 4338 relaxat,

315 4385 419 4432 unaque
439 4371 559 4420 concedit
580 4371 643 4436 ipsis
663 4371 704 4420 ius
722 4371 872 4421 conserendi
895 4373 1050 4420 beneficium
1072 4371 1223 4436 parochiale
1240 4395 1388 4410 ········

255 4467 296 4517 41.
316 4461 391 4508 Anno
414 4461 486 4508 1261.
508 4461 658 4508 Alexander
677 4461 723 4511 IV.
745 4461 814 4524 Papa
844 4461 971 4513 concedit,
1000 4467 1028 4509 ut
1050 4460 1115 4508 iusto
1135 4476 1154 4509 s.
1176 4459 1294 4508 Ladislai
1314 4457 1393 4522 regis¹

317 4563 346 4596 ac
366 4546 437 4597 inira
455 4548 591 4598 octiduum
610 4548 637 4598 in
656 4551 719 4598 eccl.
739 4550 886 4599 cathedrali
916 4550 1096 4612 indulgentiae
1124 4549 1201 4598 unius
1231 4549 1292 4598 anni
1317 4554 1342 4597 et
1362 4559 1397 4606 40

316 4635 419 4685 dieram
439 4638 643 4702 promulgentur
650 4663 1387 4678 ··········································

257 4735 297 4784 42.
317 4727 365 4774 An.
389 4725 465 4790 1263,
484 4736 524 4774 22.
544 4727 683 4791 septembr.
706 4728 783 4791 Apud
805 4728 904 4779 Urbem
926 4735 1048 4778 veterem.
1069 4727 1223 4776 Timotheus
1238 4727 1270 4776 nb
1287 4727 1396 4777 llrbano

319 4813 364 4862 lv.
385 4815 413 4862 P.
428 4815 526 4863 electus
540 4815 696 4878 praeficitur
716 4816 742 4865 in
756 4817 908 4881 episcopum
923 4818 1127 4880 zagrabicnsem.
1149 4818 1168 4864 C
1172 4816 1258 4864 ivitati
1275 4822 1299 4863 et
1315 4817 1395 4867 clere.

317 4909 346 4951 ui
365 4903 449 4952 eidem
469 4904 564 4952 devote
583 4905 716 4962 obediant,
740 4908 937 4954 commendatur
950 4929 1383 4944 ·························

258 4999 298 5049 43.
318 4993 393 5042 Anno
415 4993 490 5051 1264,
515 5003 534 5042 1.
552 4993 674 5058 januarii.
696 4995 774 5059 Apud
796 4995 896 5046 Urbem
916 5001 1037 5043 veterem.
1059 4995 1171 5044 Eventio
1186 4994 1342 5058 presbytero
1357 5005 1397 5039 ca·

319 5080 455 5132 nonicatus
474 5083 651 5147 zagrabiensis
670 5089 696 5133 et
715 5084 866 5148 praehenda
886 5083 1022 5134 confertur
1030 5105 1393 5124 ·····················

1466 4376 1497 4426 31

1467 4644 1500 4692 32

1464 4910 1496 4956 33

1471 5086 1505 5137 34
