3600 5804
395 523 453 584 118
809 521 881 579 Doc.
906 514 974 596 136.
1003 552 1039 561 -
1065 520 1120 576 An.
1145 513 1233 595 1326.

392 720 598 778 concessimus
620 718 738 776 litteras
761 718 856 790 sigilli
874 717 972 775 nostri
987 716 1149 791 pendentis
1164 716 1334 774 munimine
1354 715 1527 772 roboratas.
1545 713 1658 770 Datum

393 826 442 885 die
476 825 598 883 sabbati
629 823 709 882 inira
739 830 865 882 octavas
901 823 983 880 beati
1014 823 1172 880 Michaelis
1203 821 1389 894 archangeli.
1423 822 1511 878 Anno
1544 819 1661 877 domini

392 931 562 988 MCCCXX
586 935 680 988 sexto

482 1065 622 1133 Originale
641 1065 668 1116 in
687 1066 846 1124 membrana,
864 1064 964 1115 sericea
982 1079 1075 1114 crocea
1088 1079 1152 1114 zona
1167 1064 1298 1128 dependet
1310 1064 1409 1126 absque
1422 1061 1520 1127 sigillo.
1536 1061 1578 1110 Ex
1592 1061 1658 1110 arch.

393 1171 449 1206 ven.
469 1155 547 1222 capit.
566 1155 670 1222 zagrab.

986 1348 1070 1414 136.

497 1494 575 1542 Anno
596 1491 670 1550 1326,
690 1492 730 1542 28.
751 1489 905 1540 decembris.
924 1489 1064 1540 Avinione.

393 1619 535 1677 Ladirlao
558 1620 640 1676 electo
663 1617 854 1693 zagrabirnsz',
876 1619 1091 1676 constituuntur
1110 1625 1324 1676 conservatores
1347 1618 1454 1674 tartum
1477 1617 1657 1674 abonorum

924 1725 986 1782 eccl.
1009 1724 1127 1797 zagrab.

481 1886 631 1944 Iohannes
647 1886 812 1960 episcopus
827 1901 935 1948 servus
951 1901 1113 1944 servorum
1130 1886 1187 1944 dei.
1200 1886 1441 1944 Venerabilibus
1455 1885 1603 1943 fratribus
1615 1931 1620 1941 .
1634 1930 1655 1940 ..

393 1993 627 2067 archiepiscopo
650 1990 886 2066 salzeburgensi
916 1998 947 2050 et
977 2038 983 2050 .
1008 2039 1014 2050 .
1042 2039 1047 2050 .
1073 1992 1395 2066 Quinqueecclesiensi
1428 2008 1464 2049 ac
1495 2038 1531 2049 ..
1557 2037 1561 2048 .
1588 1990 1656 2047 Ves-

393 2099 553 2172 primiensi
584 2099 746 2172 episcopis,
777 2098 911 2156 salutem
940 2104 970 2156 et
1002 2099 1205 2173 apostolicam
1236 2097 1491 2156 benedictionem.
1523 2097 1571 2154 Ad
1603 2097 1656 2152 hoc

393 2220 449 2264 nos
481 2205 556 2262 deus
586 2205 716 2278 pretulit
746 2206 777 2262 in
808 2204 928 2262 familia
963 2205 1074 2262 domus
1097 2221 1159 2276 sue,
1183 2209 1217 2261 ut
1238 2212 1416 2278 opportuna
1438 2204 1569 2277 singulis
1593 2218 1656 2276 per-

394 2311 478 2369 sonis
501 2311 617 2368 auxilia
639 2309 743 2368 fidelis
766 2311 924 2369 servitutis
948 2312 1082 2369 iniuncte
1105 2310 1269 2384 prudentia
1293 2326 1351 2384 pro
1374 2315 1515 2384 tempore
1539 2310 1655 2382 dispen-

393 2423 502 2488 santes,
515 2431 624 2474 eorum
636 2418 799 2490 presertim
812 2418 1044 2475 necessitatibus
1057 2416 1260 2487 intendamus
1273 2432 1472 2474 occurramus
1485 2413 1655 2489 dispendiis,

393 2524 539 2598 ipsosque
565 2523 606 2580 ab
630 2524 887 2597 oppressionibus
909 2523 1093 2594 relevemus,
1125 2525 1178 2596 qui
1202 2523 1354 2597 assumpti
1377 2523 1407 2580 in
1432 2529 1553 2596 partem
1576 2519 1654 2577 solli·

394 2629 538 2686 citudinis
570 2629 700 2703 potioris
730 2633 801 2686 sunt
832 2629 989 2702 dignitatis
1013 2630 1104 2687 titulo
1128 2629 1271 2701 insigniti.
1295 2627 1373 2686 Sane
1397 2628 1502 2686 dilecti
1526 2627 1583 2684 filii
1605 2625 1654 2682 la-

394 2735 486 2794 dislai
508 2735 597 2792 electi
620 2735 826 2808 zagabriensis
850 2736 1067 2809 conquestione
1089 2735 1295 2809 percepimus,
1324 2735 1407 2808 quod
1422 2734 1543 2792 nonulli
1559 2731 1654 2789 clerici

394 2857 430 2899 ac
459 2841 663 2898 ecclesiastice
686 2856 824 2914 persone,
853 2846 917 2898 tam
941 2841 1085 2914 religiose
1108 2857 1204 2915 quam
1230 2843 1385 2899 seculares
1407 2841 1439 2899 in
1462 2841 1654 2914 dignitatibus

395 2953 426 3006 et
448 2947 665 3035 personatibus
689 2948 860 3020 constitute,
881 2963 937 3004 nec
953 2963 1013 3005 non
1029 2947 1131 3019 duces,
1148 2948 1350 3018 marchiones,
1367 2949 1503 3019 comites,
1521 2949 1652 3014 barones,

395 3055 546 3126 advocati,
569 3054 699 3126 nobiles,
719 3054 842 3126 milites
860 3055 1074 3112 universitates
1090 3060 1272 3124 castrorum,
1289 3054 1486 3128 oppidorum,
1503 3055 1651 3119 villarum,

395 3167 425 3220 et
455 3161 510 3220 alii
541 3161 714 3234 singulares
748 3163 955 3234 zagabriensis
986 3163 1119 3220 civitatis
1150 3167 1180 3218 et
1207 3161 1338 3220 diocesis
1370 3177 1405 3219 ac
1428 3162 1565 3234 partium
1586 3157 1652 3216 vici·

395 3283 505 3325 narum
531 3271 728 3341 occuparunt,
759 3272 789 3324 et
813 3269 957 3342 occupari
990 3267 1126 3325 fecerunt
1150 3273 1259 3339 castra,
1282 3268 1385 3340 villas,
1410 3268 1532 3338 casalia,
1556 3273 1651 3332 terras,

395 3374 613 3447 possessiones
644 3373 805 3445 vassallos,
836 3374 985 3452 homines,
1015 3374 1090 3444 iura,
1125 3373 1351 3431 iurisdictiones
1374 3378 1405 3430 et
1427 3373 1577 3431 nonnulla
1597 3367 1651 3426 alia

395 3479 477 3536 bona
508 3479 639 3536 mobilia
677 3483 707 3535 et
742 3479 917 3536 immobilia
951 3479 991 3536 ad
1022 3495 1162 3537 mensam
1199 3495 1288 3536 suam
1326 3480 1537 3554 episcopalem
1572 3489 1650 3547 zaga·

393 3585 549 3642 briensem
572 3585 750 3658 spectantia,
774 3589 804 3642 et
819 3601 855 3642 ea
870 3584 1006 3642 detinent
1023 3592 1174 3658 occupata
1189 3601 1242 3642 seu
1258 3585 1437 3643 huiusmodi
1453 3583 1651 3642 detinentibus

393 3694 533 3764 prestant
562 3690 716 3747 auxilium
747 3696 777 3747 et
804 3689 961 3761 favorem;
996 3691 1144 3749 nonnulle
1175 3707 1299 3765 quoque
1330 3691 1390 3748 alie
1414 3706 1543 3765 persone
1566 3686 1651 3747 eccle·

394 3795 514 3854 siastice
537 3794 690 3852 seculares
721 3800 751 3852 et
781 3796 948 3868 regulares
984 3797 1085 3868 duces,
1117 3799 1253 3868 comites,
1277 3799 1409 3854 barones
1431 3803 1462 3854 et
1484 3797 1601 3854 nobiles
1621 3806 1651 3848 ac

395 3901 611 3959 universitates
642 3905 673 3958 et
703 3901 875 3974 singulares
905 3919 1036 3976 persone
1067 3907 1248 3975 castrorum,
1283 3904 1441 3974 villarum,
1473 3902 1650 3976 oppidorum

395 4007 528 4065 civitatis
559 4011 590 4063 et
618 4005 749 4064 diocesis
779 4022 815 4064 ac
846 4009 982 4082 partium
1014 4009 1225 4084 predictarum
1255 4009 1293 4066 de
1324 4008 1506 4080 redditibus,
1529 4019 1650 4081 proven·

395 4113 487 4184 tibus,
519 4112 656 4184 decimis,
688 4113 839 4184 censibus,
871 4115 991 4173 iuribus
1022 4123 1052 4172 et
1083 4117 1177 4173 rebus
1207 4117 1277 4173 aliis
1307 4115 1346 4173 ad
1378 4115 1492 4173 dictam
1522 4123 1650 4171 mensam

395 4219 607 4293 spectantibus
630 4218 731 4276 eidem
767 4220 865 4278 electo
889 4221 941 4278 vel
964 4221 1030 4278 eius
1052 4222 1176 4279 vicariis
1199 4227 1252 4280 aut
1274 4222 1527 4296 procuratoribus
1551 4219 1650 4277 nolunt

397 4325 592 4398 aliquatenus
615 4325 811 4398 respondere,
836 4327 979 4384 nonnulli
1002 4329 1095 4385 etiam
1119 4328 1251 4386 civitatis
1275 4334 1305 4386 et
1328 4329 1459 4386 diocesis
1475 4345 1509 4386 ac
1524 4326 1649 4402 partium

396 4429 615 4505 predictarum,
646 4431 700 4504 qui
728 4447 841 4489 nomen
871 4431 988 4490 domini
1020 4435 1051 4490 in
1084 4450 1218 4492 vacuum
1245 4437 1382 4509 recipere
1402 4451 1462 4493 non
1486 4433 1649 4496 formidant,

395 4535 496 4594 eidem
520 4536 618 4593 electo
641 4537 672 4594 in
697 4538 814 4609 castris,
831 4539 925 4609 villis,
942 4541 1105 4612 casalibus,
1123 4541 1221 4613 terris,
1238 4543 1493 4615 possessionibus
1509 4537 1649 4599 vassallis,

394 4643 581 4714 hominibus,
598 4643 805 4714 libertatibus
821 4645 1078 4718 immunitatibus,
1095 4647 1511 4720 iu1ibus,iurisdictionibus,
1529 4646 1611 4705 bonis
1624 4649 1648 4696 et

393 4750 487 4807 rebus
502 4748 571 4806 aliis
595 4748 635 4806 ad
658 4764 798 4806 mensam
815 4750 987 4824 predictam
1003 4754 1213 4826 spectantibus
1229 4754 1420 4827 multiplices
1435 4755 1597 4822 molestias,
1612 4751 1648 4806 in·

395 4855 490 4918 iurias
506 4852 640 4911 inferunt
656 4859 686 4911 et
702 4855 841 4912 iacturas.
858 4855 962 4928 Quare
979 4857 1077 4916 dictus
1096 4860 1210 4916 electus
1225 4860 1315 4917 nobis
1331 4860 1492 4918 humiliter
1507 4858 1648 4934 supplica·

394 4961 448 5033 vit,
464 4965 498 5018 ut
521 4975 591 5017 cum
613 4959 707 5018 valde
732 4959 861 5019 difficile
883 4961 1032 5022 reddatur
1047 4964 1149 5023 eidem
1164 4980 1222 5040 pro
1238 4965 1369 5039 singulis
1384 4966 1520 5039 querelis
1535 4964 1573 5024 ad
1586 4972 1647 5035 apo
