3600 5804
461 575 535 634 Doc.
560 571 612 633 86.
637 571 686 652 87.
713 608 750 618 -
776 575 832 632 An.
856 585 1072 652 1294-1295.

735 770 799 837 86.

243 913 316 962 Circa
335 927 374 962 an,
397 921 471 974 1294,
491 920 531 968 23.
551 910 631 976 Junii.
652 909 750 960 Budae.

173 1041 292 1099 Andreas
314 1040 373 1097 ΙΙΙ.
398 1039 573 1112 Huugoriae
595 1046 641 1096 etc.
665 1057 727 1106 rex,
750 1039 909 1096 nutriendis
932 1039 1090 1096 custodibus
1112 1040 1142 1094 in
1165 1027 1231 1095 arce
1251 1037 1383 1106 Medued,

496 1162 638 1201 cameram
660 1143 694 1201 de
719 1144 868 1218 Zograbio
889 1146 1026 1218 assignat.

227 1307 359 1368 Andreas
383 1307 433 1366 dei
455 1307 559 1381 gracia
581 1323 637 1364 rex
661 1308 826 1380 Hungarie.
856 1306 1016 1365 Fidelibus
1046 1307 1110 1364 suis
1133 1306 1172 1364 de
1195 1311 1299 1364 monte
1323 1305 1393 1364 Gre-

149 1413 221 1472 censi
242 1413 370 1471 salutem
393 1419 423 1471 et
443 1413 582 1486 graciam
606 1413 731 1486 plenam
755 1427 827 1470 cum
850 1411 1027 1470 dileccione.
1052 1411 1215 1482 Noveritis,
1239 1410 1322 1484 quod
1340 1426 1398 1485 pro

148 1535 188 1590 eo,
208 1519 285 1592 quod
307 1519 345 1577 de
368 1524 470 1577 castro
495 1525 600 1576 nostro
632 1517 752 1576 Medwe
782 1523 901 1590 vocatu,
931 1518 1022 1576 vobis
1053 1523 1083 1575 et
1112 1517 1149 1575 ad
1179 1533 1235 1574 vos
1258 1521 1398 1592 spectan-

148 1625 222 1683 tibus
250 1641 303 1698 per
336 1625 481 1682 comitem
520 1625 664 1697 Gyanum
697 1625 785 1682 illata
815 1623 908 1682 fuisse
938 1624 1082 1682 dicuntur
1116 1627 1307 1693 nocumenta,
1342 1637 1398 1680 nos

149 1733 209 1804 ipsa
230 1732 381 1804 cupientes
403 1737 588 1788 nocumenta
610 1746 628 1788 a
651 1731 743 1788 vobis
774 1735 804 1788 et
835 1731 945 1788 vestris
975 1744 1130 1800 amovere,
1161 1743 1317 1786 cameram
1345 1741 1398 1786 no·

148 1843 234 1894 stram
255 1835 292 1893 de
314 1835 467 1910 Zagrabia
489 1835 590 1894 eidem
614 1837 702 1894 Gano
726 1835 872 1894 duximus
896 1834 1115 1894 conferendam
1139 1835 1189 1906 ita,
1212 1839 1246 1892 ut
1260 1833 1397 1908 amplius

148 1942 182 2000 de
202 1942 304 2001 eodem
328 1949 429 2000 castro
452 1949 557 2001 nostro
580 1943 703 2000 nullum
727 1949 947 2000 nocumentum
978 1941 1085 2000 inferri
1113 1944 1319 2016 presumatur,
1342 1937 1397 1996 sed

147 2049 180 2107 de
200 2051 304 2108 nostris
326 2051 420 2108 rebus
443 2049 585 2108 custodes
607 2051 788 2109 nutriantur.
811 2048 844 2108 Si
867 2051 921 2122 qui
940 2053 1044 2107 autem
1060 2053 1166 2106 contra
1181 2047 1239 2105 hoc
1255 2050 1396 2104 nostrum

148 2163 314 2230 preceptum
337 2161 608 2230 presumpnentur‚
632 2155 721 2214 nobis
745 2157 775 2214 in
798 2155 910 2213 vestris
934 2154 1032 2212 literis
1052 2153 1165 2211 curetis
1188 2153 1339 2222 intimare,
1362 2154 1395 2207 ut

147 2261 227 2318 huius
248 2262 383 2320 mandati
406 2262 503 2319 nostri
533 2267 774 2334 transgressores
804 2261 898 2335 digna
928 2261 1050 2318 ulcione
1080 2275 1137 2333 per
1159 2273 1214 2316 nos
1238 2257 1394 2316 feriantur.

146 2367 248 2425 Datum
270 2368 362 2439 Buris,
386 2369 417 2426 in
440 2368 549 2440 vigilia
572 2368 654 2427 beati
676 2367 825 2452 Johannis
846 2368 989 2442 baptiste.

223 2504 302 2554 Liber
321 2505 391 2570 pris.
411 2511 530 2571 eppatus.
549 2505 653 2571 zagrab.
680 2503 725 2554 iol.
750 2505 791 2554 66.
811 2505 838 2554 in
857 2503 967 2554 archivo
986 2503 1214 2569 archiepiscopali,
1241 2499 1394 2567 Zagrabiee.

150 2621 176 2630 -
194 2593 263 2659 Joan.
281 2593 397 2644 Tkaliie.
422 2593 493 2644 Mon.
516 2593 577 2644 hist.
602 2593 716 2659 episcop.
744 2593 849 2659 aagrab.
875 2591 894 2643 1.
915 2609 939 2659 p.
961 2601 1019 2652 233.

734 2875 795 2945 87.

238 3038 312 3088 Anno
333 3045 408 3100 1295,
428 3045 451 3094 s.
468 3035 590 3101 januarii.
610 3035 762 3102 Zagrabiae.

147 3163 271 3224 Meuiuus
292 3167 466 3224 castellanus
486 3166 521 3224 de
543 3166 671 3224 Medmd
689 3167 804 3242 eiusque
819 3168 923 3243 frater
940 3165 1075 3244 Janinus
1096 3183 1159 3223 cum
1181 3165 1339 3238 hospitibus
1360 3163 1395 3228 de

146 3279 226 3328 monte
252 3271 412 3330 Grechensi
432 3274 591 3330 iuramento
613 3291 670 3330 sese
692 3275 810 3330 enziuem
834 3275 868 3331 de
883 3292 939 3330 non
956 3273 1112 3348 inferendis
1127 3273 1243 3329 iniuriis
1258 3271 1392 3344 obligant.

221 3434 280 3492 Nos
303 3435 459 3518 lohannes
481 3435 683 3493 miseracione
706 3435 812 3494 divina
841 3437 1006 3510 episcopus
1029 3433 1236 3508 zagrabiensis
1259 3441 1290 3492 et
1312 3435 1395 3508 capi·

148 3539 236 3598 tulum
256 3541 318 3598 loci
341 3541 487 3598 eiusdem.
515 3539 731 3615 significamus
762 3542 876 3615 quibus
906 3541 1032 3616 expedit
1062 3541 1222 3610 universis,
1246 3540 1396 3598 memorie

146 3646 389 3718 commendantes,
413 3646 496 3720 quod
520 3663 623 3705 comes
643 3647 752 3706 Nicola
775 3647 960 3706 castellanus
976 3645 1093 3705 domini
1109 3647 1190 3718 regis
1213 3645 1251 3703 de
1275 3644 1406 3704 Medwe'

146 3755 170 3805 et
189 3750 308 3832 Janinus
332 3751 428 3810 irater
451 3753 597 3824 eiusdem,
621 3753 662 3810 ab
691 3769 750 3812 una
782 3761 879 3828 parte,
910 3759 940 3811 et
970 3753 1110 3812 Andreas
1137 3752 1238 3810 maior
1261 3751 1337 3809 ville
1360 3766 1396 3808 ac

147 3855 313 3915 universitas
336 3858 452 3916 civium
477 3858 678 3918 Grecensium
701 3875 739 3916 ex
762 3859 868 3930 altera,
890 3861 920 3918 in
943 3859 1040 3918 nostri
1070 3857 1229 3933 presencia
1251 3872 1395 3931 persono

146 3959 206 4019 liter
226 3965 389 4035 constituti,
413 3965 558 4023 omnibus
581 3967 697 4037 litibus,
725 3965 965 4025 adversitatibus
988 3972 1019 4024 et
1041 3965 1214 4024 inimiciciis
1234 3981 1329 4040 super
1351 3966 1395 4022 in·

147 4066 227 4140 iuriis,
249 4069 394 4144 dampnis
416 4077 446 4128 et
470 4087 671 4145 personarum
695 4073 895 4146 capcionibus
918 4089 972 4132 seu
989 4072 1221 4130 detencionibus
1237 4072 1308 4129 hinc
1325 4069 1395 4128 inde

146 4170 272 4246 irrogatis
294 4175 373 4234 inter
396 4191 448 4234 eos
469 4179 592 4234 racione
615 4177 776 4236 occisionis
800 4179 939 4251 Petrilce,
963 4178 1023 4237 filii
1046 4177 1137 4250 Benk,
1161 4177 1305 4248 subortis,
1326 4179 1395 4252 paci

147 4281 321 4338 consulentes
352 4282 438 4340 iuxta
468 4283 648 4340 mandatum
676 4284 794 4342 domini
825 4286 914 4359 regis,
945 4287 1067 4359 penitus
1097 4285 1315 4342 renuntiarunt
1344 4285 1394 4354 ita,

148 4383 219 4453 quod
246 4387 401 4459 predictus
431 4377 539 4446 comes
564 4388 674 4448 Nicola
696 4395 727 4448 et
756 4391 884 4474 Janinus
914 4391 1010 4450 irater
1033 4407 1107 4448 suus
1137 4407 1173 4448 ac
1201 4389 1333 4463 quilibet
1364 4391 1393 4448 in

147 4502 238 4548 eorum
260 4495 391 4553 servicio
414 4496 571 4554 constituti
593 4502 645 4554 aut
667 4496 707 4554 ad
731 4498 815 4572 ipsos
839 4497 1025 4572 pertinentes
1046 4502 1187 4572 pretextu
1215 4495 1395 4554 huiusmodi

147 4592 324 4657 adversitatis
346 4601 399 4658 rel
422 4600 610 4660 detencionis
633 4617 837 4676 personarum
862 4603 985 4677 amodo,
1007 4604 1096 4662 nulla
1119 4601 1256 4676 dampna
1272 4618 1324 4659 seu
1342 4615 1395 4658 no-

147 4709 272 4761 cumenta
293 4706 345 4763 vel
366 4707 493 4764 iniurias
516 4708 644 4781 aliquas,
677 4711 841 4783 presertim
872 4709 969 4768 donec
1001 4709 1084 4768 idem
1107 4724 1211 4766 comes
1233 4707 1343 4765 Nicola
1362 4711 1396 4772 ,et

148 4802 229 4865 irater
249 4825 321 4868 suus
345 4811 516 4870 custodiam
532 4815 777 4874 conservacionis
793 4816 885 4874 castri
901 4815 1011 4873 Medue
1026 4815 1195 4886 habebunt,
1215 4814 1395 4872 memoratis

148 4911 251 4973 oribus
273 4923 303 4974 et
323 4916 363 4975 ad
386 4933 438 4975 eos
462 4918 654 4991 quibuslibet
676 4921 902 4995 pertinentibus
924 4920 1072 4979 inferrent
1087 4926 1140 4979 aut
1155 4919 1262 4978 inferri
1285 4919 1396 4976 facient

149 5019 291 5081 manieste
314 5023 366 5081 vel
389 5024 517 5096 occulte,
541 5031 571 5083 et
593 5041 687 5100 super
709 5027 769 5085 hoc
791 5027 930 5086 cavendo
953 5033 983 5086 et
1012 5027 1208 5087 observando
1231 5025 1395 5086 inviolabi-
