3600 5804
799 575 871 633 Doc.
897 589 959 651 203
996 609 1031 616 —-
1058 576 1114 632 Aa
1138 569 1229 652 1346.

381 777 493 833 marcis
517 777 627 833 talium
660 792 763 833 rerum
795 782 825 832 et
858 775 1131 832 mercimoniarum
1162 775 1352 848 recipiuntur
1382 773 1445 830 duo
1477 774 1594 832 denarii
1616 785 1644 832 et

381 883 425 939 sic
449 897 522 954 pars
546 883 718 939 centesima.
743 882 829 952 Item,
854 881 891 938 de
915 881 1045 953 singulis
1077 881 1220 937 curribus
1249 879 1428 953 ponderatis
1451 895 1645 952 quocumque

384 987 486 1058 blad0,
511 987 662 1059 frugibus
694 988 809 1060 singuli
840 995 973 1060 quatuor
1004 986 1120 1044 denarii
1151 1002 1169 1042 a
1201 986 1360 1042 venditore
1382 992 1411 1042 et
1434 987 1578 1043 similiter
1605 989 1644 1043 ab

381 1099 531 1168 emptore,
555 1099 585 1150 et
609 1094 667 1151 hoc
691 1093 773 1151 idem
797 1092 1000 1168 duplicatum,
1031 1093 1086 1150 tali
1110 1091 1203 1149 modo
1226 1108 1351 1165 semper
1381 1092 1644 1164 subintelligendo

382 1201 411 1258 in
436 1200 581 1256 omnibus
604 1204 634 1256 et
657 1199 786 1272 singulis
819 1200 912 1257 rebus
941 1198 1154 1272 infrascriptis,
1178 1198 1353 1272 specialiter
1385 1198 1435 1254 vel
1460 1199 1644 1269 generaliter

381 1305 620 1375 subintellectis;
644 1310 727 1377 puta,
751 1306 777 1362 si
800 1305 913 1362 dIcitur
936 1305 1076 1362 debore
1101 1321 1179 1362 unus
1198 1303 1342 1362 denarius
1365 1305 1416 1361 vel
1440 1319 1499 1361 ove
1525 1305 1645 1369 obulus,

381 1415 453 1468 tunc
483 1411 675 1482 intelligitur,
706 1411 788 1482 quod
821 1411 876 1468 llle
906 1410 1049 1468 denarius
1080 1412 1132 1468 vel
1162 1411 1276 1467 obulus
1306 1411 1408 1484 primo
1439 1426 1457 1467 a
1484 1409 1645 1466 venditore

383 1516 513 1574 debetur
535 1525 564 1574 et
587 1515 710 1574 tandem
734 1518 774 1574 ab
798 1524 939 1590 emptore
960 1523 990 1574 et
1013 1519 1056 1575 sic
1080 1517 1118 1574 de
1141 1517 1298 1574 similibus
1321 1516 1359 1574 de
1386 1517 1497 1574 maiori
1528 1523 1558 1572 et
1589 1516 1645 1573 mi-

384 1624 452 1680 nori
476 1623 652 1695 quantitate.
669 1623 754 1693 ltem,
771 1623 809 1680 de
824 1624 954 1696 singulis
970 1623 1160 1696 ponderibus
1175 1637 1326 1694 equorum
1343 1639 1415 1680 cum
1434 1622 1531 1679 blado
1548 1622 1645 1694 quali-

381 1744 515 1801 cumque
538 1728 600 1786 duo
622 1729 747 1786 denarii.
771 1731 856 1800 Item,
882 1729 919 1786 de
942 1730 1073 1801 smgulis
1102 1729 1223 1785 baculis
1249 1744 1342 1797 ceree,
1371 1729 1484 1800 sloguli
1510 1727 1644 1786 denarii:

380 1841 410 1892 et
433 1835 471 1892 de
494 1836 624 1908 singulis
647 1837 748 1893 stariis
779 1837 861 1905 salis,
893 1851 929 1892 ac
959 1835 1089 1907 singulis
1121 1835 1216 1908 peciis
1246 1833 1320 1892 ferri
1347 1834 1448 1905 secati,
1474 1833 1644 1906 quomodo-

381 1957 514 2015 cumque
546 1949 576 1999 et
606 1941 822 2014 undecumque
853 1940 1039 2009 deferantur,
1071 1941 1184 2012 singuli
1215 1941 1311 1998 obuli.
1342 1940 1427 2010 Item,
1457 1940 1496 1997 de
1518 1940 1645 2012 siugulis

380 2049 523 2105 curribus
547 2063 618 2104 cum
653 2049 726 2106 vino
749 2048 890 2117 oneratis,
922 2045 984 2103 duo
1016 2045 1141 2103 denarii.
1172 2047 1258 2114 Item,
1282 2047 1320 2103 de
1348 2046 1480 2118 siugulis
1503 2047 1645 2103 curribus

381 2155 512 2228 piscium
536 2154 717 2223 recencium,
750 2169 803 2210 sex
834 2153 959 2210 denarii.
991 2152 1077 2223 Item,
1108 2151 1146 2209 de
1177 2153 1307 2224 singulis
1338 2153 1481 2210 curribus
1513 2153 1644 2226 piscium

380 2261 542 2329 salsorum,
567 2259 730 2316 duodecim
754 2259 887 2328 denarii;
911 2259 989 2315 etsi
1016 2273 1126 2316 usones
1149 2257 1271 2328 fuerint,
1305 2258 1344 2316 de
1368 2259 1499 2331 singulis
1530 2258 1646 2315 denarii

380 2383 441 2424 sex.
466 2366 550 2434 Item,
575 2365 613 2422 de
638 2366 755 2438 lagenis
778 2367 840 2423 olei
863 2371 892 2422 et
908 2365 1030 2422 ficubus
1046 2381 1081 2422 ac
1097 2366 1166 2422 uvis
1181 2367 1289 2438 passis,
1313 2381 1373 2438 que
1396 2364 1434 2422 de
1458 2366 1544 2422 ultra
1561 2380 1643 2422 mare

380 2471 559 2542 afferuntur,
583 2472 812 2529 existimacione
828 2471 988 2543 condigna,
1006 2471 1156 2528 tributum
1174 2473 1329 2545 recipitur.
1347 2473 1433 2542 Item,
1456 2471 1496 2528 de
1515 2471 1645 2543 singulis

380 2578 501 2650 sportis,
526 2593 586 2650 que
610 2579 640 2635 ln
664 2578 839 2635 sclauonico
863 2578 973 2649 wlgari
996 2577 1150 2648 korosnya
1174 2583 1397 2652 nuncupantur,
1423 2578 1558 2650 piscium
1583 2592 1644 2634 ma-

380 2697 521 2755 gnorum,
545 2683 606 2740 duo
628 2683 754 2754 denarii,
779 2691 809 2740 et
832 2683 870 2739 de
889 2684 1058 2754 minorum,
1091 2700 1170 2740 unus
1201 2683 1359 2751 denarius;
1397 2699 1433 2740 ac
1456 2683 1495 2740 de
1516 2683 1644 2756 singulis

380 2788 529 2860 korosnys
553 2804 743 2857 cancrorum,
767 2788 887 2846 obulus.
920 2789 1003 2860 Item,
1035 2789 1073 2846 de
1105 2791 1247 2862 quolibet
1278 2805 1366 2862 equo,
1399 2805 1469 2856 sex;
1501 2795 1533 2846 et
1561 2804 1644 2861 equa,

380 2903 513 2966 quatuor
535 2893 660 2952 denarii
686 2895 772 2964 Item,
796 2895 834 2952 de
857 2896 988 2967 singulis
1011 2895 1203 2969 ponderibus
1227 2896 1389 2952 hominum
1413 2911 1485 2952 cum
1508 2897 1573 2951 tela
1596 2893 1642 2950 vel

380 3015 482 3074 panno
506 3002 663 3057 communi
686 3007 716 3057 et
738 3001 902 3071 similibus
926 3001 988 3059 duo
1019 3001 1152 3071 denarii;
1184 3009 1236 3058 aut
1271 3002 1296 3058 si
1328 3017 1439 3072 mayus
1471 3001 1522 3058 vel
1548 3002 1643 3057 minus

382 3105 482 3176 luerit,
505 3121 565 3180 pro
587 3111 653 3163 rata
676 3107 801 3176 valoris,
825 3108 941 3164 valoris
964 3108 1074 3165 talium
1091 3109 1186 3182 repri
1203 3108 1356 3165 tributum
1373 3107 1543 3164 consuevit.
1562 3107 1643 3170 Item,

383 3213 421 3270 de
444 3213 573 3284 sInguIIs
598 3213 707 3282 bobus,
730 3214 840 3282 vaccis,
871 3214 978 3270 vitulis
1011 3215 1061 3270 vel
1093 3215 1237 3284 iuvencis,
1269 3214 1383 3286 singuli
1411 3213 1538 3270 denarii.
1563 3213 1643 3280 Item,

380 3319 419 3376 de
443 3319 615 3375 minoribus
639 3319 826 3375 animalibus
848 3319 978 3390 singulis
1002 3321 1258 3392 quibuscumque,
1282 3314 1404 3388 obulus
1425 3334 1535 3389 ymmo
1551 3319 1641 3375 eciam

380 3423 419 3480 de
441 3424 571 3496 singulis
594 3424 727 3495 agnellis
750 3430 781 3480 et
804 3423 877 3494 edis,
909 3425 1053 3484 similiter
1083 3426 1204 3496 obulus,
1236 3428 1315 3483 sicut
1337 3425 1396 3482 fuit
1420 3431 1450 3482 et
1473 3419 1550 3483 alias
1574 3439 1641 3482 con·

380 3535 509 3587 svetum.
533 3531 618 3600 Item,
644 3529 682 3586 de
706 3530 836 3601 singulis
860 3531 962 3604 porcis
985 3532 1164 3601 maioribus
1189 3531 1341 3602 denarInS,
1366 3539 1396 3588 et
1412 3531 1451 3588 de
1472 3531 1641 3588 mtnoribus

380 3636 517 3708 siugulis,
542 3637 620 3692 sicut
643 3634 738 3692 medii
769 3637 840 3692 anni
871 3645 901 3693 et
931 3637 1019 3708 inira,
1050 3637 1171 3696 obulus
1204 3653 1240 3693 ac
1271 3636 1309 3694 de
1340 3637 1470 3708 singulis
1497 3637 1644 3707 korosnys

380 3743 600 3816 porcellorum,
631 3741 753 3799 obulus
785 3742 870 3812 Item,
902 3743 940 3799 de
971 3744 1093 3799 cutibus
1123 3743 1306 3799 animalium
1341 3741 1586 3799 domesticorum
1617 3749 1644 3797 et

378 3848 578 3916 silvestrium,
601 3849 715 3919 singuli
739 3847 856 3904 denarii
880 3849 931 3904 vel
955 3849 1052 3919 obuli,
1081 3847 1328 3906 consideracione
1353 3849 1465 3906 talium
1490 3850 1596 3906 habIta
1617 3855 1643 3904 et

381 3954 578 4011 estimacione
601 3953 754 4026 condigna
776 3953 944 4010 secundum
969 3955 1069 4010 maius
1092 3958 1122 4010 et
1145 3955 1262 4023 miuus;
1287 3955 1365 4011 sicut
1388 3953 1447 4011 luit
1470 3955 1550 4012 alias
1572 3969 1638 4011 con-

380 4066 509 4116 suetum.
535 4061 618 4130 Item,
643 4060 680 4116 de
703 4061 832 4131 singulis
855 4060 952 4132 ydriis
976 4061 1088 4131 mellis
1110 4061 1240 4128 obulus;
1264 4069 1294 4118 et
1314 4061 1352 4117 de
1369 4061 1444 4132 edys
1460 4068 1573 4132 tamen,
1595 4060 1644 4132 qui

380 4179 450 4222 cum
475 4166 626 4222 matribus
649 4166 687 4222 ad
725 4165 829 4223 forum
852 4165 1013 4236 ducuntur,
1046 4183 1143 4240 usque
1174 4165 1287 4224 festum
1314 4167 1501 4224 ascensionis
1532 4165 1643 4224 domini

379 4271 474 4328 nichil
498 4284 556 4344 pro
579 4272 695 4328 tributo
718 4272 782 4344 peti
813 4273 978 4330 cousuevit.
1010 4273 1095 4344 Item,
1129 4273 1167 4330 de
1199 4273 1328 4345 sIngulis
1360 4272 1470 4329 tunicis
1503 4279 1534 4329 et
1558 4271 1644 4346 paliis

379 4377 522 4434 virorum
545 4377 596 4433 vel
620 4378 788 4435 mulierum
812 4379 906 4451 panni
928 4379 1029 4450 grisei,
1061 4380 1192 4462 obulus;
1222 4378 1260 4436 de
1293 4379 1362 4436 aliis
1385 4393 1460 4435 vero
1485 4378 1597 4436 tunicis
1618 4385 1645 4433 et

380 4484 537 4540 mantellis
571 4485 697 4541 maioris
722 4484 772 4540 vel
797 4485 925 4541 mtnoris
948 4485 1073 4555 valoris,
1097 4485 1288 4542 considerata
1310 4485 1404 4558 panni
1427 4485 1586 4556 qualitate,
1602 4499 1644 4540 re·

380 4589 441 4662 cipi
464 4590 616 4646 tributum
642 4591 799 4646 consuevit
831 4591 910 4647 clrca
941 4591 1007 4660 hoc,
1037 4597 1129 4665 prout
1160 4589 1218 4648 luit
1245 4592 1322 4648 alias
1346 4595 1537 4648 consuetum.
1561 4591 1641 4657 Item,

379 4692 417 4751 de
443 4695 572 4767 singulis
596 4696 691 4752 saccis
715 4695 801 4752 bladi
817 4697 1037 4768 cuiuscumque
1053 4702 1082 4753 et
1099 4697 1291 4768 leguminum
1306 4695 1344 4753 ad
1363 4694 1485 4770 pondus
1504 4695 1642 4763 hominis,

383 4802 479 4874 recipi
511 4808 736 4858 consveverunt
767 4802 887 4873 singule
919 4803 1107 4858 mensurelle
1137 4803 1202 4859 sive
1234 4802 1412 4872 metretelle,
1436 4802 1517 4860 sicut
1541 4801 1596 4860 luit
1617 4805 1643 4856 et

383 4910 461 4966 alias
484 4914 674 4966 consvetum.
699 4909 784 4973 Item,
809 4908 847 4965 de
869 4910 972 4980 caseis,
995 4909 1033 4965 de
1054 4907 1215 4980 fructibus
1232 4910 1270 4966 de
1286 4908 1356 4978 filis,
1380 4909 1418 4966 de
1438 4909 1505 4966 'llno
1530 4915 1559 4967 et
1580 4907 1643 4965 aliis

379 5015 473 5075 rebus
496 5015 651 5075 similibus
681 5015 732 5075 vel
764 5015 968 5075 dissimilibus
999 5015 1029 5074 in
1061 5016 1236 5074 substancia
1268 5015 1319 5072 vel
1351 5015 1500 5089 qualitate
1530 5015 1642 5075 tollitur
