3728 5806
377 537 437 594 266
802 539 876 596 Doc.
900 538 970 615 276.
989 573 1030 582 -
1052 542 1108 597 An.
1132 552 1217 616 1377.

373 733 455 803 retis,
481 741 572 806 prout
596 735 673 792 alias
696 737 768 793 estis
792 738 928 794 consveti
952 737 1033 795 tacta
1055 739 1142 811 regni
1158 741 1254 797 nostri
1271 740 1443 814 disponere,
1460 742 1532 800 ideo
1549 743 1638 801 dene-

372 855 482 912 gamus
505 841 602 899 alium
626 843 783 900 hominem
807 850 948 902 nostrum
967 845 1033 902 illic
1049 845 1163 903 debere
1180 848 1459 920 transmittendum,
1480 851 1638 923 potissime

371 961 442 1001 cum
468 947 565 1003 eciam
589 947 650 1004 alia
674 947 755 1005 facta
785 949 871 1022 regni
902 951 999 1008 nostri
1034 952 1124 1008 vobis
1158 953 1412 1012 submitteremus
1447 955 1638 1029 disponenda

371 1058 401 1108 et
436 1053 670 1112 reconcilianda.
706 1055 905 1128 Requirimus
944 1057 1038 1129 igitur
1077 1063 1213 1115 vestram
1252 1057 1443 1130 fidelitatem,
1486 1062 1637 1134 vobisque

371 1158 481 1216 damus
512 1159 543 1216 in
574 1160 735 1230 mandatis
768 1169 917 1234 quatenus
948 1162 1029 1220 tacta
1059 1143 1210 1237 premissa
1232 1166 1390 1224 intervos
1413 1175 1443 1225 et
1466 1169 1639 1242 capitulum

373 1280 408 1320 ac
431 1265 529 1322 dictos
553 1267 636 1323 cives
660 1266 771 1338 velitis,
795 1273 917 1326 matura
939 1268 1166 1327 deliberacione
1199 1271 1312 1342 habita,
1340 1271 1444 1330 debite
1466 1273 1639 1332 reformare

371 1370 457 1430 adeo.
483 1377 515 1428 ut
539 1378 602 1428 tarn
625 1372 699 1429 dicti
723 1374 806 1430 cives
829 1377 926 1432 nostri
951 1376 981 1432 in
1004 1377 1139 1449 antiquis
1162 1377 1226 1434 suis
1249 1378 1455 1451 libertatibus,
1473 1395 1567 1453 quam
1583 1395 1639 1438 vos

374 1482 403 1533 et
427 1478 598 1550 capitulum
622 1487 761 1536 vestrum
784 1481 865 1537 circa
897 1482 964 1538 iura
986 1495 1090 1539 vestra
1111 1484 1328 1556 permaneatis,
1355 1501 1393 1541 ne
1418 1486 1509 1542 aliter
1532 1486 1638 1543 eadem

372 1583 480 1640 civitas
508 1590 611 1641 nostra
641 1585 867 1644 desolacionern
903 1589 1057 1661 paciatur;
1093 1590 1232 1662 alioquin
1264 1591 1477 1648 commisimus
1508 1599 1538 1649 et
1569 1609 1640 1666 pre-

373 1690 509 1746 sencium
534 1691 611 1748 serie
637 1694 861 1750 committimus
884 1695 1050 1766 magnifico
1072 1697 1141 1753 viro
1163 1696 1291 1753 domino
1315 1696 1405 1753 Petro
1425 1697 1537 1766 Zudor‚
1554 1701 1638 1771 regni

371 1795 534 1854 Sclauonie
565 1799 646 1854 bano
678 1805 706 1855 et
737 1815 793 1856 suo
824 1801 983 1864 vicebano.
1014 1807 1048 1859 ut
1070 1803 1225 1860 intervos
1249 1809 1280 1859 et
1303 1804 1476 1876 capitulum
1501 1811 1638 1861 vestrum

372 1917 408 1959 ac
430 1901 530 1960 dictos
553 1905 636 1961 cives
659 1910 780 1962 nostros
803 1922 897 1980 super
919 1909 1064 1965 omnibus
1086 1909 1213 1974 iniuriis.
1237 1909 1382 1983 dampnis
1402 1916 1432 1965 et
1448 1911 1639 1967 nocumentis

372 2009 497 2081 plenam
522 2017 552 2066 et
576 2011 789 2068 omnimodam
812 2014 957 2070 exhibeat
982 2014 1226 2072 satisfaccionem
1260 2021 1365 2072 nostra
1396 2017 1425 2072 in
1455 2023 1638 2089 personaret

371 2116 551 2174 auctoritate
585 2117 739 2174 mediante
774 2120 824 2190 ita,
858 2125 892 2176 ut
922 2121 948 2177 si
979 2137 1040 2193 qua
1071 2121 1211 2193 parcium
1235 2120 1273 2177 de
1296 2122 1393 2194 ipsius
1423 2123 1495 2178 bani
1526 2121 1638 2178 iudicio

372 2221 467 2278 vellet
497 2228 681 2294 contentare,
712 2225 812 2297 ipsam
843 2225 881 2283 ad
908 2233 1047 2284 nostrum
1071 2243 1199 2284 examen
1224 2234 1254 2284 et
1277 2228 1515 2300 requisiclonem
1538 2226 1610 2300 pret
1625 2257 1638 2268 -

374 2326 454 2384 tatus
487 2329 584 2385 banus
615 2331 771 2387 remittere
803 2337 956 2401 teneatur;
991 2333 1076 2390 aliud
1107 2335 1201 2406 igitur
1231 2349 1289 2407 pro
1319 2341 1423 2390 nostra
1451 2335 1556 2406 gracia
1578 2349 1637 2391 non

372 2432 516 2490 tacturus.
553 2434 711 2492 Presentes
745 2441 848 2494 autem
879 2438 967 2496 reddi
999 2440 1146 2497 volumus
1170 2441 1356 2512 presentantl
1388 2448 1458 2513 post
1485 2441 1637 2497 lectivam.

371 2539 487 2596 Datum
511 2539 596 2612 Zelii,
619 2541 650 2598 iu
673 2543 780 2615 vigilia
804 2543 873 2602 testi
896 2547 1035 2603 omniurn
1060 2553 1244 2604 sanctorum.
1269 2547 1358 2604 Anno
1388 2546 1508 2604 domini
1538 2547 1637 2603 mille-

373 2646 452 2703 simo
476 2645 639 2704 CCCLXX
662 2650 802 2722 septimo.

462 2783 483 2832 E
502 2781 601 2834 litteris
620 2785 693 2834 Petri
713 2785 808 2845 Zudar,
828 2787 897 2846 bani,
917 2794 947 2838 ut
966 2788 1042 2838 intra.

961 3071 1047 3139 276.

475 3228 551 3275 Auno
573 3235 647 3285 1377,
667 3237 707 3286 31.
728 3228 852 3278 octobris.
871 3228 945 3278 Zelii.

369 3355 534 3412 Ludooe'cus
557 3356 733 3427 Hungariac
756 3363 802 3412 etc.
826 3375 880 3412 rex
902 3374 1019 3414 causam
1042 3359 1118 3415 inter
1138 3360 1211 3416 cives
1240 3359 1414 3417 Grcctrcnses
1433 3379 1467 3417 ac
1483 3365 1636 3436 episcopum

370 3470 398 3519 et
418 3463 573 3535 cupetutum
603 3463 720 3535 zagrab.
744 3482 764 3518 a
786 3463 877 3519 iudice
907 3464 1004 3520 curtae
1025 3482 1095 3520 suae
1117 3465 1161 3520 od
1178 3465 1313 3522 torticium
1335 3466 1440 3523 latiale
1462 3468 1635 3524 transmittit.

460 3623 634 3681 lodouicus
658 3623 708 3680 dei
730 3625 834 3696 gracia
857 3641 912 3682 rex
936 3626 1102 3698 Hungarie‚
1126 3625 1261 3696 Polonie,
1277 3627 1439 3684 Dalmacie
1462 3633 1518 3686 etc.
1542 3628 1639 3686 Fideli

370 3745 426 3787 suo
450 3729 616 3802 magnifico
641 3731 708 3787 viro
732 3730 837 3787 comiti
859 3732 977 3814 Jacobo
1001 3731 1040 3788 de
1063 3729 1187 3804 Scepus,
1211 3731 1304 3789 iudici
1329 3749 1382 3789 sue
1398 3733 1491 3804 curie,
1507 3735 1639 3791 salutem

372 3841 401 3893 et
424 3836 569 3908 graciam.
593 3835 750 3893 Fidelitati
773 3843 875 3894 vestre
899 3837 1009 3895 damus
1025 3839 1056 3895 in
1073 3838 1234 3908 mandatis,
1251 3843 1402 3911 quatenus
1418 3855 1545 3897 causam
1561 3843 1640 3898 inter

371 3942 453 3999 cives
484 3947 605 3998 nostros
636 3941 805 4000 Grecenses
837 3942 875 3999 de
906 3942 1057 4016 Zagrabla
1089 3944 1129 4000 ab
1161 3959 1229 4014 una,
1262 3950 1351 4018 parte
1382 3959 1459 4002 vero
1482 3963 1521 4003 ex
1543 3947 1640 4004 altera

371 4047 451 4105 inter
475 4047 686 4104 venerabilem
710 4047 740 4104 in
764 4048 888 4106 Christo
911 4054 1042 4122 patrem,
1067 4049 1228 4106 dominum
1245 4049 1442 4108 Demetrium
1457 4051 1640 4125 episcopum

372 4153 603 4224 zagrabiensem
626 4158 655 4210 et
679 4154 851 4227 capitulum
874 4154 935 4212 loci
959 4154 1097 4213 eiusdem
1120 4171 1224 4212 coram
1247 4156 1338 4213 vobis
1362 4161 1543 4228 vertentem,
1559 4162 1640 4216 statu

372 4259 402 4316 in
426 4259 535 4316 eodem
569 4260 687 4332 absque
718 4261 804 4317 omni
834 4261 1015 4333 gravamine
1038 4260 1079 4318 ad
1102 4260 1251 4319 iudicium
1276 4268 1305 4318 et
1329 4277 1458 4320 examen
1483 4263 1641 4335 magnifici

371 4365 432 4422 viri
464 4366 545 4423 Petri
576 4365 686 4434 Zudor‚
715 4367 802 4439 regni
831 4368 928 4424 nostri
959 4366 1121 4425 Sclauonie
1152 4367 1225 4425 bani
1249 4368 1474 4438 transmittatis,
1497 4369 1640 4442 partibus

372 4488 476 4530 coram
500 4471 610 4530 eodem
640 4472 840 4547 comparendi
870 4475 1037 4531 terminum
1064 4473 1247 4546 assignando
1288 4479 1523 4548 competentem,
1547 4481 1641 4549 prout

373 4578 469 4651 ipsius
492 4579 579 4650 regni
602 4579 698 4636 nostri
719 4577 881 4636 Sclauonie
905 4580 1034 4638 libertas
1056 4587 1087 4637 et
1109 4579 1298 4637 consuetudo
1322 4579 1354 4637 id
1369 4581 1507 4653 requirit.
1525 4581 1638 4638 Datum

373 4683 457 4755 Zelii,
488 4685 518 4742 in
551 4685 660 4757 vigilia
690 4684 758 4743 festi
790 4687 929 4743 omnium
962 4693 1145 4744 sanctorum.
1177 4689 1267 4744 Anno
1298 4685 1417 4744 domini
1444 4687 1639 4744 lttCCCLXX

372 4791 513 4865 septimo.

464 4926 603 4992 Originale
622 4927 648 4977 in
668 4928 766 4978 charta.
785 4927 816 4978 In
839 4944 891 4993 qua
918 4929 1075 4993 impressum
1098 4937 1137 4983 est
1161 4931 1281 5000 sigillum
1306 4928 1383 4995 regis.
1409 4929 1440 4979 ln
1464 4931 1563 4981 archiv.
1591 4931 1638 4984 lib.

375 5031 429 5081 reg.
449 5014 497 5065 civ.
518 5015 623 5081 zagrab.
