3728 5806
387 523 447 582 286
802 519 875 576 Doc.
894 531 969 594 303·
994 550 1036 560 —
1060 517 1116 576 An.
1140 513 1232 594 1380.

386 719 530 788 hannem,
554 716 656 774 filium
688 715 815 788 Georgii
836 731 970 773 unacum
993 715 1131 786 Nicolao,
1158 716 1263 773 nobile
1287 715 1326 773 de
1349 717 1517 774 lloraucba
1540 717 1657 788 Kalini,

387 825 512 881 homine
527 823 601 881 bani
624 821 663 880 ad
695 823 848 895 premissa
879 821 1062 895 inquirenda
1094 838 1151 896 pro
1184 823 1358 879 testimonio
1386 821 1534 880 duximus
1556 828 1657 880 trans-

388 929 582 993 mittendum.
615 929 669 1002 qui
699 929 823 988 tandem
854 927 894 986 ad
925 943 981 986 nos
1011 927 1122 985 exinde
1152 928 1267 986 reversi
1296 929 1386 985 nobis
1409 927 1604 986 concorditer
1625 935 1656 985 et

387 1035 584 1094 uniformiter
608 1036 767 1092 innostra
798 1033 870 1092 sede
901 1034 1062 1092 iudiciaria
1092 1035 1273 1106 retulerunt,
1305 1033 1390 1107 quod
1412 1035 1473 1107 ipsi
1496 1033 1656 1107 Zagrabie,

384 1139 461 1198 feria
483 1140 618 1198 secunda
640 1141 785 1214 proxima
814 1147 884 1198 ante
916 1139 1029 1198 festum
1052 1140 1137 1197 beati
1163 1139 1291 1212 Georgii
1313 1139 1450 1197 martiris
1473 1138 1655 1210 accedendo,

385 1247 426 1304 ab
449 1248 594 1304 omnibus
617 1263 635 1303 a
659 1247 773 1318 quibus
796 1245 948 1304 decuisset
972 1251 1002 1304 et
1021 1246 1158 1304 licuisset
1173 1246 1280 1320 palam
1297 1251 1326 1303 et
1346 1245 1475 1315 occulte,
1492 1261 1509 1302 a
1526 1245 1654 1310 clericis.

385 1354 544 1411 nobilibus
567 1360 597 1410 et
619 1353 717 1424 laycis
747 1354 908 1410 scivissent
940 1369 997 1426 per
1019 1353 1132 1422 omnia,
1159 1358 1252 1426 prout
1275 1359 1363 1410 tenor
1385 1353 1562 1410 litterarum
1585 1367 1655 1425 pre-

385 1459 459 1517 dicti
489 1460 629 1531 magistri
661 1459 780 1516 Nicolai
812 1459 850 1516 de
883 1459 989 1516 Virtus
1012 1460 1189 1530 contineret,
1219 1474 1254 1516 ac
1281 1459 1474 1532 aspersiones
1497 1458 1653 1531 sanguinis

385 1565 447 1623 fide
470 1566 593 1623 oculata
624 1564 783 1636 vidissent,
812 1581 929 1622 necnon
961 1581 1057 1622 unum
1080 1565 1253 1622 sacularem
1277 1564 1408 1638 predicti
1431 1563 1583 1622 interfecti
1608 1541 1652 1621 in-

385 1672 540 1728 venissent
571 1671 601 1728 in
632 1670 702 1728 loco
732 1671 801 1744 ipso
842 1671 897 1728 ubi
928 1670 1103 1744 predictum
1133 1671 1291 1728 hominem
1326 1669 1564 1739 interfecissent;
1601 1670 1656 1726 lite

388 1784 490 1834 tamen
522 1777 653 1851 pendete
676 1777 754 1834 inter
778 1777 935 1850 predictos
969 1778 1052 1834 cives
1075 1783 1105 1834 et
1128 1777 1299 1850 capitulum
1323 1777 1522 1848 zagrabiense
1545 1791 1655 1849 preno-

385 1889 492 1941 tatum.
528 1883 645 1940 Datum
679 1882 838 1955 Zagrabie,
871 1881 948 1940 seria
982 1881 1116 1940 secunda
1152 1883 1295 1956 proxima
1326 1887 1397 1939 ante
1424 1881 1537 1938 festum
1573 1883 1655 1938 beati

386 1989 514 2062 Georgii
538 1989 680 2046 martiris.
705 1991 794 2046 Anno
818 1988 936 2046 domini
959 1990 1101 2062 superius
1124 1995 1277 2046 annotato.

477 2125 617 2192 Originale
636 2124 663 2174 in
682 2125 780 2174 charla.
801 2125 831 2174 ln
850 2123 1016 2190 marginibus
1035 2126 1089 2174 duo
1108 2125 1199 2190 sigilla
1218 2124 1353 2189 impressa,
1373 2124 1490 2174 aliorum
1509 2139 1574 2174 vero
1593 2124 1656 2173 duo·

384 2230 444 2263 rum
463 2212 576 2278 vestigia
594 2219 729 2278 apparent.
750 2212 779 2262 In
798 2212 908 2262 archivo
928 2211 973 2262 lib.
994 2229 1048 2279 reg.
1069 2213 1143 2262 civit.
1163 2214 1266 2278 zagrab.

975 2444 1067 2510 303.

492 2571 568 2618 Anno
590 2569 664 2628 1380.
687 2578 726 2618 10.
745 2567 816 2618 maii.
837 2568 926 2618 Crisii.

385 2695 492 2753 Petrus
516 2695 620 2752 Zudar
640 2695 741 2766 banus,
763 2695 852 2752 Petro
867 2696 983 2752 Pakrz'n
1000 2696 1159 2771 „magistro
1173 2696 1307 2769 pontium
1329 2695 1365 2751 de
1386 2695 1505 2771 Lonja“
1528 2715 1565 2752 nc
1578 2697 1651 2753 cives

419 2801 593 2859 Grecltenses
614 2801 648 2858 de
671 2801 844 2874 reparandis
857 2802 996 2876 pontibus
1017 2810 1109 2876 supra
1132 2799 1258 2879 Larisam
1280 2803 1460 2875 angariant,
1473 2803 1614 2875 prodebat.

476 2945 539 3003 Nos
562 2945 671 3003 Petrus
698 2945 811 3016 Zudor,
828 2947 947 3019 ,regni
961 2945 1106 3004 Slavonie
1137 2945 1244 3003 banus.
1275 2945 1399 3003 Dilecto
1430 2947 1521 3004 nobis
1554 2947 1652 3016 Petro,

385 3052 468 3110 dicto
493 3052 610 3121 Pamin,
633 3068 714 3110 nunc
737 3053 887 3124 magistro
910 3053 1056 3126 poncium
1080 3051 1119 3109 de
1142 3053 1256 3124 Lonya,
1281 3052 1483 3110 dileccionem
1507 3069 1579 3110 cum
1605 3069 1651 3110 sa-

387 3160 460 3217 lute.
484 3158 597 3216 Gravis
620 3158 748 3230 querela
771 3157 890 3228 iudicis,
915 3158 1087 3216 iuratorum
1103 3163 1133 3214 et
1148 3160 1364 3216 universorum
1381 3159 1498 3216 civium
1521 3160 1654 3217 civitatis

387 3265 550 3324 Grecensis
573 3263 611 3321 de
634 3263 786 3336 Zagrabia
808 3270 929 3322 nostras
953 3280 1043 3322 aures
1067 3265 1264 3339 propulsavit
1287 3265 1318 3322 in
1341 3281 1387 3336 e0,
1411 3265 1496 3338 quod
1519 3271 1553 3322 tu
1573 3267 1655 3340 ipsos

386 3374 509 3430 racione
531 3371 684 3428 dictorum
709 3371 855 3445 poncium
879 3377 909 3428 et
932 3376 1087 3428 structure
1119 3370 1302 3428 eorumdem
1328 3371 1513 3444 inpenderes
1536 3376 1566 3428 et
1589 3387 1654 3428 mo·

388 3478 500 3535 lestare
523 3493 557 3534 ac
581 3475 805 3550 dampnificare
829 3477 1019 3548 intenderes;
1050 3478 1132 3535 unde
1163 3493 1234 3535 cum
1265 3493 1284 3534 a
1314 3479 1431 3535 cunctis
1454 3478 1542 3550 regni
1565 3477 1652 3535 nobi·

387 3584 471 3641 libus
494 3590 524 3640 et
547 3583 656 3640 incolis
680 3598 698 3640 a
721 3583 835 3656 quibus
864 3583 975 3642 decens
1005 3589 1035 3641 et
1066 3589 1254 3658 oportunum
1286 3583 1354 3655 fuit,
1380 3583 1558 3656 specialiter
1580 3598 1654 3640 vero

387 3690 429 3746 ab
451 3690 497 3761 iis,
522 3690 575 3762 qui
598 3689 815 3761 magistratum
838 3705 932 3763 super
955 3689 1045 3747 dictis
1068 3691 1216 3764 pontibus
1240 3691 1271 3748 in
1293 3691 1516 3764 preparacioue
1534 3704 1654 3747 eorum-

389 3795 460 3854 dem
484 3795 673 3867 habuissent,
697 3796 774 3852 hanc
798 3795 836 3852 de
867 3796 1026 3870 premissis
1057 3797 1205 3854 scivimus
1237 3797 1408 3868 veritatem,
1433 3795 1516 3868 quod
1543 3795 1654 3870 prelati

389 3903 472 3960 cives
495 3907 526 3959 et
548 3901 588 3958 ad
611 3917 664 3959 eos
687 3902 874 3975 pertinentes
897 3903 985 3959 nullo
1001 3917 1139 3975 unquam
1155 3909 1296 3976 tempore
1312 3902 1410 3960 dictos
1433 3908 1651 3976 preparassent

389 4025 445 4068 nec
469 4007 611 4066 fecissent
633 4009 804 4081 preparari,
828 4024 883 4065 nec
904 4025 985 4066 nunc
1008 4014 1185 4066 tenerentur
1212 4025 1265 4066 eos
1296 4007 1475 4066 reformare.
1499 4008 1653 4066 Volumus

388 4115 482 4186 igitur
506 4119 537 4171 et
560 4113 638 4170 serie
663 4114 860 4186 presencium
883 4114 941 4172 tibi
967 4121 997 4172 et
1028 4115 1060 4172 in
1090 4113 1231 4172 futurum
1255 4115 1453 4189 superdicto
1476 4115 1655 4187 magisterio

387 4219 608 4278 constituendis
639 4220 844 4293 precipientes
873 4219 983 4278 damus
1016 4222 1047 4278 in
1079 4221 1242 4294 mandatis²
1272 4228 1307 4279 ut
1336 4221 1493 4295 predictos
1521 4223 1603 4278 cives
1626 4227 1655 4277 et

387 4325 426 4382 ad
451 4341 503 4383 eos
540 4325 727 4399 pertinentes
759 4342 815 4383 nec
845 4343 925 4384 nunc
954 4343 1011 4384 nec
1042 4327 1073 4384 in
1105 4325 1244 4384 futurum
1275 4329 1397 4385 racione
1424 4328 1654 4401 preparacionis

388 4432 536 4505 poncium
582 4431 619 4488 de
651 4431 763 4502 ¹Lonya
800 4431 1013 4504 predictorum
1051 4432 1240 4505 angariando
1268 4433 1451 4506 impendire,
1475 4433 1653 4505 inquietare,

389 4552 538 4610 agravare
562 4543 592 4594 et
615 4535 838 4609 dampnificare
862 4525 1000 4596 debeatis
1031 4539 1125 4597 modo
1156 4540 1294 4612 aliquali.
1329 4539 1442 4596 Datum
1466 4539 1555 4611 Crisi,
1580 4540 1653 4598 teria

387 4644 496 4717 quinta
529 4643 675 4718 proxima
708 4648 779 4701 ante
813 4643 926 4701 festum
957 4645 1179 4703 Penthecostes.
1216 4647 1306 4702 Anno
1336 4644 1453 4702 domini
1484 4645 1654 4703 millesimo

387 4749 588 4810 CCCLXXX.

477 4888 616 4954 Originale
635 4888 662 4938 in
681 4888 779 4948 charta,
799 4903 814 4938 a
833 4893 909 4954 tergo
929 4887 1085 4952 impressum
1103 4893 1142 4937 est
1161 4887 1286 4953 sigillum
1312 4887 1342 4937 In
1361 4888 1431 4938 arch.
1451 4889 1532 4937 Acad.
1553 4887 1647 4939 Scient.

388 4977 458 5028 Slav.
478 4976 570 5026 merid.
