3600 5804
742 545 814 603 Dae.
836 558 889 623 94.
910 557 960 620 95.
989 577 1024 586 —
1051 544 1110 603 An.
1135 543 1352 622 1507-1308.

1016 755 1082 822 94.

522 879 600 928 Circa
619 893 675 928 ann.
699 879 878 936 1307-1318.
897 877 1051 944 ZagraBiae.

416 1004 546 1080 Synodus
568 1006 748 1064 dioecesanae
772 1005 824 1062 sub
845 1005 1010 1078 Augustino
1032 1006 1157 1080 episcopa
1177 1005 1344 1078 Zagrabioe
1357 1005 1523 1076 celebratae,
1538 1006 1681 1062 maneria.

501 1168 669 1242 Sequentes
692 1174 795 1225 autem
819 1165 1001 1226 testivitates
1024 1166 1130 1226 testari
1153 1173 1224 1226 sunt
1246 1174 1392 1242 precepte
1416 1169 1446 1226 in
1470 1167 1599 1240 synodo,
1624 1183 1676 1241 per

414 1275 536 1334 felicem
560 1282 589 1332 et
612 1275 738 1332 beatum
762 1279 891 1348 patrem,
915 1273 1078 1331 dominum
1095 1273 1314 1347 Augustinum‚
1331 1273 1491 1347 quondam
1506 1274 1681 1346 zagtabien-

413 1397 488 1450 sem,
512 1380 690 1438 novissimis
713 1379 908 1454 temporibus
924 1377 1070 1437 videlicet
1085 1381 1285 1454 episcopum:
1309 1381 1405 1437 sancti
1428 1378 1577 1454 Stephani
1593 1379 1679 1451 regis,

413 1488 509 1546 sancti
533 1485 669 1544 Ladizlai
692 1485 782 1558 regis,
813 1485 910 1542 sancti
941 1485 1074 1543 Emerici
1104 1485 1201 1556 dacia,
1231 1487 1327 1544 sancti
1355 1486 1451 1544 Marci
1475 1486 1679 1558 ewangeliste,

412 1595 509 1652 sancti
531 1593 614 1650 Luce
637 1591 842 1664 ewangeliste,
866 1591 962 1648 sancti
986 1589 1125 1649 Bamabe
1147 1591 1290 1666 apostoli,
1307 1593 1404 1650 sancti
1419 1592 1570 1665 Dyonisii,
1587 1591 1679 1648 sancti

412 1699 593 1762 Sebastiam.
616 1703 793 1756 sanctorum
817 1697 929 1755 Cosme
960 1703 990 1754 et
1019 1697 1173 1770 Damiani,
1202 1699 1298 1756 sancti
1329 1697 1464 1771 Georgii,
1488 1699 1586 1756 sancti
1609 1697 1679 1755 Vin-

313 1844 314 1847 =
413 1808 516 1878 cencii,
541 1805 637 1864 sancti
659 1803 811 1876 Gregorii,
835 1804 932 1861 sancti
957 1803 1123 1875 Ambrosii,
1147 1805 1242 1862 sancti
1272 1805 1432 1889 Jeronimi‚
1456 1805 1551 1862 sancti
1577 1805 1678 1874 Augu·

414 1915 493 1984 stini,
513 1914 613 1970 'sancti
635 1911 768 1980 Martini,
791 1911 888 1969 sancti
911 1909 1048 1983 Nycolai,
1077 1912 1242 1969 translacio
1272 1912 1369 1969 sancti
1393 1910 1557 1980 Benedicti,
1583 1907 1677 1967 sancti

413 2020 577 2078 Dominici.
601 2017 697 2075 sancti
720 2017 882 2086 Francisci,
906 2023 1009 2073 sancte
1033 2017 1128 2074 Marie
1159 2016 1350 2090 Magdalene,
1374 2023 1477 2074 sancte
1500 2015 1677 2088 Blyzabeth,

413 2131 515 2183 sancte
539 2123 714 2193 Katherine,
746 2129 849 2179 sancte
881 2123 1083 2194 Margarethe,
1114 2130 1218 2180 sancte
1249 2125 1384 2196 Agnetis,
1416 2127 1519 2181 sancte
1548 2121 1676 2194 Agathe,

412 2237 514 2290 sancte
545 2231 653 2292 Lucie:
692 2243 825 2302 qaorum
856 2229 1034 2302 patrociniis
1061 2244 1117 2286 nos
1146 2230 1258 2313 Jhesus
1288 2229 1430 2287 Christus
1460 2227 1610 2302 perducat
1640 2225 1676 2284 ad

412 2339 511 2395 vitam
534 2343 678 2394 eternam.
705 2338 811 2392 Amen.

502 2488 676 2540 Ebreviario
695 2503 753 2538 saec
771 2487 854 2545 xlv,
881 2487 907 2538 in
933 2487 998 2538 bibl.
1024 2486 1247 2552 archiepiscopali
1271 2486 1436 2552 zagrabiensi
1458 2488 1507 2536 col.
1528 2483 1671 2536 xxxvtl

411 2593 459 2630 ser.
481 2589 504 2636 5.
523 2593 561 2627 nr.
582 2578 604 2628 8.

499 2667 538 2716 De
558 2665 665 2732 synodis
681 2664 827 2730 Zagrabiae
846 2665 993 2721 celebratis,
1015 2681 1029 2714 e
1051 2665 1214 2716 documentis
1236 2665 1390 2730 deperditis.
1409 2665 1495 2716 Balth.
1509 2664 1632 2715 Kercelic'
1649 2663 1673 2713 in

411 2755 479 2805 Hist.
499 2756 560 2804 eccl.
580 2754 685 2819 zagrab.
705 2761 767 2804 tom.
786 2753 805 2803 1.
828 2769 852 2818 p.
875 2763 932 2814 104.
952 2753 989 2804 ite
1008 2753 1190 2819 praenotavit:

498 2842 564 2892 Tres
583 2843 760 2907 Augustinum
779 2842 895 2908 synodus
920 2842 1072 2898 celeBrasse,
1099 2842 1248 2906 comperio:
1277 2850 1351 2901 1307,
1370 2842 1445 2892 cuius
1463 2849 1522 2892 acta
1544 2842 1609 2901 1308
1628 2855 1673 2906 per

410 2931 572 2981 cardinalem
592 2929 692 2988 Gentili
712 2929 877 2988 confirmata,
900 2939 973 2992 1314,
994 2936 1019 2979 et
1038 2931 1086 2980 sub
1112 2929 1172 2979 anni
1197 2929 1359 2995 principium
1387 2931 1467 2989 131&
1486 2944 1602 2992 quorum
1620 2935 1674 2978 acta

409 3036 461 3071 non
479 3035 553 3070 secus
571 3018 695 3076 eruimus,
720 3033 799 3082 quam
824 3033 856 3067 ex
881 3018 1044 3084 zagrabiensi
1071 3019 1200 3069 breviarii
1223 3017 1340 3070 rubricis
1363 3025 1389 3068 et
1414 3018 1486 3069 libro
1510 3019 1672 3069 statutorum

410 3106 520 3172 capituli
523 3144 663 3155 ......
684 3105 724 3154 Ex
744 3101 841 3168 quibus
861 3106 1004 3172 Augustini
1022 3109 1104 3157 zellus
1122 3114 1241 3173 apparet.

1008 3394 1068 3460 95.

519 3535 594 3583 Anno
615 3533 689 3591 1308,
710 3543 750 3593 24.
771 3531 852 3598 Junii.
872 3533 968 3583 Budae.

407 3663 544 3736 Episcopi
575 3658 755 3734 Hangareae
781 3662 812 3716 in
835 3662 951 3718 concilio
981 3663 1127 3719 nationali
1154 3664 1279 3736 badensi,
1299 3667 1418 3741 epistola
1449 3667 1492 3724 ad
1511 3668 1671 3743 pontificem

485 3768 650 3825 Clementem
683 3767 711 3823 V.
735 3767 831 3836 meisa,
851 3775 907 3841 pro
930 3769 1142 3842 recuperatione
1163 3773 1254 3828 castri
1274 3772 1410 3840 Medeae,
1434 3781 1596 3831 recrement.

494 3927 693 3986 Sanctissimo
723 3929 805 4002 patri
836 3944 871 3984 ac
894 3928 1020 3986 domino
1051 3945 1115 4000 suo,
1147 3931 1273 3990 domino
1304 3932 1466 4002 Clementi,
1498 3935 1552 3993 dei
1574 3937 1670 4008 gracia

406 4041 597 4094 sacrosancte
628 4035 765 4092 Romane
788 4051 824 4094 ac
847 4036 1030 4094 universalis
1058 4038 1185 4095 ecclesie
1213 4054 1336 4096 summo
1367 4039 1513 4113 pontifici.
1539 4041 1670 4100 Thomas

406 4141 625 4213 strigoniensis,
666 4139 773 4198 Petrus
815 4141 1006 4214 spalatensis,
1044 4143 1227 4200 Vinccncius
1261 4145 1429 4202 colocensis
1472 4147 1670 4206 ecclesiarum

404 4247 637 4320 archiepiscopi.
678 4245 856 4306 Benedictus
894 4249 1144 4322 wesprimiensis,
1189 4251 1278 4308 Haab
1320 4252 1471 4309 vaciensis
1515 4253 1669 4311 Emericus

404 4353 603 4423 varadiensis,
634 4353 767 4434 Joaones
797 4355 959 4422 nitriensis,
994 4342 1170 4413 Ladislaus¹
1186 4355 1214 4414 S.
1243 4357 1349 4428 Irenei,
1386 4359 1493 4416 Petrus
1522 4364 1670 4436 quinque·

403 4459 604 4528 ecclesiensis,
637 4459 785 4516 Martinus
816 4460 973 4532 agriensis,
1002 4460 1183 4518 Benedictus
1206 4463 1426 4534 chanadiensiS,
1451 4472 1480 4522 et
1512 4466 1563 4525 Fr.
1597 4467 1669 4526 Gre-

403 4565 509 4637 gorius
532 4564 692 4621 botuensis
720 4565 919 4623 ecclesiarum
943 4567 1090 4640 episcopi,
1124 4571 1304 4627 cumomni
1334 4571 1522 4642 obediencia,
1554 4573 1666 4647 pedum

402 4671 510 4728 oscula
532 4669 704 4727 beatorum.
729 4671 956 4729 Detrimentum
981 4673 1070 4730 unius
1095 4675 1230 4743 ecclesie,
1261 4677 1345 4733 velut
1369 4677 1506 4735 eiusdem
1535 4681 1667 4738 membri

404 4777 521 4850 capitis,
552 4777 716 4850 proprium
748 4778 862 4850 singuli
895 4779 1128 4837 incommodum
1160 4789 1345 4854 reputantes,
1368 4791 1551 4856 suggerente
1572 4787 1667 4844 chari-

402 4883 474 4940 tatis
497 4881 617 4951 affectu,
642 4881 751 4940 Vestre
774 4881 959 4942 Beatitudini
982 4885 1155 4957 scribimus,
1180 4887 1265 4960 quod
1287 4894 1422 4946 castrum
1446 4900 1592 4950 vocatum
1608 4895 1667 4950 Me·

402 4986 492 5058 dved,
524 5004 581 5062 per
608 4987 792 5062 Philippum
821 4991 979 5062 quondam
1009 4990 1247 5065 Zagrabiensem
1286 4996 1469 5068 episcopum
1501 4997 1540 5054 de
1574 5000 1665 5056 rebus
