3600 5804
571 537 643 594 Doc.
666 547 713 612 73.
742 569 777 576 —
804 535 860 591 An.
884 547 971 608 1291.
1367 537 1406 610 63

783 640 866 644 —-
903 639 1003 644 —.—.
1023 639 1043 644 ..
1078 639 1372 646 ——.-..———-

154 745 182 794 et
202 730 357 812 [iusticiam
381 729 423 811 et]
448 741 553 792 contra
579 733 745 808 privilegia
764 733 993 790 venerabilium
1009 739 1135 806 patrum
1152 705 1405 806 predecessorum

153 851 317 900 nostrorum
333 840 480 914 Stephani
497 840 651 911 videlicet,
664 839 811 913 Philippi,
826 837 924 896 felicis
940 837 1166 896 recordacionis
1179 839 1407 913 episcoporum,

156 949 216 1007 iore
236 949 381 1022 spoliatos
406 991 655 1006 .........
679 945 808 1002 eandem
838 945 971 1002 insulam
999 945 1060 1018 'per
1083 945 1267 1002 sentenciam
1293 943 1407 1001 diffini·

153 1056 241 1112 tivam
262 1054 320 1110 sibi
343 1069 400 1126 per
423 1068 478 1110 nos
500 1051 672 1110 adiudicari
695 1051 913 1108 instantissime
940 1051 1149 1124 postularent;
1173 1051 1245 1108 licet
1268 1049 1406 1124 prefatus

153 1161 288 1232 magister
303 1151 466 1236 (Andreas)
491 1157 684 1231 aliquamdiu
708 1174 765 1230 per
788 1155 982 1228 subterfugia
1007 1203 1134 1215 .....
1159 1158 1247 1214 illam
1271 1204 1277 1216 .
1301 1203 1307 1214 .
1332 1203 1337 1214 .
1362 1129 1423 1213 ras

153 1265 233 1322 cione
260 1265 418 1322 cuiusdam
451 1265 608 1338 privilegii
640 1264 829 1320 venerabilis
861 1263 960 1336 patris
991 1263 1168 1320 Thimothei
1199 1264 1338 1336 episcopi
1360 1263 1409 1336 pie

153 1372 291 1428 memorie
313 1365 423 1448 (nostri
446 1365 632 1448 antecessor)
640 1373 675 1442 is,
700 1377 764 1428 tam
788 1386 894 1428 coram
922 1365 1105 1448 (venerabili
1129 1363 1229 1447 patre)
1254 1372 1408 1429 Anthonio

152 1477 288 1550 episcopo
309 1523 798 1536 .................
823 1477 904 1535 dicte
920 1493 1010 1534 cause
1026 1477 1061 1550 pl
1063 1522 1342 1534 ..........
1359 1491 1408 1534 em

153 1627 357 1642 ........
381 1600 611 1657 recognoscens,
645 1601 677 1642 se
708 1584 823 1642 dictam
856 1585 990 1642 insulam
1025 1585 1056 1642 in
1091 1583 1299 1658 preludicium
1333 1584 1408 1640 iuris

152 1688 274 1748 fratrum
297 1701 474 1749 nostrorum
497 1691 746 1764 supradictorum
776 1691 935 1764 aliquanto
959 1697 1099 1764 tempore
1129 1682 1299 1766 [tenuisse],
1322 1705 1409 1763 sepe·

153 1795 209 1854 iate
231 1799 325 1855 insule
355 1797 556 1868 renunciavit,
586 1805 650 1854 tam
681 1796 810 1854 eandem
833 1798 976 1866 insulam,
1001 1811 1097 1869 quam
1120 1796 1321 1870 privilegium
1345 1811 1409 1852 me·

153 1905 255 1961 morati
277 1904 453 1962 Thimothei
483 1905 622 1978 episcopi
645 1919 739 1977 super
766 1903 873 1960 eadem
898 1903 999 1960 insula
1023 1895 1224 1978 [emanatum]
1249 1907 1358 1975 sponte
1379 1908 1409 1958 et

154 2011 317 2067 voluntarie
348 2010 385 2068 ad
420 2026 530 2068 manus
560 2016 680 2067 nostras
711 2010 887 2082 resignavit,
911 2009 1092 2066 renuncians
1116 2009 1201 2066 omni
1224 2009 1284 2066 iuri
1307 2015 1337 2066 et
1360 2023 1408 2065 ac·

154 2117 234 2186 cinni,
254 2117 279 2172 si
301 2115 384 2189 quod
413 2133 446 2174 se
476 2117 577 2174 insula
609 2116 723 2174 habere
754 2115 898 2172 credebat
930 2116 960 2172 in
985 2115 1101 2172 eadem.
1123 2109 1198 2192 (Nos
1221 2107 1341 2192 ita)que
1364 2115 1409 2171 in-

154 2223 267 2294 scriptis
300 2223 473 2296 privilegiis
507 2221 762 2296 predecessorum
795 2229 973 2279 nostrorum
1009 2219 1157 2295 Stephani
1196 2221 1343 2278 videlicet
1380 2227 1410 2278 et

154 2327 281 2401 Philippi
303 2329 520 2402 episcoporum
544 2327 756 2402 predictorum
780 2343 924 2402 expresse
948 2329 1150 2400 cognovimus
1174 2327 1272 2385 dictos
1297 2327 1408 2384 iratres

152 2441 265 2490 nostros
287 2435 314 2491 in
337 2435 437 2491 insula
460 2435 507 2492 ius
525 2435 654 2508 plenum
670 2435 816 2492 habuisse
839 2441 870 2491 et
885 2435 1015 2504 habere;
1040 2441 1069 2491 et
1085 2435 1224 2508 inspecto
1241 2434 1406 2507 privilegio

152 2539 216 2597 dicti
252 2540 422 2598 Thimothei
454 2541 600 2615 episcopi,
632 2542 673 2598 ab
696 2541 813 2598 eisdem
844 2539 992 2598 iratribus
1019 2541 1132 2598 nostris
1163 2555 1219 2614 per
1246 2541 1313 2597 veri
1335 2555 1408 2614 sup·

153 2647 332 2719 pressionem
360 2653 391 2704 et
423 2647 493 2704 taisi
525 2648 753 2720 suggestionem
780 2648 946 2704 alienatam
970 2647 1130 2715 exstitisse,
1158 2661 1194 2704 eo
1217 2645 1302 2718 quod
1325 2645 1408 2704 idem

156 2753 342 2825 privilegium
373 2753 493 2811 nullam
525 2754 718 2811 mencionem
749 2754 788 2811 de
819 2753 947 2826 prefatis
978 2753 1152 2827 privilegiis
1184 2753 1329 2810 exhibitis
1353 2768 1410 2826 per

156 2859 229 2931 ipsos
252 2867 371 2917 nostros
395 2859 626 2932 predecessores
650 2859 797 2928 faciebat;
822 2861 985 2932 presertim
1002 2860 1149 2932 quoniam
1166 2860 1263 2916 eciam
1280 2859 1409 2916 eandem

156 2965 275 3023 insulam
298 2967 446 3040 prelibati
470 2965 580 3023 iratres
603 2967 700 3024 nostri
721 2967 760 3022 ab
784 2967 871 3023 annis
895 2981 1028 3038 quorum
1044 2967 1197 3024 memoria
1212 2982 1273 3022 non
1290 2965 1407 3022 exstitit

157 3069 399 3142 dignoscebantur
422 3072 605 3146 possedisse,
629 3073 820 3130 restituimus
836 3077 866 3130 et
882 3073 1107 3144 assignavimus
1123 3071 1240 3130 eisdem
1259 3071 1408 3130 fratribus

157 3179 263 3248 nostris,
286 3178 440 3236 introduci
473 3177 613 3237 faciendo
637 3177 762 3236 eosdem
792 3179 946 3236 mediante
970 3179 1094 3236 homine
1117 3185 1224 3237 nostro
1247 3180 1278 3237 in
1299 3195 1409 3253 corpo·

157 3284 243 3340 ralem
270 3286 494 3358 possessionem
524 3285 624 3342 insule
653 3284 838 3357 supradicte,
873 3291 935 3342 tam
959 3283 1080 3358 prefato
1104 3285 1253 3357 magistro
1276 3285 1407 3355 Andree,

158 3404 239 3460 quarn
266 3391 335 3448 aliis
367 3390 567 3464 quibuspiam
596 3391 757 3448 silencium
787 3391 968 3464 inponentes
1001 3391 1031 3448 in
1063 3391 1121 3447 hac
1145 3397 1240 3464 parte.
1264 3391 1297 3448 ln
1321 3391 1407 3447 cuius

159 3495 195 3551 rei
217 3499 396 3554 memoriam
420 3503 449 3553 et
468 3496 566 3553 robur
588 3501 776 3570 perpetuum
798 3503 955 3569 presentes
979 3495 1096 3553 eisdem
1120 3497 1328 3554 concessimus
1356 3497 1407 3554 lit·

160 3607 227 3658 teras
248 3602 342 3675 sigilli
370 3603 468 3659 nostri
495 3603 639 3659 autentici
669 3603 839 3660 munimine
870 3605 1069 3674 consignatas.
1101 3602 1218 3660 Datum
1248 3601 1407 3675 Zagrabie‚

161 3721 207 3778 per
228 3724 331 3765 manus
363 3709 487 3766 discreti
518 3710 578 3766 viri
609 3710 750 3782 magistri
782 3709 911 3782 Gogani,
936 3709 1058 3766 lectoris
1083 3709 1210 3766 ecclesie
1232 3717 1336 3767 nostre
1359 3727 1407 3766 za·

160 3813 319 3885 grahiensis,
351 3830 468 3872 necnon
499 3816 639 3887 magistri
665 3817 857 3874 notariorum
886 3821 1071 3885 nostrorum,
1097 3815 1203 3887 quinta
1219 3808 1320 3891 (feria)
1337 3829 1408 3888 pro·

161 3917 231 3975 xima
251 3927 318 3993 post
341 3927 466 3978 octavas
490 3919 559 3978 festi
591 3921 819 3994 purificacionis
849 3922 977 3993 virginis
1007 3922 1148 3992 gloriose.
1178 3921 1266 3978 Anno
1290 3919 1408 3977 domini

162 4022 340 4083 liCCLXXX
371 4042 459 4084 nono.

237 4125 372 4190 Originale
397 4127 424 4176 in
448 4126 606 4183 membrana,
632 4128 754 4185 lacerum,
781 4127 899 4193 sigillum
929 4129 1056 4179 avulsum.
1085 4129 1170 4176 solum
1197 4128 1279 4177 rubra
1307 4127 1407 4178 sericea

162 4223 213 4259 zoua
239 4217 371 4279 appendet.
397 4215 426 4264 ln
453 4215 523 4264 arch.
552 4215 629 4280 capit.
649 4217 753 4280 zagrab.
774 4214 833 4264 fasc.
855 4226 894 4274 23.
914 4232 953 4265 nr.
973 4229 1014 4277 44.
1034 4217 1108 4282 Joan.
1129 4215 1238 4264 Tkaldic‘·
1257 4216 1325 4266 lion.
1345 4215 1405 4266 hist.

162 4299 227 4361 episc.
245 4304 344 4368 zagrah.
364 4302 384 4352 1.
405 4319 429 4368 p.
451 4313 508 4363 224.
600 4311 602 4314 '

253 4533 324 4583 rinno
347 4543 420 4596 1291.
747 4499 807 4567 73·

164 4635 261 4709 Hodus,
282 4661 366 4701 conces
388 4643 582 4716 zagrabiensis
605 4643 791 4700 condonatum
813 4643 870 4700 sibi
882 4645 1030 4716 palatium
1046 4664 1065 4700 a
1080 4645 1157 4719 filt'is
1172 4644 1314 4717 Stephani
1330 4645 1406 4718 bani,

509 4749 609 4806 eisdem
632 4750 758 4806 restitnit
780 4756 808 4805 et
828 4751 892 4821 regi
911 4751 1046 4824 notificat.

237 4873 497 4933 Excellentissimo
520 4874 645 4933 domino
669 4891 725 4934 suo
750 4876 880 4946 Andree,
905 4877 955 4934 dei
977 4878 1082 4949 gracia
1105 4877 1220 4936 illustri
1237 4879 1301 4950 regi
1318 4880 1405 4936 llun·

167 4976 243 5048 sarie,
269 4998 367 5041 comes
399 4983 516 5053 Hodus,
547 4987 696 5056 perpetue
727 4981 885 5042 fidelitatis
917 4985 1110 5058 obsequium.
1141 4983 1271 5044 Noverit
1302 4991 1404 5044 vestra
