3600 5804
380 593 440 650 206
794 593 868 650 Duc.
891 588 963 650 228.
990 625 1027 635 —
1053 593 1108 650 An.
1133 605 1220 670 1353.

377 792 529 865 specturis
551 792 684 850 salutem
707 793 738 850 in
766 792 875 850 salutis
906 792 1062 865 largitore.
1093 791 1319 850 Universorum
1348 792 1461 850 noticie
1488 796 1549 848 tam
1572 807 1645 865 pre·

376 897 513 954 sencium
537 913 633 970 quam
656 895 832 955 futurorum
856 899 968 956 harum
984 899 1063 956 serie
1080 898 1227 955 volumus
1242 897 1310 956 fieri
1327 897 1533 968 manifestum,
1557 896 1644 970 quod

377 1019 446 1060 cum
470 1003 547 1060 feria
570 1003 663 1061 tercia
687 1005 831 1077 proxima
855 1012 925 1078 post
949 1004 1062 1062 festum
1086 1004 1230 1076 corporis
1258 1004 1382 1073 Christi,
1405 1018 1486 1060 anno
1506 1004 1645 1060 incarna-

376 1109 472 1166 cionis
502 1108 641 1166 eiusdem
672 1109 782 1167 MCCC
813 1111 1071 1184 quinquagesimo
1102 1111 1206 1182 terci0,
1237 1110 1277 1167 de
1310 1109 1479 1167 Grechensi
1510 1111 1644 1167 civitate.

378 1216 446 1272 loco
469 1215 637 1272 mansionis
667 1221 780 1286 nostre,
812 1217 878 1274 zelo
907 1217 1079 1290 spiritualis
1110 1216 1287 1274 devocionis
1320 1216 1499 1274 cordialiter
1529 1215 1644 1273 inducti

378 1321 614 1394 progrediendo,
638 1321 851 1380 kathedralem
872 1339 925 1380 seu
941 1324 1150 1397 episcopalem
1168 1323 1330 1380 ecclesiam
1356 1323 1583 1395 zagrabiensem
1602 1338 1642 1378 ex

377 1426 557 1484 fundacione
571 1427 706 1484 Ladislai
719 1428 911 1486 inhonorem
924 1427 1071 1501 Stephani
1088 1409 1351 1486 sanctissimorum
1364 1427 1522 1501 quondam
1534 1442 1644 1500 regum

376 1533 542 1604 llungarie,
567 1533 730 1591 beatarum
753 1534 1007 1592 recordacionum
1031 1535 1200 1592 illustrium
1217 1535 1450 1609 progenitorum
1468 1539 1644 1591 nostrorum

375 1644 583 1696 constructam
627 1640 846 1710 visitassemus,
881 1641 1080 1698 honorabiles
1111 1641 1171 1698 viri
1201 1641 1373 1714 capitulum
1405 1640 1504 1713 ipsius
1538 1653 1644 1711 zagra·

376 1745 490 1802 biensis
514 1745 651 1816 ecclesie,
674 1745 704 1802 in
726 1745 835 1803 eadem
858 1745 1034 1804 kathedrali
1058 1747 1194 1816 ecclesia,
1218 1761 1390 1818 genuorum
1414 1745 1546 1802 flexibus
1563 1745 1642 1802 sein

375 1857 489 1908 terram
525 1852 697 1925 prostratis,
728 1852 1001 1924 plurimorumque
1032 1853 1203 1910 literalium
1238 1857 1513 1911 monumentorum
1549 1866 1643 1924 super

374 1957 572 2016 libertatibus
594 1957 713 2032 prefate
737 1958 866 2016 ecclesie
887 1959 1102 2030 zagrabiensis‚
1127 1964 1191 2015 tam
1215 1959 1255 2015 ab
1274 1959 1342 2030 ipso
1358 1958 1552 2014 sanctissimo
1567 1971 1640 2029 rege

375 2063 520 2121 Ladislao
543 2065 641 2138 ipsius
664 2064 792 2121 ecclesie
814 2070 848 2120 ut
871 2065 1062 2138 premittitur
1084 2063 1258 2133 fundatore,
1282 2079 1376 2136 quam
1400 2063 1558 2120 aliissuis
1573 2078 1640 2119 suc-

375 2171 550 2227 cessoribus
573 2171 699 2242 regibus
723 2171 856 2227 obtentis
879 2177 1093 2229 emanatorum
1125 2177 1154 2228 et
1186 2169 1406 2238 confectorum,
1430 2170 1534 2227 aureis
1557 2169 1641 2226 vide·

374 2277 445 2333 licet
467 2281 499 2333 et
523 2293 627 2347 cereys
651 2278 748 2335 bullis
771 2277 978 2351 pendentibus
1008 2277 1249 2350 privilegialiter
1272 2277 1533 2348 consignatorum,
1557 2275 1642 2332 exhi-

376 2383 549 2442 bicionibus
573 2383 670 2454 factis
694 2389 831 2440 nostram
856 2383 1029 2441 humilibus
1060 2382 1236 2456 flagitarunt
1268 2383 1413 2456 precibus
1448 2383 1641 2438 maiestatem

373 2505 467 2563 super
490 2504 535 2559 eo,
556 2495 591 2546 ut
614 2489 693 2546 inter
716 2495 817 2546 cetera
839 2490 937 2564 ipsius
961 2489 1089 2547 ecclesie
1113 2489 1260 2546 litteralia
1289 2489 1489 2554 munimenta,
1514 2487 1640 2561 privile·

373 2596 460 2667 gium
483 2595 602 2653 domini
625 2595 773 2670 Stephani
797 2598 887 2669 regis,
912 2595 1101 2669 infrascripti
1125 2597 1248 2666 tenoris,
1273 2611 1365 2660 aurea
1388 2610 1443 2652 sua
1465 2595 1554 2652 bulla
1569 2610 1638 2651 con·

373 2703 537 2775 signatum,
561 2701 748 2760 confirmans
771 2703 984 2776 privilegiales
1008 2703 1126 2759 litteras
1150 2701 1268 2758 domini
1285 2701 1358 2758 Bele
1381 2702 1463 2772 regis
1479 2702 1577 2773 patris
1593 2699 1640 2758 sui

373 2808 618 2868 confirmatorias
634 2809 797 2866 literarum
813 2810 1060 2882 privilegialium
1075 2810 1158 2882 regis
1175 2808 1298 2866 Andree
1314 2808 1460 2865 similiter
1476 2809 1535 2865 sub
1552 2807 1640 2864 bulla

372 2931 465 2972 aurea
488 2915 697 2972 confectarum
713 2913 850 2989 sepefate
866 2916 1059 2988 zagrabiensi
1075 2916 1203 2972 ecclesie
1219 2915 1401 2972 libertatum
1425 2915 1639 2987 prerogativas

372 3023 412 3079 ab
436 3021 546 3080 eodem
569 3021 695 3079 domino
720 3021 844 3079 Andrea
866 3037 939 3094 rege
963 3022 1104 3079 obtentas
1120 3027 1150 3078 et
1166 3037 1324 3078 concessas
1341 3021 1574 3094 explicantium,
1591 3037 1639 3077 ac-

372 3133 503 3202 ceptare,
527 3127 712 3201 approbare,
736 3127 898 3199 ratificare,
922 3135 1123 3200 tenoremque
1143 3127 1282 3184 eiusdem
1305 3127 1464 3201 privilegii
1486 3125 1526 3183 de
1542 3127 1639 3184 verbo

371 3235 411 3292 ad
434 3235 567 3291 verbum
591 3240 773 3308 perpetuam
796 3233 835 3292 ad
852 3234 1007 3292 cautelam
1033 3235 1146 3292 nostris
1162 3234 1273 3292 litteris
1289 3233 1542 3306 privilegialibus
1558 3239 1639 3290 tran-

372 3343 508 3414 sumpmi
532 3341 680 3412 faciend0,
705 3342 797 3415 plena
821 3341 923 3398 ducali
946 3345 1096 3414 potestate
1120 3339 1320 3413 dignaremur
1342 3339 1529 3397 confirmare

372 3448 435 3504 Nos
457 3448 561 3520 itaque
584 3447 869 3520 supplicacionibus
886 3449 983 3520 ipsius
999 3447 1205 3520 zagrabiensis
1222 3447 1350 3503 ecclesie
1366 3445 1495 3520 capituli
1519 3446 1639 3503 iusticie

371 3553 511 3610 consonis
535 3552 639 3609 ducali
662 3553 774 3626 pietate
797 3553 943 3622 inclinati,
974 3555 1131 3610 recensitis
1157 3554 1253 3610 eciam
1280 3553 1363 3611 etin
1390 3553 1576 3610 memoriam
1592 3569 1639 3610 re-

372 3660 486 3717 vocatis
510 3661 573 3716 suis
597 3659 745 3715 fidelibus
768 3660 934 3732 obsequiis,
960 3675 1019 3732 que
1044 3665 1185 3734 ternpore
1209 3661 1304 3732 primi
1327 3659 1478 3716 adventus
1494 3659 1592 3716 nostri
1608 3660 1640 3716 in

370 3766 553 3838 Zagrabiam
578 3766 648 3822 loco
672 3765 839 3822 mansionis
855 3771 958 3822 nostre
975 3766 1074 3824 habiti
1090 3781 1235 3840 sumpme
1251 3765 1410 3822 fidelitatis
1425 3765 1529 3822 studio
1544 3775 1639 3839 prout

370 3873 452 3944 regie
476 3871 581 3945 stirpis
605 3873 633 3928 in
659 3870 802 3941 adventu,
826 3870 885 3928 deo
908 3871 1013 3928 devoti
1034 3879 1064 3928 et
1076 3871 1184 3929 fideles
1201 3873 1355 3946 capellani
1382 3873 1476 3928 sacris
1493 3873 1638 3944 expansis

369 3979 510 4051 reliquiis
527 3978 615 4036 uobis
632 3978 662 4034 in
679 3978 807 4034 obviam
823 3977 1013 4035 occurrendo
1029 3979 1279 4051 sollempmniter
1294 3983 1521 4044 consveverunt
1538 3979 1636 4048 ymni-

370 4101 438 4142 zare
468 4101 504 4141 ac
535 4083 677 4142 decencia
708 4099 836 4142 munera
867 4084 1113 4157 victualiumque
1144 4085 1308 4141 varietates
1335 4084 1469 4140 sollicite
1493 4083 1637 4140 ammini-

370 4198 467 4249 strare
499 4190 647 4260 faciend0‚
671 4189 850 4263 impendere
882 4197 1095 4264 procurarunt.
1124 4191 1156 4248 ln
1180 4192 1292 4248 horum
1316 4195 1345 4246 et
1370 4197 1544 4246 ceterorum
1569 4191 1636 4261 plu-

370 4299 460 4368 rium,
484 4313 544 4370 que
567 4296 604 4353 ad
630 4312 756 4370 presens
787 4311 843 4353 suo
874 4296 969 4352 modo
1000 4297 1122 4370 prolixa
1154 4302 1254 4354 essent
1278 4297 1473 4370 presentibus
1497 4297 1635 4352 seriatim

369 4403 538 4476 explanari,
556 4403 585 4459 in
602 4403 770 4474 aliqualem
787 4403 1114 4474 recompensationem,
1132 4402 1256 4459 easdem
1277 4403 1394 4458 litteras
1422 4401 1635 4474 privilegiales

369 4510 442 4568 dicti
464 4509 581 4566 domini
605 4507 752 4580 Stephani
776 4509 865 4579 regiS,
889 4513 1027 4564 tenorem
1044 4509 1217 4566 litterarum
1240 4508 1475 4581 privilegialum
1499 4507 1634 4565 annotati

369 4617 441 4673 Bele
475 4615 689 4673 confirmative
720 4614 838 4670 litteras
871 4613 1070 4672 dominorum
1106 4613 1228 4671 Andree
1261 4613 1418 4686 quondam
1456 4613 1633 4672 inclitorum

368 4721 657 4806 regumlHungarie
681 4721 712 4777 in
736 4736 768 4777 se
791 4721 927 4777 seriatim
952 4722 1141 4794 explicantes
1171 4721 1201 4776 in
1232 4721 1321 4777 nulla
1349 4721 1396 4776 sui
1421 4727 1518 4792 parte,
1544 4727 1633 4794 prout

367 4829 531 4901 diligenter
553 4827 723 4884 examinari
748 4825 886 4896 fecimus,
910 4827 1046 4896 violatas,
1071 4826 1293 4899 premissarum
1326 4826 1508 4882 libertatum
1537 4826 1632 4899 ipsius

367 4935 496 5008 capituli
519 4933 735 5005 zagrabyensis
759 4933 887 4990 ecclesie
912 4933 1156 5006 prerogativales
1181 4933 1370 4989 municiones
1386 4933 1417 4988 in
1433 4931 1551 4988 eisdem
1570 4932 1629 5004 pri·

368 5041 553 5112 vilegialiter
577 5040 705 5096 insertas
729 5045 933 5112 acceptamus,
965 5037 1162 5108 ratificamus,
1190 5039 1403 5112 approbamus
1431 5043 1524 5094 etex
1548 5053 1633 5094 mera
