<?xml version="1.0" encoding="UTF-8"?>
<!DOCTYPE html PUBLIC "-//W3C//DTD XHTML 1.0 Transitional//EN"
    "http://www.w3.org/TR/xhtml1/DTD/xhtml1-transitional.dtd">
<html xmlns="http://www.w3.org/1999/xhtml" xml:lang="en" lang="en">
 <head>
  <title>
</title>
<meta http-equiv="Content-Type" content="text/html;charset=utf-8" />
  <meta name='ocr-system' content='tesseract 3.04.00' />
  <meta name='ocr-capabilities' content='ocr_page ocr_carea ocr_par ocr_line ocrx_word'/>
</head>
<body>
  <div class='ocr_page' id='page_1' title='image "./monumentahistor18laszgoog_0386.png"; bbox 0 0 3600 5804; ppageno 0'>
   <div class='ocr_carea' id='block_1_1' title="bbox 393 539 1230 617">
    <p class='ocr_par' dir='ltr' id='par_1_1' title="bbox 393 539 1230 617">
     <span class='ocr_line' id='line_1_1' title="bbox 393 539 1230 617; baseline -0.014 -12"><span class='ocrx_word' id='word_1_1' title='bbox 393 562 453 616; x_wconf 85' lang='lat'>150</span> <span class='ocrx_word' id='word_1_2' title='bbox 814 543 886 599; x_wconf 78' lang='lat' dir='ltr'>Dec.</span> <span class='ocrx_word' id='word_1_3' title='bbox 911 552 974 617; x_wconf 85' lang='lat'><em>171.</em></span> <span class='ocrx_word' id='word_1_4' title='bbox 1003 573 1040 582; x_wconf 91' lang='lat'>-</span> <span class='ocrx_word' id='word_1_5' title='bbox 1065 539 1120 596; x_wconf 83' lang='lat' dir='ltr'>An.</span> <span class='ocrx_word' id='word_1_6' title='bbox 1146 549 1230 615; x_wconf 78' lang='lat'><em>1337.</em></span> 
     </span>
    </p>
   </div>
   <div class='ocr_carea' id='block_1_2' title="bbox 390 740 1655 2920">
    <p class='ocr_par' dir='ltr' id='par_1_2' title="bbox 390 740 1655 2920">
     <span class='ocr_line' id='line_1_2' title="bbox 393 740 1654 816; baseline -0.002 -15"><span class='ocrx_word' id='word_1_7' title='bbox 393 742 498 801; x_wconf 83' lang='lat' dir='ltr'>officio</span> <span class='ocrx_word' id='word_1_8' title='bbox 521 743 707 816; x_wconf 90' lang='lat' dir='ltr'>prelacionis</span> <span class='ocrx_word' id='word_1_9' title='bbox 730 747 888 814; x_wconf 87' lang='lat' dir='ltr'><strong>assumpte</strong></span> <span class='ocrx_word' id='word_1_10' title='bbox 912 741 1002 798; x_wconf 90' lang='lat' dir='ltr'>nobis</span> <span class='ocrx_word' id='word_1_11' title='bbox 1026 741 1186 810; x_wconf 84' lang='lat' dir='ltr'>incumbit,</span> <span class='ocrx_word' id='word_1_12' title='bbox 1209 740 1406 799; x_wconf 90' lang='lat' dir='ltr'>subditomm</span> <span class='ocrx_word' id='word_1_13' title='bbox 1432 756 1601 815; x_wconf 88' lang='lat' dir='ltr'>proposse</span> <span class='ocrx_word' id='word_1_14' title='bbox 1626 747 1654 798; x_wconf 91' lang='lat' dir='ltr'>et</span> 
     </span>
     <span class='ocr_line' id='line_1_3' title="bbox 392 846 1654 922; baseline -0.002 -16"><span class='ocrx_word' id='word_1_15' title='bbox 392 848 524 906; x_wconf 92' lang='lat' dir='ltr'>comoda</span> <span class='ocrx_word' id='word_1_16' title='bbox 547 855 664 922; x_wconf 88' lang='lat' dir='ltr'>optare,</span> <span class='ocrx_word' id='word_1_17' title='bbox 688 863 857 921; x_wconf 88' lang='lat' dir='ltr'>procurare</span> <span class='ocrx_word' id='word_1_18' title='bbox 879 853 909 904; x_wconf 89' lang='lat' dir='ltr'>et</span> <span class='ocrx_word' id='word_1_19' title='bbox 934 846 1096 904; x_wconf 87' lang='lat' dir='ltr'>incomoda</span> <span class='ocrx_word' id='word_1_20' title='bbox 1127 847 1250 904; x_wconf 87' lang='lat' dir='ltr'>evitare.</span> <span class='ocrx_word' id='word_1_21' title='bbox 1284 848 1351 904; x_wconf 92' lang='lat' dir='ltr'>Hac</span> <span class='ocrx_word' id='word_1_22' title='bbox 1378 847 1463 905; x_wconf 90' lang='lat' dir='ltr'>ducti</span> <span class='ocrx_word' id='word_1_23' title='bbox 1486 847 1654 905; x_wconf 88' lang='lat' dir='ltr'>considera-</span> 
     </span>
     <span class='ocr_line' id='line_1_4' title="bbox 393 952 1654 1026; baseline -0.003 -14"><span class='ocrx_word' id='word_1_24' title='bbox 393 957 480 1013; x_wconf 92' lang='lat' dir='ltr'>cione</span> <span class='ocrx_word' id='word_1_25' title='bbox 503 970 560 1012; x_wconf 89' lang='lat' dir='ltr'>vos</span> <span class='ocrx_word' id='word_1_26' title='bbox 584 969 690 1011; x_wconf 87' lang='lat' dir='ltr'>omnes</span> <span class='ocrx_word' id='word_1_27' title='bbox 713 959 744 1010; x_wconf 88' lang='lat' dir='ltr'>et</span> <span class='ocrx_word' id='word_1_28' title='bbox 767 953 906 1025; x_wconf 90' lang='lat' dir='ltr'>singulos</span> <span class='ocrx_word' id='word_1_29' title='bbox 930 953 1131 1026; x_wconf 84' lang='lat' dir='ltr'>paternaliter</span> <span class='ocrx_word' id='word_1_30' title='bbox 1151 952 1325 1010; x_wconf 86' lang='lat' dir='ltr'>inducimus</span> <span class='ocrx_word' id='word_1_31' title='bbox 1349 960 1378 1011; x_wconf 92' lang='lat' dir='ltr'>et</span> <span class='ocrx_word' id='word_1_32' title='bbox 1402 960 1540 1011; x_wconf 86' lang='lat' dir='ltr'>ortamur</span> <span class='ocrx_word' id='word_1_33' title='bbox 1555 955 1586 1010; x_wconf 92' lang='lat' dir='ltr'>in</span> <span class='ocrx_word' id='word_1_34' title='bbox 1602 952 1654 1009; x_wconf 79' lang='lat' dir='ltr'>do</span> 
     </span>
     <span class='ocr_line' id='line_1_5' title="bbox 391 1058 1654 1132; baseline -0.003 -14"><span class='ocrx_word' id='word_1_35' title='bbox 391 1061 484 1130; x_wconf 84' lang='lat' dir='ltr'>minu,</span> <span class='ocrx_word' id='word_1_36' title='bbox 510 1067 660 1132; x_wconf 89' lang='lat' dir='ltr'>quatenus</span> <span class='ocrx_word' id='word_1_37' title='bbox 683 1063 786 1116; x_wconf 91' lang='lat' dir='ltr'>vestra</span> <span class='ocrx_word' id='word_1_38' title='bbox 809 1058 916 1132; x_wconf 89' lang='lat' dir='ltr'>predia</span> <span class='ocrx_word' id='word_1_39' title='bbox 933 1059 1122 1116; x_wconf 83' lang='lat' dir='ltr'>canonicalia</span> <span class='ocrx_word' id='word_1_40' title='bbox 1137 1059 1217 1116; x_wconf 88' lang='lat' dir='ltr'>inter</span> <span class='ocrx_word' id='word_1_41' title='bbox 1232 1067 1341 1129; x_wconf 89' lang='lat' dir='ltr'>cetera,</span> <span class='ocrx_word' id='word_1_42' title='bbox 1359 1065 1490 1132; x_wconf 91' lang='lat' dir='ltr'>quatum</span> <span class='ocrx_word' id='word_1_43' title='bbox 1512 1061 1541 1117; x_wconf 91' lang='lat' dir='ltr'>in</span> <span class='ocrx_word' id='word_1_44' title='bbox 1564 1060 1654 1115; x_wconf 84' lang='lat' dir='ltr'>vobis</span> 
     </span>
     <span class='ocr_line' id='line_1_6' title="bbox 391 1163 1655 1237; baseline -0.002 -15"><span class='ocrx_word' id='word_1_45' title='bbox 391 1170 445 1237; x_wconf 92' lang='lat' dir='ltr'>est,</span> <span class='ocrx_word' id='word_1_46' title='bbox 463 1167 493 1223; x_wconf 90' lang='lat' dir='ltr'>in</span> <span class='ocrx_word' id='word_1_47' title='bbox 519 1165 636 1223; x_wconf 90' lang='lat' dir='ltr'>colonis</span> <span class='ocrx_word' id='word_1_48' title='bbox 659 1163 902 1237; x_wconf 84' lang='lat' dir='ltr'>augmentandis,</span> <span class='ocrx_word' id='word_1_49' title='bbox 925 1165 1003 1221; x_wconf 90' lang='lat' dir='ltr'>iuste</span> <span class='ocrx_word' id='word_1_50' title='bbox 1024 1171 1054 1220; x_wconf 91' lang='lat' dir='ltr'>et</span> <span class='ocrx_word' id='word_1_51' title='bbox 1069 1165 1187 1221; x_wconf 88' lang='lat' dir='ltr'>utiliter</span> <span class='ocrx_word' id='word_1_52' title='bbox 1206 1164 1434 1235; x_wconf 88' lang='lat' dir='ltr'>conservandis,</span> <span class='ocrx_word' id='word_1_53' title='bbox 1458 1166 1488 1222; x_wconf 92' lang='lat' dir='ltr'>in</span> <span class='ocrx_word' id='word_1_54' title='bbox 1512 1166 1578 1222; x_wconf 92' lang='lat' dir='ltr'>aliis</span> <span class='ocrx_word' id='word_1_55' title='bbox 1594 1165 1655 1220; x_wconf 91' lang='lat' dir='ltr'>suis</span> 
     </span>
     <span class='ocr_line' id='line_1_7' title="bbox 391 1269 1654 1344; baseline -0.002 -16"><span class='ocrx_word' id='word_1_56' title='bbox 391 1272 554 1328; x_wconf 91' lang='lat' dir='ltr'>utilitabus</span> <span class='ocrx_word' id='word_1_57' title='bbox 577 1285 764 1344; x_wconf 88' lang='lat' dir='ltr'>promovere</span> <span class='ocrx_word' id='word_1_58' title='bbox 787 1270 923 1327; x_wconf 88' lang='lat' dir='ltr'>studiose</span> <span class='ocrx_word' id='word_1_59' title='bbox 946 1269 1118 1338; x_wconf 89' lang='lat' dir='ltr'>intendatis,</span> <span class='ocrx_word' id='word_1_60' title='bbox 1143 1276 1177 1326; x_wconf 93' lang='lat' dir='ltr'>ut</span> <span class='ocrx_word' id='word_1_61' title='bbox 1200 1271 1252 1340; x_wconf 90' lang='lat' dir='ltr'>hii,</span> <span class='ocrx_word' id='word_1_62' title='bbox 1276 1272 1328 1343; x_wconf 91' lang='lat' dir='ltr'>qui</span> <span class='ocrx_word' id='word_1_63' title='bbox 1354 1277 1423 1343; x_wconf 92' lang='lat' dir='ltr'>post</span> <span class='ocrx_word' id='word_1_64' title='bbox 1448 1286 1570 1328; x_wconf 89' lang='lat' dir='ltr'>cursum</span> <span class='ocrx_word' id='word_1_65' title='bbox 1595 1271 1654 1326; x_wconf 89' lang='lat' dir='ltr'>vite</span> 
     </span>
     <span class='ocr_line' id='line_1_8' title="bbox 390 1374 1655 1451; baseline -0.003 -16"><span class='ocrx_word' id='word_1_66' title='bbox 390 1385 494 1435; x_wconf 89' lang='lat' dir='ltr'>vestre</span> <span class='ocrx_word' id='word_1_67' title='bbox 516 1378 547 1435; x_wconf 90' lang='lat' dir='ltr'>in</span> <span class='ocrx_word' id='word_1_68' title='bbox 570 1378 646 1451; x_wconf 91' lang='lat' dir='ltr'>ipsis</span> <span class='ocrx_word' id='word_1_69' title='bbox 669 1375 843 1447; x_wconf 90' lang='lat' dir='ltr'>succedent,</span> <span class='ocrx_word' id='word_1_70' title='bbox 868 1391 901 1432; x_wconf 92' lang='lat' dir='ltr'>se</span> <span class='ocrx_word' id='word_1_71' title='bbox 932 1374 970 1432; x_wconf 91' lang='lat' dir='ltr'>de</span> <span class='ocrx_word' id='word_1_72' title='bbox 993 1376 1083 1432; x_wconf 89' lang='lat' dir='ltr'>vobis</span> <span class='ocrx_word' id='word_1_73' title='bbox 1106 1375 1240 1433; x_wconf 89' lang='lat' dir='ltr'>habeant</span> <span class='ocrx_word' id='word_1_74' title='bbox 1263 1375 1481 1433; x_wconf 89' lang='lat' dir='ltr'>commendare</span> <span class='ocrx_word' id='word_1_75' title='bbox 1504 1392 1565 1432; x_wconf 92' lang='lat' dir='ltr'>non</span> <span class='ocrx_word' id='word_1_76' title='bbox 1587 1389 1655 1432; x_wconf 90' lang='lat' dir='ltr'>oon-</span> 
     </span>
     <span class='ocr_line' id='line_1_9' title="bbox 393 1479 1654 1557; baseline -0.002 -17"><span class='ocrx_word' id='word_1_77' title='bbox 393 1484 490 1557; x_wconf 88' lang='lat' dir='ltr'>queri,</span> <span class='ocrx_word' id='word_1_78' title='bbox 514 1484 592 1541; x_wconf 91' lang='lat' dir='ltr'>sicut</span> <span class='ocrx_word' id='word_1_79' title='bbox 613 1483 677 1540; x_wconf 88' lang='lat' dir='ltr'>iam</span> <span class='ocrx_word' id='word_1_80' title='bbox 701 1481 828 1552; x_wconf 92' lang='lat' dir='ltr'>dudum,</span> <span class='ocrx_word' id='word_1_81' title='bbox 854 1489 886 1539; x_wconf 94' lang='lat' dir='ltr'>ut</span> <span class='ocrx_word' id='word_1_82' title='bbox 910 1482 1084 1556; x_wconf 92' lang='lat' dir='ltr'>plurimum</span> <span class='ocrx_word' id='word_1_83' title='bbox 1107 1479 1235 1538; x_wconf 87' lang='lat' dir='ltr'>docente</span> <span class='ocrx_word' id='word_1_84' title='bbox 1259 1483 1461 1554; x_wconf 86' lang='lat' dir='ltr'>experiencia,</span> <span class='ocrx_word' id='word_1_85' title='bbox 1486 1489 1531 1538; x_wconf 92' lang='lat' dir='ltr'>est</span> <span class='ocrx_word' id='word_1_86' title='bbox 1554 1495 1654 1554; x_wconf 88' lang='lat' dir='ltr'>reper-</span> 
     </span>
     <span class='ocr_line' id='line_1_10' title="bbox 394 1587 1654 1662; baseline -0.002 -16"><span class='ocrx_word' id='word_1_87' title='bbox 394 1597 469 1648; x_wconf 89' lang='lat' dir='ltr'>tum.</span> <span class='ocrx_word' id='word_1_88' title='bbox 493 1589 530 1646; x_wconf 90' lang='lat' dir='ltr'>Et</span> <span class='ocrx_word' id='word_1_89' title='bbox 553 1590 698 1662; x_wconf 89' lang='lat' dir='ltr'>quoniam</span> <span class='ocrx_word' id='word_1_90' title='bbox 727 1604 806 1662; x_wconf 90' lang='lat' dir='ltr'>pena</span> <span class='ocrx_word' id='word_1_91' title='bbox 836 1588 929 1646; x_wconf 89' lang='lat' dir='ltr'>debet</span> <span class='ocrx_word' id='word_1_92' title='bbox 959 1604 1031 1644; x_wconf 89' lang='lat' dir='ltr'>suos</span> <span class='ocrx_word' id='word_1_93' title='bbox 1062 1587 1149 1660; x_wconf 90' lang='lat' dir='ltr'>sequi</span> <span class='ocrx_word' id='word_1_94' title='bbox 1181 1595 1329 1656; x_wconf 88' lang='lat' dir='ltr'>auctores,</span> <span class='ocrx_word' id='word_1_95' title='bbox 1361 1589 1526 1644; x_wconf 88' lang='lat' dir='ltr'>statuimus</span> <span class='ocrx_word' id='word_1_96' title='bbox 1556 1587 1654 1643; x_wconf 90' lang='lat' dir='ltr'>decer-</span> 
     </span>
     <span class='ocr_line' id='line_1_11' title="bbox 396 1691 1655 1768; baseline -0.004 -15"><span class='ocrx_word' id='word_1_97' title='bbox 396 1695 506 1766; x_wconf 71' lang='lat' dir='ltr'>nendo</span> <span class='ocrx_word' id='word_1_98' title='bbox 529 1702 565 1753; x_wconf 91' lang='lat' dir='ltr'>ut</span> <span class='ocrx_word' id='word_1_99' title='bbox 587 1695 774 1768; x_wconf 88' lang='lat' dir='ltr'>quicumque</span> <span class='ocrx_word' id='word_1_100' title='bbox 796 1711 834 1752; x_wconf 87' lang='lat' dir='ltr'>ex</span> <span class='ocrx_word' id='word_1_101' title='bbox 859 1695 949 1751; x_wconf 87' lang='lat' dir='ltr'>vobis</span> <span class='ocrx_word' id='word_1_102' title='bbox 983 1709 1037 1751; x_wconf 90' lang='lat' dir='ltr'>sua</span> <span class='ocrx_word' id='word_1_103' title='bbox 1062 1693 1231 1750; x_wconf 90' lang='lat' dir='ltr'>canonicali</span> <span class='ocrx_word' id='word_1_104' title='bbox 1256 1694 1345 1750; x_wconf 90' lang='lat' dir='ltr'>vinea</span> <span class='ocrx_word' id='word_1_105' title='bbox 1377 1693 1497 1750; x_wconf 88' lang='lat' dir='ltr'>deserta</span> <span class='ocrx_word' id='word_1_106' title='bbox 1521 1694 1570 1749; x_wconf 88' lang='lat' dir='ltr'>vel</span> <span class='ocrx_word' id='word_1_107' title='bbox 1585 1691 1655 1749; x_wconf 79' lang='lat' dir='ltr'>alie</span> 
     </span>
     <span class='ocr_line' id='line_1_12' title="bbox 394 1799 1653 1872; baseline -0.002 -14"><span class='ocrx_word' id='word_1_108' title='bbox 394 1809 466 1858; x_wconf 92' lang='lat' dir='ltr'>nata</span> <span class='ocrx_word' id='word_1_109' title='bbox 496 1799 623 1857; x_wconf 88' lang='lat' dir='ltr'>decedet</span> <span class='ocrx_word' id='word_1_110' title='bbox 653 1801 705 1857; x_wconf 89' lang='lat' dir='ltr'>vel</span> <span class='ocrx_word' id='word_1_111' title='bbox 736 1800 911 1871; x_wconf 89' lang='lat' dir='ltr'>decesserit,</span> <span class='ocrx_word' id='word_1_112' title='bbox 942 1807 1011 1856; x_wconf 91' lang='lat' dir='ltr'>ante</span> <span class='ocrx_word' id='word_1_113' title='bbox 1041 1799 1144 1856; x_wconf 91' lang='lat' dir='ltr'>omnia</span> <span class='ocrx_word' id='word_1_114' title='bbox 1176 1799 1214 1856; x_wconf 91' lang='lat' dir='ltr'>de</span> <span class='ocrx_word' id='word_1_115' title='bbox 1244 1801 1334 1856; x_wconf 92' lang='lat' dir='ltr'>bonis</span> <span class='ocrx_word' id='word_1_116' title='bbox 1366 1800 1439 1866; x_wconf 89' lang='lat' dir='ltr'>suis,</span> <span class='ocrx_word' id='word_1_117' title='bbox 1469 1814 1527 1872; x_wconf 92' lang='lat' dir='ltr'>pro</span> <span class='ocrx_word' id='word_1_118' title='bbox 1550 1814 1603 1855; x_wconf 93' lang='lat' dir='ltr'>suo</span> <span class='ocrx_word' id='word_1_119' title='bbox 1625 1799 1653 1854; x_wconf 92' lang='lat' dir='ltr'>in</span> 
     </span>
     <span class='ocr_line' id='line_1_13' title="bbox 395 1905 1655 1979; baseline -0.003 -15"><span class='ocrx_word' id='word_1_120' title='bbox 395 1908 575 1964; x_wconf 87' lang='lat' dir='ltr'>canonicatu</span> <span class='ocrx_word' id='word_1_121' title='bbox 597 1921 771 1963; x_wconf 84' lang='lat' dir='ltr'>successore</span> <span class='ocrx_word' id='word_1_122' title='bbox 795 1907 980 1963; x_wconf 85' lang='lat' dir='ltr'>canonicalis</span> <span class='ocrx_word' id='word_1_123' title='bbox 1011 1907 1101 1964; x_wconf 88' lang='lat' dir='ltr'>vinea</span> <span class='ocrx_word' id='word_1_124' title='bbox 1132 1906 1211 1962; x_wconf 91' lang='lat' dir='ltr'>bona</span> <span class='ocrx_word' id='word_1_125' title='bbox 1243 1913 1436 1979; x_wconf 88' lang='lat' dir='ltr'>conparetur,</span> <span class='ocrx_word' id='word_1_126' title='bbox 1461 1907 1513 1961; x_wconf 90' lang='lat' dir='ltr'>vel</span> <span class='ocrx_word' id='word_1_127' title='bbox 1538 1905 1574 1962; x_wconf 92' lang='lat' dir='ltr'>de</span> <span class='ocrx_word' id='word_1_128' title='bbox 1595 1905 1655 1962; x_wconf 89' lang='lat' dir='ltr'>suis</span> 
     </span>
     <span class='ocr_line' id='line_1_14' title="bbox 394 2012 1655 2087; baseline -0.002 -17"><span class='ocrx_word' id='word_1_129' title='bbox 394 2014 549 2087; x_wconf 89' lang='lat' dir='ltr'>empticiis</span> <span class='ocrx_word' id='word_1_130' title='bbox 572 2015 670 2072; x_wconf 91' lang='lat' dir='ltr'>vineis</span> <span class='ocrx_word' id='word_1_131' title='bbox 701 2029 756 2071; x_wconf 92' lang='lat' dir='ltr'>suo</span> <span class='ocrx_word' id='word_1_132' title='bbox 788 2029 846 2087; x_wconf 90' lang='lat' dir='ltr'>pro</span> <span class='ocrx_word' id='word_1_133' title='bbox 875 2013 1044 2070; x_wconf 89' lang='lat' dir='ltr'>canonicali</span> <span class='ocrx_word' id='word_1_134' title='bbox 1075 2012 1185 2086; x_wconf 91' lang='lat' dir='ltr'>predio</span> <span class='ocrx_word' id='word_1_135' title='bbox 1217 2028 1273 2086; x_wconf 91' lang='lat' dir='ltr'>per</span> <span class='ocrx_word' id='word_1_136' title='bbox 1299 2013 1476 2085; x_wconf 83' lang='lat' dir='ltr'>generalem</span> <span class='ocrx_word' id='word_1_137' title='bbox 1510 2013 1655 2069; x_wconf 86' lang='lat' dir='ltr'>vicarium</span> 
     </span>
     <span class='ocr_line' id='line_1_15' title="bbox 393 2118 1655 2192; baseline -0.003 -15"><span class='ocrx_word' id='word_1_138' title='bbox 393 2125 579 2177; x_wconf 89' lang='lat' dir='ltr'>annectatur.</span> <span class='ocrx_word' id='word_1_139' title='bbox 603 2118 798 2192; x_wconf 84' lang='lat' dir='ltr'>Quicumque</span> <span class='ocrx_word' id='word_1_140' title='bbox 822 2126 926 2176; x_wconf 90' lang='lat' dir='ltr'>autem</span> <span class='ocrx_word' id='word_1_141' title='bbox 949 2134 1040 2176; x_wconf 91' lang='lat' dir='ltr'>suum</span> <span class='ocrx_word' id='word_1_142' title='bbox 1064 2120 1208 2176; x_wconf 88' lang='lat' dir='ltr'>colonum</span> <span class='ocrx_word' id='word_1_143' title='bbox 1227 2119 1264 2176; x_wconf 93' lang='lat' dir='ltr'>de</span> <span class='ocrx_word' id='word_1_144' title='bbox 1282 2118 1391 2176; x_wconf 90' lang='lat' dir='ltr'>eodem</span> <span class='ocrx_word' id='word_1_145' title='bbox 1417 2118 1526 2191; x_wconf 90' lang='lat' dir='ltr'>predio</span> <span class='ocrx_word' id='word_1_146' title='bbox 1552 2119 1655 2175; x_wconf 90' lang='lat' dir='ltr'>iniuste</span> 
     </span>
     <span class='ocr_line' id='line_1_16' title="bbox 395 2225 1654 2299; baseline -0.002 -17"><span class='ocrx_word' id='word_1_147' title='bbox 395 2225 585 2299; x_wconf 89' lang='lat' dir='ltr'>oppresserit</span> <span class='ocrx_word' id='word_1_148' title='bbox 607 2225 659 2282; x_wconf 92' lang='lat' dir='ltr'>vcl</span> <span class='ocrx_word' id='word_1_149' title='bbox 683 2225 874 2298; x_wconf 86' lang='lat' dir='ltr'>spoliaverit,</span> <span class='ocrx_word' id='word_1_150' title='bbox 898 2225 988 2282; x_wconf 90' lang='lat' dir='ltr'>bouis</span> <span class='ocrx_word' id='word_1_151' title='bbox 1011 2225 1073 2281; x_wconf 92' lang='lat' dir='ltr'>suis</span> <span class='ocrx_word' id='word_1_152' title='bbox 1096 2225 1127 2281; x_wconf 93' lang='lat' dir='ltr'>in</span> <span class='ocrx_word' id='word_1_153' title='bbox 1151 2231 1216 2281; x_wconf 92' lang='lat' dir='ltr'>toto</span> <span class='ocrx_word' id='word_1_154' title='bbox 1240 2225 1290 2280; x_wconf 90' lang='lat' dir='ltr'>vel</span> <span class='ocrx_word' id='word_1_155' title='bbox 1306 2225 1337 2280; x_wconf 90' lang='lat' dir='ltr'>in</span> <span class='ocrx_word' id='word_1_156' title='bbox 1354 2231 1451 2298; x_wconf 89' lang='lat' dir='ltr'>parte,</span> <span class='ocrx_word' id='word_1_157' title='bbox 1475 2231 1505 2280; x_wconf 89' lang='lat' dir='ltr'>et</span> <span class='ocrx_word' id='word_1_158' title='bbox 1526 2225 1582 2280; x_wconf 91' lang='lat' dir='ltr'>hoc</span> <span class='ocrx_word' id='word_1_159' title='bbox 1603 2239 1654 2296; x_wconf 92' lang='lat' dir='ltr'>per</span> 
     </span>
     <span class='ocr_line' id='line_1_17' title="bbox 392 2329 1653 2405; baseline -0.004 -16"><span class='ocrx_word' id='word_1_160' title='bbox 392 2334 515 2405; x_wconf 87' lang='lat' dir='ltr'>aliquos</span> <span class='ocrx_word' id='word_1_161' title='bbox 538 2347 576 2388; x_wconf 84' lang='lat' dir='ltr'>ex</span> <span class='ocrx_word' id='word_1_162' title='bbox 600 2332 691 2389; x_wconf 86' lang='lat' dir='ltr'>vobis</span> <span class='ocrx_word' id='word_1_163' title='bbox 714 2331 830 2388; x_wconf 89' lang='lat' dir='ltr'>vicario</span> <span class='ocrx_word' id='word_1_164' title='bbox 846 2339 951 2388; x_wconf 90' lang='lat' dir='ltr'>nostro</span> <span class='ocrx_word' id='word_1_165' title='bbox 968 2331 1142 2401; x_wconf 89' lang='lat' dir='ltr'>innotuerit,</span> <span class='ocrx_word' id='word_1_166' title='bbox 1159 2333 1225 2404; x_wconf 92' lang='lat' dir='ltr'>ipse</span> <span class='ocrx_word' id='word_1_167' title='bbox 1248 2329 1381 2388; x_wconf 88' lang='lat' dir='ltr'>vicarius</span> <span class='ocrx_word' id='word_1_168' title='bbox 1401 2337 1541 2387; x_wconf 91' lang='lat' dir='ltr'>teneatur</span> <span class='ocrx_word' id='word_1_169' title='bbox 1565 2331 1653 2386; x_wconf 86' lang='lat' dir='ltr'>talem</span> 
     </span>
     <span class='ocr_line' id='line_1_18' title="bbox 393 2435 1652 2512; baseline -0.002 -17"><span class='ocrx_word' id='word_1_170' title='bbox 393 2438 571 2512; x_wconf 91' lang='lat' dir='ltr'>conpellere</span> <span class='ocrx_word' id='word_1_171' title='bbox 594 2437 633 2494; x_wconf 92' lang='lat' dir='ltr'>ad</span> <span class='ocrx_word' id='word_1_172' title='bbox 658 2436 881 2494; x_wconf 89' lang='lat' dir='ltr'>restituendum</span> <span class='ocrx_word' id='word_1_173' title='bbox 906 2437 1011 2494; x_wconf 89' lang='lat' dir='ltr'>ablata</span> <span class='ocrx_word' id='word_1_174' title='bbox 1034 2445 1064 2494; x_wconf 93' lang='lat' dir='ltr'>et</span> <span class='ocrx_word' id='word_1_175' title='bbox 1089 2438 1166 2494; x_wconf 86' lang='lat' dir='ltr'>alias</span> <span class='ocrx_word' id='word_1_176' title='bbox 1200 2438 1308 2509; x_wconf 89' lang='lat' dir='ltr'>punire</span> <span class='ocrx_word' id='word_1_177' title='bbox 1332 2435 1371 2492; x_wconf 92' lang='lat' dir='ltr'>de</span> <span class='ocrx_word' id='word_1_178' title='bbox 1394 2447 1498 2493; x_wconf 89' lang='lat' dir='ltr'>vestro</span> <span class='ocrx_word' id='word_1_179' title='bbox 1523 2436 1652 2502; x_wconf 87' lang='lat' dir='ltr'>consiliu,</span> 
     </span>
     <span class='ocr_line' id='line_1_19' title="bbox 392 2543 1651 2617; baseline -0.003 -16"><span class='ocrx_word' id='word_1_180' title='bbox 392 2551 486 2617; x_wconf 90' lang='lat' dir='ltr'>prout</span> <span class='ocrx_word' id='word_1_181' title='bbox 510 2543 667 2601; x_wconf 90' lang='lat' dir='ltr'>videbitur</span> <span class='ocrx_word' id='word_1_182' title='bbox 691 2543 845 2616; x_wconf 90' lang='lat' dir='ltr'>expedire.</span> <span class='ocrx_word' id='word_1_183' title='bbox 870 2544 902 2600; x_wconf 90' lang='lat' dir='ltr'>ln</span> <span class='ocrx_word' id='word_1_184' title='bbox 927 2545 1014 2600; x_wconf 90' lang='lat' dir='ltr'>cuius</span> <span class='ocrx_word' id='word_1_185' title='bbox 1037 2545 1082 2599; x_wconf 91' lang='lat' dir='ltr'>rei</span> <span class='ocrx_word' id='word_1_186' title='bbox 1105 2544 1290 2599; x_wconf 90' lang='lat' dir='ltr'>memoriam</span> <span class='ocrx_word' id='word_1_187' title='bbox 1308 2543 1503 2615; x_wconf 87' lang='lat' dir='ltr'>presentibus</span> <span class='ocrx_word' id='word_1_188' title='bbox 1520 2543 1651 2614; x_wconf 88' lang='lat' dir='ltr'>sigillum</span> 
     </span>
     <span class='ocr_line' id='line_1_20' title="bbox 392 2647 1654 2723; baseline -0.005 -15"><span class='ocrx_word' id='word_1_189' title='bbox 392 2656 532 2708; x_wconf 88' lang='lat' dir='ltr'>nostrum</span> <span class='ocrx_word' id='word_1_190' title='bbox 558 2649 703 2707; x_wconf 85' lang='lat' dir='ltr'>duximus</span> <span class='ocrx_word' id='word_1_191' title='bbox 722 2649 948 2723; x_wconf 89' lang='lat' dir='ltr'>apponendum.</span> <span class='ocrx_word' id='word_1_192' title='bbox 967 2649 1082 2706; x_wconf 87' lang='lat' dir='ltr'>Datum</span> <span class='ocrx_word' id='word_1_193' title='bbox 1103 2648 1337 2718; x_wconf 67' lang='lat' dir='ltr'>Chasmeleria</span> <span class='ocrx_word' id='word_1_194' title='bbox 1360 2647 1409 2704; x_wconf 92' lang='lat' dir='ltr'>Ill.</span> <span class='ocrx_word' id='word_1_195' title='bbox 1435 2649 1577 2721; x_wconf 86' lang='lat' dir='ltr'>proxima</span> <span class='ocrx_word' id='word_1_196' title='bbox 1591 2655 1654 2702; x_wconf 91' lang='lat' dir='ltr'>ante</span> 
     </span>
     <span class='ocr_line' id='line_1_21' title="bbox 394 2707 1654 2814; baseline -0.004 -1"><span class='ocrx_word' id='word_1_197' title='bbox 394 2756 506 2814; x_wconf 85' lang='lat' dir='ltr'>festum</span> <span class='ocrx_word' id='word_1_198' title='bbox 531 2756 693 2813; x_wconf 87' lang='lat' dir='ltr'>beatorum</span> <span class='ocrx_word' id='word_1_199' title='bbox 716 2755 829 2812; x_wconf 90' lang='lat' dir='ltr'>Cosme</span> <span class='ocrx_word' id='word_1_200' title='bbox 852 2765 882 2812; x_wconf 88' lang='lat' dir='ltr'>et</span> <span class='ocrx_word' id='word_1_201' title='bbox 903 2755 1047 2812; x_wconf 89' lang='lat' dir='ltr'>Damiani</span> <span class='ocrx_word' id='word_1_202' title='bbox 1081 2707 1254 2811; x_wconf 44' lang='lat' dir='ltr'>martirunif</span> <span class='ocrx_word' id='word_1_203' title='bbox 1283 2756 1373 2810; x_wconf 80' lang='lat' dir='ltr'>Anno</span> <span class='ocrx_word' id='word_1_204' title='bbox 1405 2753 1525 2810; x_wconf 90' lang='lat' dir='ltr'>domini</span> <span class='ocrx_word' id='word_1_205' title='bbox 1553 2751 1654 2809; x_wconf 84' lang='lat' dir='ltr'>MCCC</span> 
     </span>
     <span class='ocr_line' id='line_1_22' title="bbox 394 2863 666 2920; baseline -0.004 -1"><span class='ocrx_word' id='word_1_206' title='bbox 394 2863 550 2920; x_wconf 89' lang='lat' dir='ltr'>tricesimo</span> <span class='ocrx_word' id='word_1_207' title='bbox 572 2869 666 2919; x_wconf 89' lang='lat' dir='ltr'>sexto.</span> 
     </span>
    </p>
   </div>
   <div class='ocr_carea' id='block_1_3' title="bbox 483 2977 1653 3045">
    <p class='ocr_par' dir='ltr' id='par_1_3' title="bbox 483 2977 1653 3045">
     <span class='ocr_line' id='line_1_23' title="bbox 483 2977 1653 3045; baseline -0.004 -17"><span class='ocrx_word' id='word_1_208' title='bbox 483 2979 506 3028; x_wconf 87' lang='lat' dir='ltr'>E</span> <span class='ocrx_word' id='word_1_209' title='bbox 524 2979 586 3028; x_wconf 89' lang='lat' dir='ltr'>libr.</span> <span class='ocrx_word' id='word_1_210' title='bbox 607 2980 699 3029; x_wconf 91' lang='lat' dir='ltr'>Statut.</span> <span class='ocrx_word' id='word_1_211' title='bbox 714 2979 791 3044; x_wconf 88' lang='lat' dir='ltr'>capit.</span> <span class='ocrx_word' id='word_1_212' title='bbox 805 2981 909 3043; x_wconf 85' lang='lat' dir='ltr'>zagrab.</span> <span class='ocrx_word' id='word_1_213' title='bbox 923 2980 1014 3045; x_wconf 85' lang='lat' dir='ltr'>Joann.</span> <span class='ocrx_word' id='word_1_214' title='bbox 1029 2979 1143 3028; x_wconf 76' lang='lat' dir='ltr'>Tlraldid.</span> <span class='ocrx_word' id='word_1_215' title='bbox 1159 2979 1228 3029; x_wconf 86' lang='lat' dir='ltr'>Mon.</span> <span class='ocrx_word' id='word_1_216' title='bbox 1242 2979 1301 3028; x_wconf 90' lang='lat' dir='ltr'>hist.</span> <span class='ocrx_word' id='word_1_217' title='bbox 1316 2979 1394 3043; x_wconf 90' lang='lat' dir='ltr'>episc.</span> <span class='ocrx_word' id='word_1_218' title='bbox 1409 2979 1515 3043; x_wconf 85' lang='lat' dir='ltr'>zagrab.</span> <span class='ocrx_word' id='word_1_219' title='bbox 1530 2977 1561 3027; x_wconf 92' lang='grc' dir='ltr'>ΙΙ.</span> <span class='ocrx_word' id='word_1_220' title='bbox 1580 2993 1603 3042; x_wconf 91' lang='lat' dir='ltr'>p.</span> <span class='ocrx_word' id='word_1_221' title='bbox 1617 2977 1653 3025; x_wconf 77' lang='lat'>08.</span> 
     </span>
    </p>
   </div>
   <div class='ocr_carea' id='block_1_4' title="bbox 990 3192 1066 3260">
    <p class='ocr_par' dir='ltr' id='par_1_4' title="bbox 990 3192 1066 3260">
     <span class='ocr_line' id='line_1_24' title="bbox 990 3192 1066 3260; baseline 0 -3"><span class='ocrx_word' id='word_1_222' title='bbox 990 3192 1066 3260; x_wconf 82' lang='lat'><strong>171.</strong></span> 
     </span>
    </p>
   </div>
   <div class='ocr_carea' id='block_1_5' title="bbox 501 3330 1279 3397">
    <p class='ocr_par' dir='ltr' id='par_1_5' title="bbox 501 3330 1279 3397">
     <span class='ocr_line' id='line_1_25' title="bbox 501 3330 1279 3397; baseline -0.003 -17"><span class='ocrx_word' id='word_1_223' title='bbox 501 3335 578 3382; x_wconf 89' lang='lat' dir='ltr'>Auno</span> <span class='ocrx_word' id='word_1_224' title='bbox 601 3339 674 3390; x_wconf 81' lang='lat'>1337,</span> <span class='ocrx_word' id='word_1_225' title='bbox 696 3343 735 3393; x_wconf 89' lang='lat'>14.</span> <span class='ocrx_word' id='word_1_226' title='bbox 755 3331 920 3397; x_wconf 89' lang='lat' dir='ltr'>septembris.</span> <span class='ocrx_word' id='word_1_227' title='bbox 940 3331 970 3381; x_wconf 90' lang='lat' dir='ltr'>In</span> <span class='ocrx_word' id='word_1_228' title='bbox 991 3339 1164 3381; x_wconf 86' lang='lat' dir='ltr'>castronovo</span> <span class='ocrx_word' id='word_1_229' title='bbox 1184 3330 1279 3380; x_wconf 77' lang='lat' dir='ltr'>luanid.</span> 
     </span>
    </p>
   </div>
   <div class='ocr_carea' id='block_1_6' title="bbox 396 3457 1659 3624">
    <p class='ocr_par' dir='ltr' id='par_1_6' title="bbox 396 3457 1659 3624">
     <span class='ocr_line' id='line_1_26' title="bbox 396 3457 1659 3534; baseline -0.002 -19"><span class='ocrx_word' id='word_1_230' title='bbox 396 3457 557 3518; x_wconf 83' lang='lat' dir='ltr'>Ladislaus</span> <span class='ocrx_word' id='word_1_231' title='bbox 579 3461 658 3533; x_wconf 78' lang='lat' dir='ltr'>episc.</span> <span class='ocrx_word' id='word_1_232' title='bbox 683 3461 800 3534; x_wconf 78' lang='lat' dir='ltr'>zagrab.</span> <span class='ocrx_word' id='word_1_233' title='bbox 824 3461 977 3534; x_wconf 75' lang='lat' dir='ltr'>confimat</span> <span class='ocrx_word' id='word_1_234' title='bbox 993 3461 1216 3517; x_wconf 72' lang='lat' dir='ltr'>constitutionem</span> <span class='ocrx_word' id='word_1_235' title='bbox 1231 3459 1353 3531; x_wconf 66' lang='lat' dir='ltr'>capituli</span> <span class='ocrx_word' id='word_1_236' title='bbox 1374 3459 1407 3514; x_wconf 81' lang='lat' dir='ltr'>dc</span> <span class='ocrx_word' id='word_1_237' title='bbox 1432 3458 1615 3515; x_wconf 75' lang='lat' dir='ltr'>locaciombus</span> <span class='ocrx_word' id='word_1_238' title='bbox 1635 3463 1659 3512; x_wconf 82' lang='lat' dir='ltr'>et</span> 
     </span>
     <span class='ocr_line' id='line_1_27' title="bbox 813 3565 1232 3624; baseline 0 -2"><span class='ocrx_word' id='word_1_239' title='bbox 813 3565 1041 3624; x_wconf 76' lang='lat' dir='ltr'>conductionibus</span> <span class='ocrx_word' id='word_1_240' title='bbox 1063 3567 1232 3623; x_wconf 66' lang='lat' dir='ltr'>reddituum.</span> 
     </span>
    </p>
   </div>
   <div class='ocr_carea' id='block_1_7' title="bbox 394 3707 1659 5057">
    <p class='ocr_par' dir='ltr' id='par_1_7' title="bbox 394 3707 1659 5057">
     <span class='ocr_line' id='line_1_28' title="bbox 482 3707 1656 3782; baseline -0.004 -14"><span class='ocrx_word' id='word_1_241' title='bbox 482 3711 515 3768; x_wconf 92' lang='lat' dir='ltr'>In</span> <span class='ocrx_word' id='word_1_242' title='bbox 538 3713 662 3768; x_wconf 90' lang='lat' dir='ltr'>nomine</span> <span class='ocrx_word' id='word_1_243' title='bbox 686 3709 811 3768; x_wconf 91' lang='lat' dir='ltr'>domini.</span> <span class='ocrx_word' id='word_1_244' title='bbox 836 3712 944 3768; x_wconf 90' lang='lat' dir='ltr'>Amen.</span> <span class='ocrx_word' id='word_1_245' title='bbox 968 3709 1030 3768; x_wconf 83' lang='lat' dir='ltr'>Nos</span> <span class='ocrx_word' id='word_1_246' title='bbox 1054 3710 1216 3767; x_wconf 87' lang='lat' dir='ltr'>Ladizlaus</span> <span class='ocrx_word' id='word_1_247' title='bbox 1247 3711 1296 3767; x_wconf 92' lang='lat' dir='ltr'>dei</span> <span class='ocrx_word' id='word_1_248' title='bbox 1328 3716 1358 3766; x_wconf 88' lang='lat' dir='ltr'>et</span> <span class='ocrx_word' id='word_1_249' title='bbox 1386 3711 1555 3782; x_wconf 89' lang='lat' dir='ltr'>apostolice</span> <span class='ocrx_word' id='word_1_250' title='bbox 1583 3707 1656 3764; x_wconf 92' lang='lat' dir='ltr'>sedis</span> 
     </span>
     <span class='ocr_line' id='line_1_29' title="bbox 394 3815 1656 3890; baseline -0.006 -15"><span class='ocrx_word' id='word_1_251' title='bbox 394 3818 508 3890; x_wconf 78' lang='lat' dir='ltr'>gracia,</span> <span class='ocrx_word' id='word_1_252' title='bbox 531 3817 738 3888; x_wconf 90' lang='lat' dir='ltr'>zagrabiensis</span> <span class='ocrx_word' id='word_1_253' title='bbox 762 3818 933 3890; x_wconf 92' lang='lat' dir='ltr'>episcopus.</span> <span class='ocrx_word' id='word_1_254' title='bbox 965 3815 1181 3888; x_wconf 87' lang='lat' dir='ltr'>Significamus</span> <span class='ocrx_word' id='word_1_255' title='bbox 1205 3823 1309 3874; x_wconf 90' lang='lat' dir='ltr'>tenore</span> <span class='ocrx_word' id='word_1_256' title='bbox 1333 3817 1528 3889; x_wconf 88' lang='lat' dir='ltr'>presencium</span> <span class='ocrx_word' id='word_1_257' title='bbox 1552 3815 1656 3887; x_wconf 87' lang='lat' dir='ltr'>quibus</span> 
     </span>
     <span class='ocr_line' id='line_1_30' title="bbox 395 3920 1656 4005; baseline -0.006 -23"><span class='ocrx_word' id='word_1_258' title='bbox 395 3923 520 3997; x_wconf 84' lang='lat' dir='ltr'>expedit</span> <span class='ocrx_word' id='word_1_259' title='bbox 541 3924 700 3994; x_wconf 71' lang='lat' dir='ltr'>universis</span> <span class='ocrx_word' id='word_1_260' title='bbox 725 3922 808 3996; x_wconf 90' lang='lat' dir='ltr'>quod</span> <span class='ocrx_word' id='word_1_261' title='bbox 831 3922 980 3980; x_wconf 90' lang='lat' dir='ltr'>discretus</span> <span class='ocrx_word' id='word_1_262' title='bbox 1005 3924 1061 3994; x_wconf 90' lang='lat' dir='ltr'>vir,</span> <span class='ocrx_word' id='word_1_263' title='bbox 1086 3924 1232 3995; x_wconf 86' lang='lat' dir='ltr'>magister</span> <span class='ocrx_word' id='word_1_264' title='bbox 1254 3923 1397 4005; x_wconf 89' lang='lat' dir='ltr'>Jacobus,</span> <span class='ocrx_word' id='word_1_265' title='bbox 1421 3923 1520 3978; x_wconf 90' lang='lat' dir='ltr'>lector</span> <span class='ocrx_word' id='word_1_266' title='bbox 1539 3920 1656 3978; x_wconf 85' lang='lat' dir='ltr'>ecclesie</span> 
     </span>
     <span class='ocr_line' id='line_1_31' title="bbox 394 4028 1655 4102; baseline -0.004 -15"><span class='ocrx_word' id='word_1_267' title='bbox 394 4035 498 4088; x_wconf 90' lang='lat' dir='ltr'>nostre</span> <span class='ocrx_word' id='word_1_268' title='bbox 526 4029 740 4101; x_wconf 88' lang='lat' dir='ltr'>zagrabiensis,</span> <span class='ocrx_word' id='word_1_269' title='bbox 772 4031 803 4086; x_wconf 89' lang='lat' dir='ltr'>in</span> <span class='ocrx_word' id='word_1_270' title='bbox 834 4028 1049 4101; x_wconf 89' lang='lat' dir='ltr'>spiritualibus</span> <span class='ocrx_word' id='word_1_271' title='bbox 1079 4035 1108 4085; x_wconf 92' lang='lat' dir='ltr'>et</span> <span class='ocrx_word' id='word_1_272' title='bbox 1139 4029 1366 4102; x_wconf 89' lang='lat' dir='ltr'>temporalibus</span> <span class='ocrx_word' id='word_1_273' title='bbox 1397 4028 1532 4084; x_wconf 88' lang='lat' dir='ltr'>vicarius</span> <span class='ocrx_word' id='word_1_274' title='bbox 1564 4035 1655 4084; x_wconf 87' lang='lat' dir='ltr'>noster</span> 
     </span>
     <span class='ocr_line' id='line_1_32' title="bbox 395 4131 1656 4208; baseline -0.004 -16"><span class='ocrx_word' id='word_1_275' title='bbox 395 4135 556 4208; x_wconf 87' lang='lat' dir='ltr'>generalis,</span> <span class='ocrx_word' id='word_1_276' title='bbox 580 4134 620 4192; x_wconf 89' lang='lat' dir='ltr'>ad</span> <span class='ocrx_word' id='word_1_277' title='bbox 642 4141 781 4192; x_wconf 89' lang='lat' dir='ltr'>nostram</span> <span class='ocrx_word' id='word_1_278' title='bbox 812 4134 980 4192; x_wconf 88' lang='lat' dir='ltr'>accendens</span> <span class='ocrx_word' id='word_1_279' title='bbox 1011 4135 1201 4208; x_wconf 89' lang='lat' dir='ltr'>presenciam</span> <span class='ocrx_word' id='word_1_280' title='bbox 1230 4135 1370 4191; x_wconf 81' lang='lat' dir='ltr'>exhibuit</span> <span class='ocrx_word' id='word_1_281' title='bbox 1395 4134 1486 4191; x_wconf 89' lang='lat' dir='ltr'>uobis</span> <span class='ocrx_word' id='word_1_282' title='bbox 1509 4131 1656 4206; x_wconf 89' lang='lat' dir='ltr'>quandam</span> 
     </span>
     <span class='ocr_line' id='line_1_33' title="bbox 396 4239 1657 4315; baseline -0.005 -17"><span class='ocrx_word' id='word_1_283' title='bbox 396 4241 498 4315; x_wconf 89' lang='lat' dir='ltr'>papiri</span> <span class='ocrx_word' id='word_1_284' title='bbox 529 4241 800 4312; x_wconf 88' lang='lat' dir='ltr'>conscripcionem,</span> <span class='ocrx_word' id='word_1_285' title='bbox 832 4239 966 4298; x_wconf 81' lang='lat' dir='ltr'>formam</span> <span class='ocrx_word' id='word_1_286' title='bbox 999 4240 1254 4297; x_wconf 90' lang='lat' dir='ltr'>constitucionum</span> <span class='ocrx_word' id='word_1_287' title='bbox 1285 4255 1342 4313; x_wconf 89' lang='lat' dir='ltr'>per</span> <span class='ocrx_word' id='word_1_288' title='bbox 1366 4239 1562 4296; x_wconf 89' lang='lat' dir='ltr'>venerabiles</span> <span class='ocrx_word' id='word_1_289' title='bbox 1582 4239 1657 4294; x_wconf 85' lang='lat' dir='ltr'>viros</span> 
     </span>
     <span class='ocr_line' id='line_1_34' title="bbox 396 4345 1657 4420; baseline -0.006 -16"><span class='ocrx_word' id='word_1_290' title='bbox 396 4347 568 4420; x_wconf 87' lang='lat' dir='ltr'>capitulum</span> <span class='ocrx_word' id='word_1_291' title='bbox 595 4353 698 4403; x_wconf 92' lang='lat' dir='ltr'>nostre</span> <span class='ocrx_word' id='word_1_292' title='bbox 725 4346 852 4403; x_wconf 89' lang='lat' dir='ltr'>ecclesie</span> <span class='ocrx_word' id='word_1_293' title='bbox 882 4347 1090 4418; x_wconf 89' lang='lat' dir='ltr'>zagrabiensis</span> <span class='ocrx_word' id='word_1_294' title='bbox 1121 4353 1290 4403; x_wconf 90' lang='lat' dir='ltr'>memorate</span> <span class='ocrx_word' id='word_1_295' title='bbox 1321 4345 1483 4414; x_wconf 89' lang='lat' dir='ltr'>editarum,</span> <span class='ocrx_word' id='word_1_296' title='bbox 1516 4361 1608 4402; x_wconf 90' lang='lat' dir='ltr'>mauu</span> <span class='ocrx_word' id='word_1_297' title='bbox 1630 4350 1657 4400; x_wconf 86' lang='lat' dir='ltr'>ut</span> 
     </span>
     <span class='ocr_line' id='line_1_35' title="bbox 396 4441 1657 4535; baseline -0.003 -24"><span class='ocrx_word' id='word_1_298' title='bbox 396 4453 568 4527; x_wconf 87' lang='lat' dir='ltr'>apparebat</span> <span class='ocrx_word' id='word_1_299' title='bbox 595 4451 718 4509; x_wconf 89' lang='lat' dir='ltr'>discreti</span> <span class='ocrx_word' id='word_1_300' title='bbox 742 4453 801 4509; x_wconf 85' lang='lat' dir='ltr'>viri</span> <span class='ocrx_word' id='word_1_301' title='bbox 822 4451 940 4509; x_wconf 90' lang='lat' dir='ltr'>domini</span> <span class='ocrx_word' id='word_1_302' title='bbox 962 4453 1118 4535; x_wconf 78' lang='lat' dir='ltr'>JohanniS,</span> <span class='ocrx_word' id='word_1_303' title='bbox 1142 4441 1349 4510; x_wconf 86' lang='lat' dir='ltr'>archidiaconi</span> <span class='ocrx_word' id='word_1_304' title='bbox 1373 4453 1411 4510; x_wconf 86' lang='lat' dir='ltr'>de</span> <span class='ocrx_word' id='word_1_305' title='bbox 1427 4451 1577 4523; x_wconf 88' lang='lat' dir='ltr'>Guerche,</span> <span class='ocrx_word' id='word_1_306' title='bbox 1595 4466 1657 4508; x_wconf 90' lang='lat' dir='ltr'>cou-</span> 
     </span>
     <span class='ocr_line' id='line_1_36' title="bbox 396 4559 1657 4633; baseline -0.003 -15"><span class='ocrx_word' id='word_1_307' title='bbox 396 4561 552 4633; x_wconf 88' lang='lat' dir='ltr'>scriptam‚</span> <span class='ocrx_word' id='word_1_308' title='bbox 576 4564 683 4632; x_wconf 91' lang='lat' dir='ltr'>petens</span> <span class='ocrx_word' id='word_1_309' title='bbox 704 4575 721 4616; x_wconf 90' lang='lat' dir='ltr'>a</span> <span class='ocrx_word' id='word_1_310' title='bbox 745 4560 834 4616; x_wconf 93' lang='lat' dir='ltr'>nobis</span> <span class='ocrx_word' id='word_1_311' title='bbox 858 4559 981 4616; x_wconf 90' lang='lat' dir='ltr'>nominc</span> <span class='ocrx_word' id='word_1_312' title='bbox 1004 4561 1103 4616; x_wconf 89' lang='lat' dir='ltr'>tocius</span> <span class='ocrx_word' id='word_1_313' title='bbox 1126 4560 1263 4632; x_wconf 86' lang='lat' dir='ltr'>capituli,</span> <span class='ocrx_word' id='word_1_314' title='bbox 1287 4567 1321 4616; x_wconf 94' lang='lat' dir='ltr'>ut</span> <span class='ocrx_word' id='word_1_315' title='bbox 1344 4560 1427 4633; x_wconf 90' lang='lat' dir='ltr'>ipsas</span> <span class='ocrx_word' id='word_1_316' title='bbox 1443 4565 1526 4616; x_wconf 87' lang='lat' dir='ltr'>ratas</span> <span class='ocrx_word' id='word_1_317' title='bbox 1542 4560 1657 4624; x_wconf 87' lang='lat' dir='ltr'>habere,</span> 
     </span>
     <span class='ocr_line' id='line_1_37' title="bbox 396 4663 1656 4738; baseline -0.005 -14"><span class='ocrx_word' id='word_1_318' title='bbox 396 4667 582 4724; x_wconf 88' lang='lat' dir='ltr'>auctorizare</span> <span class='ocrx_word' id='word_1_319' title='bbox 611 4671 641 4722; x_wconf 89' lang='lat' dir='ltr'>et</span> <span class='ocrx_word' id='word_1_320' title='bbox 667 4663 852 4722; x_wconf 89' lang='lat' dir='ltr'>confirmare</span> <span class='ocrx_word' id='word_1_321' title='bbox 875 4665 1082 4738; x_wconf 87' lang='lat' dir='ltr'>dignaremur.</span> <span class='ocrx_word' id='word_1_322' title='bbox 1113 4665 1382 4738; x_wconf 83' lang='lat' dir='ltr'>Quarumquidem</span> <span class='ocrx_word' id='word_1_323' title='bbox 1406 4675 1493 4722; x_wconf 89' lang='lat' dir='ltr'>tenor</span> <span class='ocrx_word' id='word_1_324' title='bbox 1517 4665 1588 4722; x_wconf 85' lang='lat' dir='ltr'>talis</span> <span class='ocrx_word' id='word_1_325' title='bbox 1604 4671 1656 4720; x_wconf 89' lang='lat' dir='ltr'>est:</span> 
     </span>
     <span class='ocr_line' id='line_1_38' title="bbox 396 4765 1658 4852; baseline -0.004 -22"><span class='ocrx_word' id='word_1_326' title='bbox 396 4768 470 4852; x_wconf 87' lang='lat' dir='ltr'>(vid.</span> <span class='ocrx_word' id='word_1_327' title='bbox 500 4788 564 4830; x_wconf 87' lang='lat' dir='ltr'>nro.</span> <span class='ocrx_word' id='word_1_328' title='bbox 600 4771 669 4842; x_wconf 85' lang='lat'>167,</span> <span class='ocrx_word' id='word_1_329' title='bbox 701 4786 782 4828; x_wconf 90' lang='lat' dir='ltr'>anno</span> <span class='ocrx_word' id='word_1_330' title='bbox 820 4785 910 4844; x_wconf 84' lang='lat'>1335.</span> <span class='ocrx_word' id='word_1_331' title='bbox 947 4788 973 4844; x_wconf 88' lang='lat'>9.</span> <span class='ocrx_word' id='word_1_332' title='bbox 1010 4765 1162 4847; x_wconf 77' lang='lat' dir='ltr'>Augusti).</span> <span class='ocrx_word' id='word_1_333' title='bbox 1198 4770 1259 4827; x_wconf 94' lang='lat' dir='ltr'>Nos</span> <span class='ocrx_word' id='word_1_334' title='bbox 1296 4771 1389 4843; x_wconf 86' lang='lat' dir='ltr'>igitur</span> <span class='ocrx_word' id='word_1_335' title='bbox 1424 4771 1521 4828; x_wconf 90' lang='lat' dir='ltr'>dictas</span> <span class='ocrx_word' id='word_1_336' title='bbox 1556 4769 1658 4827; x_wconf 90' lang='lat' dir='ltr'>consti·</span> 
     </span>
     <span class='ocr_line' id='line_1_39' title="bbox 397 4875 1659 4949; baseline -0.006 -13"><span class='ocrx_word' id='word_1_337' title='bbox 397 4879 543 4948; x_wconf 72' lang='lat' dir='ltr'>tuciones</span> <span class='ocrx_word' id='word_1_338' title='bbox 567 4879 718 4946; x_wconf 70' lang='lat' dir='ltr'>honestas</span> <span class='ocrx_word' id='word_1_339' title='bbox 742 4877 896 4949; x_wconf 87' lang='lat' dir='ltr'>legitimas</span> <span class='ocrx_word' id='word_1_340' title='bbox 918 4893 953 4934; x_wconf 90' lang='lat' dir='ltr'>ac</span> <span class='ocrx_word' id='word_1_341' title='bbox 969 4876 1131 4934; x_wconf 89' lang='lat' dir='ltr'>salviseras</span> <span class='ocrx_word' id='word_1_342' title='bbox 1148 4875 1213 4934; x_wconf 85' lang='lat' dir='ltr'>fore</span> <span class='ocrx_word' id='word_1_343' title='bbox 1229 4881 1456 4949; x_wconf 85' lang='lat' dir='ltr'>cognoscentes,</span> <span class='ocrx_word' id='word_1_344' title='bbox 1473 4876 1659 4949; x_wconf 87' lang='lat' dir='ltr'>presentibus</span> 
     </span>
     <span class='ocr_line' id='line_1_40' title="bbox 396 4981 1659 5057; baseline -0.006 -15"><span class='ocrx_word' id='word_1_345' title='bbox 396 4984 436 5042; x_wconf 89' lang='lat' dir='ltr'>de</span> <span class='ocrx_word' id='word_1_346' title='bbox 461 4985 559 5042; x_wconf 83' lang='lat' dir='ltr'>verbo</span> <span class='ocrx_word' id='word_1_347' title='bbox 583 4983 622 5041; x_wconf 92' lang='lat' dir='ltr'>ad</span> <span class='ocrx_word' id='word_1_348' title='bbox 646 4984 779 5041; x_wconf 89' lang='lat' dir='ltr'>verbum</span> <span class='ocrx_word' id='word_1_349' title='bbox 811 4984 962 5041; x_wconf 88' lang='lat' dir='ltr'>conscribi</span> <span class='ocrx_word' id='word_1_350' title='bbox 997 4983 1150 5054; x_wconf 86' lang='lat' dir='ltr'>facientes,</span> <span class='ocrx_word' id='word_1_351' title='bbox 1178 4983 1399 5057; x_wconf 87' lang='lat' dir='ltr'>approbamus,</span> <span class='ocrx_word' id='word_1_352' title='bbox 1423 4981 1610 5040; x_wconf 88' lang='lat' dir='ltr'>ratificamus</span> <span class='ocrx_word' id='word_1_353' title='bbox 1633 4985 1659 5036; x_wconf 90' lang='lat' dir='ltr'>et</span> 
     </span>
    </p>
   </div>
   <div class='ocr_carea' id='block_1_8' title="bbox 0 0 1806 5804">
    <p class='ocr_par' dir='ltr' id='par_1_8' title="bbox 0 0 1806 5804">
     <span class='ocr_line' id='line_1_41' title="bbox 0 0 1806 5804; baseline 0 0"><span class='ocrx_word' id='word_1_354' title='bbox 0 0 1806 5804; x_wconf 95' lang='lat' dir='ltr'> </span> 
     </span>
    </p>
   </div>
  </div>
 </body>
</html>
