3600 5804
522 493 596 552 Doc.
615 508 684 571 232.
702 507 770 572 233.
797 527 834 536 -
859 495 915 552 An.
940 493 1154 574 1355-1356.

794 686 881 752 232.

314 811 391 860 Anno
412 819 487 868 1355,
509 818 530 859 1.
549 809 647 860 martii.
669 809 823 876 Zagrabiae.

207 937 354 994 Jlficolaus
377 937 461 994 totitas
485 935 643 994 Slaooniae
665 945 693 995 et
720 937 855 995 Croatiac
877 937 977 1009 banus,
998 957 1115 997 causam
1138 959 1225 1014 quam
1247 941 1403 1014 capitulum
1427 959 1474 998 za·

326 1080 330 1088 ‚
372 1043 455 1117 grad.
476 1050 576 1100 contra
603 1044 678 1101 cives
707 1042 881 1102 Grechenses
903 1045 1014 1118 agebat,
1036 1047 1138 1103 iterum
1152 1053 1304 1120 prorogat.

293 1188 359 1246 Nos
383 1188 529 1246 Nicolaus
552 1188 651 1246 tocius
674 1187 838 1247 Sclauonie
861 1195 892 1246 et
914 1189 1042 1247 Croacie
1057 1189 1163 1248 banus.
1188 1189 1306 1248 Damus
1329 1206 1387 1264 pro
1410 1207 1474 1248 me-

199 1295 312 1366 moria,
334 1293 418 1368 quod
441 1309 497 1352 nos
517 1294 741 1353 discussionem
773 1301 804 1352 et
834 1295 1127 1353 determinacionem
1152 1311 1250 1368 cause,
1275 1309 1370 1369 quam
1393 1296 1473 1354 inter

198 1401 402 1458 honorabiles
423 1400 517 1472 viros,
541 1401 657 1458 scilicet
673 1401 848 1474 capitulum
863 1401 991 1458 ecclesie
1006 1401 1213 1473 zagrabiensis
1233 1403 1274 1458 ab
1297 1417 1366 1474 una,
1390 1402 1472 1460 iudi-

199 1522 279 1578 cem,
304 1507 420 1564 iuratos
444 1512 474 1564 et
496 1507 658 1565 universos
673 1506 757 1564 cives
773 1505 811 1563 de
827 1513 932 1564 monte
948 1505 1059 1577 Grech,
1074 1513 1109 1564 ut
1124 1513 1244 1565 actores
1265 1514 1353 1582 parte
1369 1509 1409 1565 ab
1425 1509 1469 1566 al·

199 1619 270 1671 tera
286 1615 371 1672 iuxta
387 1614 611 1672 continenciam
633 1614 775 1687 priorum
791 1614 966 1672 litterarum
981 1619 1158 1670 nostrarum
1182 1615 1468 1687 prorogatoriarum

200 1720 233 1777 in
257 1720 376 1778 octavis
398 1719 459 1777 diei
474 1735 623 1792 cynerum
640 1717 740 1777 iacere
763 1719 954 1790 tenebantur,
977 1724 1107 1792 propter
1123 1719 1260 1777 eiusdem
1283 1719 1468 1778 arduitatem

199 1826 242 1883 ad
268 1832 413 1884 octavum
438 1825 522 1885 diem
545 1824 607 1884 diei
627 1826 779 1884 adventus
801 1826 899 1883 nostri
922 1823 1116 1898 Zagrabiam,
1132 1824 1170 1882 ad
1188 1841 1315 1900 presens
1332 1825 1370 1884 de
1386 1827 1471 1884 curia

196 1933 289 2005 regia
319 1932 459 2004 faciendi,
490 1932 531 1990 ad
566 1937 705 1990 nostram
736 1931 904 2005 specialem
943 1931 1135 2004 presenciam
1162 1937 1242 1988 statu
1277 1933 1336 1989 sub
1368 1933 1473 2005 priori,

200 2039 438 2113 perhemptorie
450 2037 597 2095 duximus
613 2036 844 2110 prorogandam
859 2043 889 2094 et
905 2036 966 2094 fine
982 2036 1088 2094 debito
1103 2037 1338 2096 terminandam.
1354 2037 1470 2096 Datum

199 2143 363 2217 Zagrabie,
380 2144 565 2202 duodecimo
582 2142 632 2200 die
648 2143 771 2201 termini
786 2143 949 2216 prenotati,
963 2143 1052 2200 Anno
1069 2141 1186 2200 domini
1204 2143 1340 2202 MCCCL
1355 2145 1470 2217 quinto.

294 2279 435 2346 Originale
454 2279 482 2328 iu
501 2279 599 2328 charia.
628 2280 653 2327 A
671 2283 748 2344 tergo
773 2277 916 2344 vestigium
940 2276 1062 2342 impressi
1086 2276 1178 2343 sigilli.
1204 2276 1235 2326 In
1260 2277 1370 2328 archivo
1389 2279 1469 2328 Acad.

197 2367 299 2419 Scient.
319 2369 387 2418 Slav.
408 2367 500 2417 merid.

793 2510 880 2576 2³3.

309 2654 383 2702 Anno
406 2651 480 2711 1356.
503 2661 541 2713 14.
560 2651 682 2715 januarii.
702 2651 856 2717 Zagrabiae.

196 2780 400 2854 Margaretha
430 2779 542 2836 ducissa
572 2779 696 2853 capitulo
726 2777 844 2852 zagrab.
868 2778 986 2853 fratres
1016 2778 1180 2836 Heremitas
1207 2779 1237 2835 in
1260 2779 1467 2852 possessionem

623 2885 823 2942 Pristavs'tina
843 2885 936 2942 stanti
956 2885 1037 2942 iubet.

277 3017 467 3102 ‘Margareta
498 3029 548 3088 dei
578 3031 683 3102 gracia
705 3029 804 3087 tocius
830 3027 1001 3100 Sclauonie,
1025 3029 1152 3087 Croacie
1175 3035 1205 3086 et
1227 3029 1390 3087 Dalmacie
1414 3029 1469 3089 du-

196 3138 288 3194 cissa.
320 3135 479 3194 Fidelihus
510 3137 573 3194 suis
604 3135 743 3194 discretis
774 3135 850 3192 viris
881 3135 1020 3208 capitulo
1042 3135 1250 3208 zagrabiensis
1272 3135 1400 3193 ecclesie
1422 3151 1469 3193 sa·

198 3243 301 3299 lutem
326 3247 356 3298 et
375 3242 519 3314 graciam.
544 3241 699 3299 Noveritis
721 3240 804 3314 quod
828 3256 884 3298 nos
903 3241 1129 3315 possessionem
1152 3247 1289 3298 nostram
1312 3241 1467 3314 Pryztaw-

198 3347 319 3419 schyna
352 3353 494 3404 vocatmn
518 3347 604 3404 iuxta
627 3347 853 3420 possessionem
884 3344 1064 3404 Gradschan
1094 3345 1293 3418 adiacentem,
1317 3347 1359 3404 ob
1380 3362 1468 3420 spem

198 3467 299 3525 quam
321 3453 353 3508 in
377 3453 502 3509 beatam
524 3453 678 3524 virginem
701 3453 838 3524 gerimus
853 3451 1052 3524 singularem,
1069 3467 1104 3510 ac
1120 3453 1161 3510 ob
1177 3450 1351 3509 remedium
1366 3453 1468 3509 anime

197 3557 359 3631 quondam
383 3558 481 3616 incliti
500 3558 650 3633 principis
674 3558 791 3616 domini
808 3557 956 3632 Stephani
971 3558 1058 3616 ducis
1082 3558 1201 3616 domini
1223 3565 1253 3616 et
1276 3557 1466 3615 conthoralis

197 3664 298 3721 nostri
314 3663 477 3735 karissimi,
494 3678 612 3720 necnon
627 3679 686 3738 pro
702 3663 786 3721 felici
801 3669 881 3721 statu
898 3665 995 3722 incliti
1011 3665 1160 3738 principis
1176 3663 1295 3722 domini
1320 3663 1469 3746 Johannis

199 3769 297 3840 ducis,
321 3768 382 3826 filii
404 3770 502 3827 nostri
523 3768 687 3841 karissimi,
719 3769 868 3827 fratribus
884 3770 1051 3828 Heremitis
1074 3769 1202 3827 ecclesie
1224 3769 1313 3827 beate
1337 3769 1466 3842 virginis
1508 3805 1511 3814 ‚

197 3874 240 3932 de
263 3875 478 3948 promontorio
508 3875 708 3947 zagrabieusi,
739 3883 890 3950 perpetuo
921 3875 1067 3933 duximus
1090 3873 1341 3932 conservandam.
1364 3873 1467 3946 Quare

196 3979 346 4038 fidelitati
379 3987 481 4039 vestre
512 3981 645 4038 firmiter
678 3981 880 4055 precipiendo
914 3981 1107 4054 mandamus,
1143 3986 1293 4054 quatenus
1327 3985 1467 4038 vestrum

197 4087 329 4144 mittatis
352 4087 512 4144 hominem
542 4102 602 4161 pro
625 4087 801 4145 testimonio
830 4086 1031 4160 fidedignum,
1055 4088 1086 4144 in
1110 4087 1197 4144 cuius
1220 4085 1379 4158 presencia
1403 4101 1467 4142 ma·

197 4194 293 4265 gister
317 4191 508 4264 Benedictus,
532 4193 617 4250 filius
639 4193 804 4266 Dominici,
822 4193 958 4251 Thomas
982 4192 1021 4250 de
1037 4193 1223 4264 Morowcha,
1239 4198 1292 4249 aut
1315 4191 1408 4250 Gatal
1428 4191 1467 4249 de

197 4297 384 4369 Hraschyua
413 4297 551 4356 famulus
578 4297 717 4356 eiusdem
739 4299 882 4372 magistri
905 4298 1068 4370 Benedicti,
1092 4298 1190 4356 altero
1213 4297 1348 4369 absente,
1371 4297 1466 4354 homo

198 4407 310 4475 noster,
335 4403 461 4460 accedat
483 4403 524 4461 ad
547 4403 659 4462 faciem
682 4404 820 4478 predicte
851 4404 1054 4478 possessionis
1084 4404 1326 4476 Pryztawchyna
1349 4409 1465 4473 vocate,

198 4510 438 4582 convocatisque
465 4510 575 4568 vicinis
606 4516 637 4567 et
667 4511 886 4568 commetaneis
910 4509 1048 4568 eiusdem
1071 4509 1223 4567 universis
1246 4513 1276 4566 et
1298 4509 1374 4582 ipsis
1396 4525 1466 4582 pre·

199 4615 338 4674 sentibus
372 4621 486 4674 statuat
520 4615 651 4674 eandem
686 4632 758 4673 cum
792 4615 946 4674 universis
983 4615 1170 4674 utilitatibus
1204 4621 1235 4672 et
1268 4614 1465 4688 pertinenciis

199 4721 336 4778 eiusdem
380 4722 440 4778 sub
468 4722 528 4779 hiis
559 4722 808 4779 conclusionibus
840 4727 992 4778 metarum
1024 4727 1054 4779 et
1083 4721 1231 4793 terminis,
1260 4720 1374 4793 quibus
1397 4721 1465 4794 ipsa

199 4827 345 4884 hactenus
378 4833 483 4884 nostre
514 4829 667 4885 maiestati
697 4829 881 4901 pertinuisse
912 4827 1160 4900 dignoscebatur,
1195 4826 1283 4884 dictis
1316 4825 1464 4884 iratribus

199 4932 367 4990 Heremitis
401 4939 552 5007 perpetuo
576 4933 804 5007 possidendam,
828 4935 853 4992 si
877 4951 934 5008 per
957 4935 1122 5008 quospiam
1145 4948 1206 4990 non
1229 4932 1322 4990 fucrit
1344 4939 1464 4989 contra·

1326 5058 1357 5110 14
