3782 5812
536 539 609 596 Doc.
627 551 682 614 39.
706 551 757 614 4⁰·
785 570 820 578 —
848 537 903 594 An.
930 534 1143 612 1259-1261.

315 858 363 903 An.
388 864 461 915 1:59,
483 863 506 911 3.
526 855 580 902 dec.
601 852 743 918 Anagniae.

203 982 379 1038 Alexander
402 981 456 1038 IV.
482 981 569 1054 Papa
592 981 745 1055 confirmat
764 981 944 1038 donattbnem
970 982 1092 1040 duorum
1111 981 1333 1042 molendinorum
1361 984 1477 1058 Zagra-

294 1088 358 1144 biae
381 1106 400 1143 α
424 1088 498 1144 Belo
523 1087 577 1144 IV.
593 1087 710 1162 factam
731 1087 793 1144 eccl.
817 1087 840 1143 h.
865 1105 891 1146 tr.
916 1087 1036 1144 Marias
1059 1087 1118 1144 ord.
1148 1087 1387 1164 Cysterciensium.

299 1249 477 1308 Alexander
500 1251 664 1324 episcopus
688 1265 796 1307 servus
820 1263 981 1306 servorum
1007 1248 1064 1305 dei.
1089 1249 1219 1306 Dilectis
1242 1249 1316 1308 filiis
1333 1297 1339 1308 .
1354 1297 1360 1308 .
1377 1253 1474 1325 priori

205 1365 238 1415 et
263 1357 430 1414 conventui
454 1357 633 1414 monasterii
656 1364 760 1414 sancte
785 1356 880 1414 Marie
902 1356 941 1412 de
965 1355 1065 1413 insula
1081 1337 1414 1428 Egidii,'cisterciensis
1431 1374 1479 1416 or·

204 1463 300 1523 dinis.
332 1464 540 1536 zagabriensis
571 1461 732 1530 dioecesis,
764 1462 896 1519 salutem
929 1471 958 1518 et
987 1462 1189 1535 apostolicam
1223 1462 1476 1524 benedictionem.

205 1569 290 1626 Cum
315 1585 334 1626 a
356 1570 447 1626 nobis
470 1570 586 1642 petitur
609 1567 692 1639 quod
717 1569 831 1624 iustum
856 1574 901 1624 est
931 1575 962 1624 et
992 1567 1165 1639 honestum,
1190 1573 1252 1626 tam
1282 1570 1371 1642 vigor
1394 1573 1480 1643 equi·

206 1676 292 1742 tatis,
317 1689 410 1746 quam
435 1674 514 1731 ordo
537 1673 632 1745 exigit
655 1673 791 1742 rationis,
815 1679 849 1730 ut
873 1672 902 1730 id
928 1688 984 1746 per
1006 1672 1246 1731 sollicitudinem
1271 1673 1367 1733 officii
1382 1679 1479 1736 nostri

206 1780 248 1838 ad
275 1781 420 1839 debiturn
442 1779 630 1853 perducatur
660 1781 813 1838 effectum.
844 1777 923 1838 Sane
953 1779 1062 1852 petitio
1093 1785 1195 1838 vestra
1225 1781 1315 1838 nobis
1342 1783 1480 1842 exhibita

206 1887 397 1956 continebat,
423 1886 506 1960 quod
530 1887 708 1944 carissimus
732 1887 762 1944 in
786 1885 909 1943 Christo
932 1885 1017 1943 filius
1038 1891 1150 1956 noster,
1175 1886 1310 1959 Vngarie
1331 1905 1386 1948 rex
1409 1891 1481 1947 illu-

208 1993 296 2060 stris,
320 1993 382 2050 duo
405 1992 585 2051 molendina
607 2008 701 2066 super
723 1990 861 2062 lluvium,
893 1993 946 2064 qui
977 1999 1091 2050 terram
1122 1993 1329 2064 zagabriensis
1353 1997 1482 2070 capituli

209 2113 230 2154 a
254 2105 339 2155 terra
361 2099 452 2156 castri
477 2098 515 2156 de
538 2097 649 2167 Grech‚
671 2096 810 2155 eiusdeni
831 2099 921 2170 regis,
937 2097 1057 2168 dividit,
1074 2099 1104 2156 iu
1121 2099 1218 2172 ipsius
1233 2103 1325 2158 castri
1341 2102 1482 2160 districtu

209 2205 318 2278 posita
340 2210 369 2261 et
391 2204 429 2261 ad
455 2203 586 2261 eundem
617 2219 722 2276 regem
754 2204 931 2277 spectantia,
956 2204 1142 2262 monasterio
1170 2211 1273 2264 vestro
1297 2209 1381 2280 regia
1405 2209 1482 2266 libe·

209 2311 339 2368 ralitate
362 2310 497 2380 donavit,
522 2317 613 2383 prout
635 2312 664 2368 in
689 2311 799 2367 litteris
823 2310 920 2382 ipsius
943 2311 1024 2382 regis
1048 2309 1194 2368 consectis
1226 2311 1336 2370 exinde
1360 2315 1482 2386 plenius

208 2419 394 2474 continetur.
420 2417 483 2473 Nos
506 2418 609 2488 itaque
634 2417 745 2472 vestris
768 2416 913 2488 precibus
937 2415 1081 2486 inclinati,
1106 2416 1188 2490 quod
1213 2417 1253 2474 ab
1277 2417 1388 2476 eodem
1411 2435 1483 2493 rege

211 2522 334 2580 factum
358 2531 402 2580 est
427 2523 477 2596 pie
500 2538 535 2580 ac
558 2521 689 2595 provide
721 2525 751 2579 in
783 2522 840 2579 hac
872 2529 968 2596 parte,
997 2527 1098 2580 ratum
1122 2523 1269 2582 habentes
1293 2531 1322 2582 et
1345 2524 1482 2598 firmum,

208 2629 297 2687 illud
321 2630 501 2686 auctoritate
525 2627 696 2703 apostolica
719 2628 940 2686 confirmamus
964 2633 993 2686 et
1015 2630 1166 2701 presentis
1189 2631 1296 2704 scripti
1312 2633 1483 2704 patrocinio

208 2735 453 2792 communimus
478 2735 664 2792 Litterarum
689 2735 828 2808 ipsarum
852 2739 989 2792 tenorem
1013 2735 1051 2792 de
1075 2736 1172 2794 verbo
1195 2735 1232 2793 ad
1258 2738 1393 2795 verbum
1412 2755 1481 2813 pre·

210 2841 356 2898 sentibus
371 2840 463 2898 inseri
480 2840 633 2910 facientes,
647 2841 700 2913 qui
716 2840 788 2896 talis
804 2847 864 2896 est:
882 2833 966 2917 (vide
982 2839 1047 2898 doc.
1062 2855 1111 2914 37,
1125 2840 1163 2898 de
1179 2841 1229 2899 die
1244 2856 1269 2915 3.
1283 2843 1363 2917 april
1381 2845 1484 2922 1259.)

211 2947 305 3004 Nulli
329 2963 403 3021 ergo
425 2949 551 3004 omnino
575 2947 736 3004 hominum
752 2946 844 3003 liceat
860 2947 938 3004 hanc
954 2947 1099 3020 paginam
1115 2955 1218 3004 nostre
1241 2948 1486 3008 confirmationis

187 3049 373 3124 infrigere,
398 3055 449 3110 vel
474 3055 501 3110 ei
525 3068 600 3111 ausu
625 3053 790 3110 temerario
821 3053 979 3110 contraire.
1011 3051 1044 3111 Si
1074 3053 1143 3126 quis
1166 3060 1269 3110 autem
1294 3054 1352 3111 hoc
1375 3061 1484 3114 attem-

211 3167 308 3234 ptare
333 3160 564 3233 presumpserit
589 3159 831 3230 indignationem
855 3159 1074 3232 omnipotentis
1098 3158 1147 3216 dei
1169 3165 1199 3218 et
1222 3159 1386 3218 beatorum
1403 3161 1484 3220 Petri

211 3274 244 3324 et
282 3265 370 3322 Pauli
400 3265 616 3338 apostolorum
646 3265 712 3321 eius
742 3266 925 3350 senoverit
955 3266 1158 3324 incursurum.
1192 3265 1304 3324 Datum
1337 3269 1484 3342 Anagnie,

210 3374 256 3430 lll
284 3387 381 3429 nonas
403 3371 586 3430 decembris
611 3371 809 3428 Pontificatus
833 3373 929 3428 nostri
952 3385 1031 3430 anuo
1055 3373 1169 3444 quinto.

309 3523 449 3590 Originale
469 3525 496 3574 in
515 3526 674 3582 membrana,
699 3527 823 3591 plumbea
848 3525 985 3590 pontificia
1012 3527 1085 3578 bulla
1110 3528 1241 3592 dependet
1266 3542 1282 3577 a
1304 3529 1402 3580 sericea
1421 3547 1486 3584 zona

214 3613 299 3663 rubri
321 3621 347 3662 et
364 3613 426 3662 ssavi
447 3613 553 3664 coloris.
573 3613 603 3663 In
622 3614 693 3663 arch.
714 3630 769 3664 ven.
786 3629 841 3679 cap.
856 3617 917 3664 eccl.
931 3615 1035 3680 zagrab.
1050 3615 1134 3684 Typis
1147 3616 1268 3681 vulgavit
1281 3617 1355 3682 Joan.
1369 3618 1485 3672 Tkaltic.

215 3703 292 3752 Mon.
311 3702 371 3752 hist.
393 3702 471 3767 episc.
491 3703 596 3767 zagrab.
616 3705 668 3754 vol.
688 3701 707 3753 1.
728 3719 752 3770 p.
776 3713 832 3763 123.

329 4041 376 4087 nn.
400 4038 473 4086 1261.
823 3986 891 4053 40⁸

217 4166 328 4224 Μανία
349 4165 451 4238 regina
475 4165 650 4238 Hungariae
672 4167 779 4223 cibibus
808 4164 1016 4225 Greclemibus
1037 4169 1159 4228 debitum
1182 4171 1366 4230 ducentarum
1383 4182 1488 4247 pensa-

218 4289 296 4338 rum,
318 4289 391 4345 quas
413 4271 488 4327 bano
511 4273 661 4328 annuatim
677 4273 784 4329 solvere
807 4273 981 4344 tenebantur,
1000 4276 1256 4352 recitaturoque
1277 4279 1402 4338 concedit
1421 4282 1490 4355 ipsis

555 4379 600 4434 ius
621 4377 787 4452 conferendi
806 4378 967 4452 beneficium
982 4381 1160 4453 parochiale.

314 4558 411 4615 illaria
445 4556 495 4614 dei
529 4559 633 4629 gracia
666 4559 772 4630 regina
801 4544 969 4632 Hungarie.¹
1001 4561 1154 4620 Omnibus
1188 4563 1303 4622 Christi
1334 4564 1489 4636 fidelibus,

221 4669 382 4738 presentes
413 4664 532 4720 litteras
556 4664 738 4736 inspecturis
761 4664 893 4722 salutem
917 4667 946 4723 in
972 4683 1046 4726 vero
1071 4668 1207 4726 salutari.
1240 4669 1345 4728 Solent
1368 4672 1491 4746 scriptis

221 4769 323 4843 redigi
356 4769 436 4828 facta
464 4770 636 4839 hominum,
667 4785 705 4827 ne
731 4785 878 4843 processu
910 4775 1060 4846 temporis
1084 4790 1102 4832 a
1125 4776 1275 4833 memoria
1299 4775 1490 4835 delabantur.

221 4877 323 4949 Igitur
353 4875 391 4934 ad
424 4875 641 4933 universorum
672 4881 735 4932 tam
766 4879 960 4950 presencium
992 4895 1085 4951 quam
1117 4887 1311 4954 posterorum
1346 4884 1492 4942 noticiam

222 4982 436 5055 significamus
460 4981 574 5054 quibus
605 4981 731 5054 expedit
760 4997 817 5056 per
847 4984 1041 5056 presencium
1072 4991 1219 5058 tenorem,
1252 4988 1335 5061 quod
1365 5005 1437 5046 cum
1460 4991 1492 5048 in
