3600 5804
465 602 537 659 Doc.
561 614 632 676 2²9·
656 615 726 677 230,
754 633 789 642 —
815 601 871 658 An.
895 611 1106 677 1354-1555.
1357 615 1416 670 207

153 801 346 875 plenitudine
375 801 494 860 ducalis
524 803 684 877 potestatis
713 807 864 875 perpetuo
894 799 1046 858 valituras
1069 797 1292 856 confirmamus
1317 803 1417 857 totum

153 913 291 964 tenorem
315 907 495 966 earumdem
519 908 693 966 litterarum
717 906 835 964 domini
858 904 1007 980 Stephani
1022 906 1104 978 regis
1120 905 1159 962 ad
1175 905 1330 964 cautelam
1345 907 1419 963 ube·

152 1013 268 1070 riorem
291 1013 330 1070 de
352 1015 451 1072 verbo
475 1009 670 1070 adverbum
694 1012 919 1086 transumptive
943 1012 1138 1086 presentibus
1161 1012 1255 1069 inseri
1271 1010 1419 1070 iaciendo.

153 1118 186 1176 ln
209 1120 297 1176 cuius
320 1119 365 1177 rei
385 1119 596 1176 testimonium
631 1127 877 1192 perpetuamque
906 1117 1085 1176 firmitatem
1116 1125 1274 1192 presentes
1297 1133 1419 1176 conces·

152 1225 249 1282 simus
273 1225 392 1284 litteras
415 1230 536 1283 nostras
560 1224 772 1298 privilegiales
797 1223 958 1297 pendentis
982 1229 1013 1281 et
1036 1225 1181 1282 autentici
1204 1225 1300 1296 sigilli
1322 1226 1420 1282 nostri

153 1331 324 1390 munimine
346 1333 517 1390 roboratas
547 1331 665 1389 Datum
687 1347 744 1404 per
768 1346 878 1388 manus
901 1330 1043 1402 magistri
1066 1329 1202 1403 Georgii,
1226 1331 1297 1387 aule
1316 1337 1420 1388 nostre

154 1437 381 1510 prothonotarii
404 1445 434 1496 et
459 1437 581 1494 comitis
605 1436 644 1494 de
666 1436 776 1508 Orbaz,
807 1435 913 1494 dilecti
944 1447 974 1494 et
1002 1435 1105 1494 fidelis
1127 1437 1233 1495 nostri.
1256 1436 1347 1506 loco,
1371 1435 1422 1494 die

154 1548 184 1599 et
204 1557 285 1601 anno
306 1531 509 1618 supradictis,
532 1542 606 1602 dicti
629 1549 734 1600 autem
757 1543 855 1599 nostri
878 1541 1007 1600 ducatus
1030 1557 1110 1600 anno
1133 1543 1244 1616 primo.

246 1677 386 1743 Originale
405 1678 432 1728 in
451 1678 609 1736 membrana,
628 1677 727 1728 sericea
747 1677 843 1728 viridis
861 1693 926 1727 zona
944 1678 1077 1743 appendet
1095 1677 1196 1740 absque
1214 1675 1313 1741 sigillo.
1332 1675 1363 1726 Iu
1379 1691 1419 1725 ar-

155 1765 224 1814 chiv.
244 1781 299 1815 ven.
320 1765 398 1830 capit.
418 1768 522 1832 zagrab.
543 1767 603 1816 fase.
626 1776 664 1825 13.
684 1782 722 1816 nr.
742 1767 783 1828 96.
804 1765 924 1815 Farlatti.
945 1765 1013 1818 Illir.
1033 1781 1097 1815 sacr.
1118 1766 1149 1814 V.
1171 1781 1195 1829 p.
1215 1773 1273 1824 435.

746 2016 834 2083 229.

242 2087 320 2134 Anno
342 2095 417 2146 1354,
437 2095 477 2135 20.
498 2085 595 2135 martii.

244 2197 391 2254 Nicolaus
417 2199 510 2256 totius
533 2197 699 2257 Slavoniae
722 2205 751 2256 et
775 2197 917 2257 Croatiae
944 2200 1042 2256 banus
1070 2199 1283 2256 transsummit
1305 2198 1423 2256 civitati

157 2301 275 2360 litteras
297 2305 456 2362 Laurentii
479 2305 650 2363 thavarnici
675 2313 781 2363 eontm
804 2306 978 2379 capitulum
1001 2306 1080 2362 latas
1103 2321 1182 2362 anno
1210 2305 1300 2378 1346.

244 2421 315 2472 Vide
334 2421 405 2472 infra
422 2438 519 2473 annum
540 2423 614 2482 1361,
634 2425 657 2474 8.
677 2423 775 2474 martii.

746 2673 837 2738 230.

263 2795 339 2844 Anno
362 2804 435 2854 1355,
458 2805 478 2844 l.
498 2795 596 2846 martii.
616 2797 712 2846 Bndae.

182 2921 381 2997 Margaretlra
403 2925 525 2995 ducissa,
547 2946 583 2984 ne
605 2928 700 3001 aliqui
720 2926 875 2984 homicidae
894 2934 994 2984 cantra
1017 2927 1190 2984 uoluntatem
1206 2927 1413 2983 communitatis

423 3031 602 3102 Grcclunsis,
625 3035 654 3089 in
678 3033 794 3090 eandem
818 3033 1027 3106 ingrediantur,
1050 3034 1175 3090 assentit.

246 3173 311 3232 Nos
334 3177 530 3248 Margaretha
551 3177 601 3234 dei
624 3179 728 3250 gracia
751 3193 918 3251 regnorum
946 3176 1117 3246 Selauonie,
1144 3177 1272 3234 Croacie
1295 3181 1326 3234 et
1349 3175 1423 3233 Dal·

161 3281 257 3338 macie
281 3281 411 3338 ducissa.
435 3284 583 3340 Memorie
599 3285 863 3356 commendamus,
880 3284 963 3357 quod
980 3299 1036 3341 nos
1052 3284 1173 3341 civibus
1196 3289 1227 3341 et
1249 3283 1424 3356 hospitibus

160 3386 197 3442 de
219 3388 345 3444 civitate
369 3387 515 3446 Grecensi
531 3405 587 3462 per
608 3398 765 3462 presentes
789 3391 953 3448 annuimus
976 3395 1005 3446 et
1030 3390 1245 3458 concessimus,
1268 3394 1302 3445 ut
1325 3389 1425 3445 homi-

160 3509 233 3550 num
256 3493 468 3552 interfectores
498 3511 551 3552 seu
575 3495 716 3564 omicide,
740 3497 826 3553 iuxta
850 3497 1008 3566 libertatis
1026 3497 1166 3568 ipsorum
1193 3495 1424 3569 prerogativam

161 3605 246 3656 extra
270 3601 432 3674 propriam
453 3602 608 3659 civitatem
626 3609 656 3660 et
672 3603 926 3660 communitatem
943 3601 1123 3660 eorumdem
1140 3602 1298 3674 hospitum
1315 3593 1426 3678 (omni-

161 3701 211 3782 no)
234 3709 344 3764 exules
367 3709 427 3766 sint
449 3715 479 3765 et
502 3710 627 3778 exclusi,
650 3725 724 3781 ymo
740 3710 861 3783 penitus
877 3707 1047 3766 secundum
1070 3708 1261 3780 exigenciam
1285 3707 1424 3780 ipsorum

161 3812 341 3870 libertatum
366 3815 632 3887 privilegiatorum
658 3815 823 3872 demedio
854 3815 994 3888 ipsorum
1022 3814 1195 3870 evellentur
1218 3814 1269 3882 ita,
1293 3817 1327 3869 ut
1350 3828 1425 3869 nun-

162 3935 254 3991 quam
279 3921 380 3994 ipsam
403 3921 560 3979 civitatem
584 3928 613 3979 et
637 3923 667 3978 in
694 3937 803 3978 eorum
834 3921 1026 3977 consorcium
1057 3920 1214 3992 aliquibus
1244 3918 1373 3975 cautelis
1396 3925 1426 3974 et

163 4026 373 4084 occasionibus
397 4027 516 4098 ingredi
539 4029 662 4085 valeant
684 4033 777 4100 atque
801 4027 927 4100 possint,
951 4031 1004 4082 aut
1027 4024 1180 4096 condigno
1203 4025 1358 4097 supplicio
1374 4039 1426 4080 ex·

164 4147 304 4190 cessuum
327 4149 455 4191 suorum
480 4133 629 4191 feriantur
660 4141 689 4191 et
721 4134 904 4207 puniantur;
928 4133 1001 4205 quia
1031 4132 1076 4188 nil
1099 4131 1186 4189 iustis
1210 4131 1330 4188 iusticia
1354 4145 1425 4203 pro-

164 4237 269 4309 desset,
294 4241 321 4296 si
346 4241 437 4297 malis
461 4241 583 4298 malicia
608 4255 717 4298 eorum
747 4255 807 4297 non
840 4241 969 4296 obesset.
1001 4237 1032 4296 Si
1062 4254 1136 4295 vero
1161 4239 1304 4295 voluntas
1327 4237 1424 4310 ipsius

165 4347 392 4403 communitatis
416 4351 446 4402 et
469 4362 633 4404 consensus
657 4345 757 4416 suerit,
781 4340 838 4425 (ut)
862 4347 940 4402 tales
971 4343 1121 4402 omicidas
1145 4344 1174 4400 in
1198 4343 1328 4400 eandem
1352 4343 1426 4399 civi-

165 4457 255 4508 tatem
279 4457 310 4509 et
333 4452 364 4509 in
388 4452 581 4509 consorcium
605 4467 713 4509 eorum
737 4458 952 4526 assumpmant
975 4458 1004 4509 et
1028 4452 1187 4525 recipiant,
1211 4455 1323 4506 extunc
1345 4448 1376 4506 id
1394 4455 1423 4505 et

167 4571 218 4614 nos
240 4559 388 4615 volumus
412 4565 441 4615 et
463 4559 640 4615 testimonio
663 4559 855 4632 presencium
876 4559 1067 4628 assentimus,
1092 4562 1270 4614 nontamen
1294 4548 1426 4634 (aliquo)

168 4663 257 4720 modo
280 4671 387 4721 contra
410 4664 551 4738 ipsorum
573 4665 776 4735 voluntatem,
804 4669 837 4721 ut
869 4671 915 4721 est
939 4664 1134 4737 premissum,
1159 4661 1278 4735 ingredi
1303 4663 1426 4720 valeant

168 4775 255 4842 atque
278 4771 405 4844 possint.
429 4772 544 4828 Datum
569 4770 662 4841 Bude,
690 4772 719 4828 in
753 4770 887 4828 secunda
919 4769 1074 4827 dominica
1097 4769 1342 4841 quadragesime.
1366 4783 1426 4840 qua

168 4883 303 4933 cantatur
325 4875 544 4934 Reminiscere.
568 4877 659 4934 Anno
682 4876 801 4935 domini
826 4877 935 4934 MCCC
959 4876 1216 4950 quinquagesimo
1239 4875 1355 4947 quinto.

252 4993 394 5059 Originale
413 4994 439 5043 in
457 4995 616 5044 membrana.
636 4997 658 5045 Α
678 5001 754 5060 tergo
774 4996 801 5044 in
820 4995 905 5060 ligula
925 4994 1090 5043 membranea
1112 4991 1231 5057 fragmen
1254 4991 1374 5056 impressi
1393 4992 1426 5041 si·

170 5079 223 5145 gill.
242 5081 272 5132 In
290 5083 390 5133 archiv.
410 5085 427 5134 l.
447 5100 468 5133 r.
488 5083 537 5134 civ.
557 5083 660 5150 zagrab.
