3782 5812
852 561 927 618 Doc.
953 555 981 617 8.
1010 593 1046 602 —
1073 559 1129 616 An
1155 571 1239 642 1217.

510 828 558 876 An.
581 832 655 879 1217.
1019 771 1055 836 ⁸⁹

401 971 535 1029 Andreas
556 971 596 1028 ln
622 971 721 1042 Hung.
746 978 792 1027 etc.
810 989 872 1037 rex,
888 970 1034 1043 praecepit
1046 966 1200 1026 salinariis
1217 978 1323 1042 „super
1337 969 1497 1026 Marise'um
1507 968 1674 1042 fluvium“‚

400 1087 433 1135 ut
454 1079 488 1134 de
509 1077 618 1135 salibus
640 1079 783 1152 aquaticis
805 1078 1018 1152 quinquagenta
1048 1093 1163 1132 marcas
1186 1077 1319 1150 efficiens,
1344 1075 1485 1131 canonicas
1507 1075 1599 1131 eccles.
1624 1093 1675 1130 aa·

395 1185 482 1262 grob.
514 1185 667 1259 quotannis
693 1191 760 1240 aitte
779 1185 889 1258 festum
915 1201 936 1240 s.
968 1181 1109 1255 Stephani
1133 1183 1208 1255 regis
1233 1182 1349 1238 solvant
1373 1189 1458 1254 atque
1485 1179 1673 1252 Zagrobr'am

902 1307 990 1363 usque
1013 1289 1164 1362 deportent.

489 1449 628 1509 Andreas
659 1450 708 1508 dei
739 1452 842 1524 gracia
870 1451 1036 1523 Hungarie‚
1070 1451 1238 1519 Dalmacie,
1263 1449 1398 1518 Croacie,
1423 1449 1527 1516 Reme,
1553 1446 1672 1518 Servie,

401 1557 542 1624 Gallicie,
565 1556 810 1630 Lodomerieque
833 1574 888 1614 rex
913 1557 943 1614 in
969 1563 1161 1629 perpetuum.
1193 1557 1348 1614 Immensa
1372 1571 1482 1627 regum
1506 1553 1672 1628 dapsilitas

400 1655 473 1722 licet
496 1663 592 1720 nullis
615 1662 709 1720 dandi
725 1663 879 1720 limitibus
895 1664 1067 1722 coharctari
1084 1663 1205 1733 debeat,
1222 1662 1260 1720 ad
1279 1663 1351 1719 illos
1368 1669 1471 1718 tamen
1487 1659 1672 1732 diligencius

296 1831 309 1842 ,
403 1769 616 1827 munificencie
639 1785 692 1826 sue
716 1768 796 1826 dona
820 1768 913 1826 debet
936 1769 1113 1840 extendere,
1138 1769 1191 1841 qui
1215 1776 1245 1826 et
1269 1768 1491 1842 temporalium
1516 1768 1672 1824 bonorum

400 1878 543 1948 impensu
568 1875 627 1932 sibi
651 1874 784 1932 fideliter
808 1876 1005 1944 obsecuntur,
1029 1881 1059 1932 et
1081 1877 1111 1932 in
1134 1875 1300 1933 offerendis
1316 1876 1495 1932 oraclonum
1513 1873 1673 1930 sacrificiis

402 1997 459 2056 pro
485 1997 560 2054 pace
584 1981 665 2053 regis
689 1989 719 2038 et
743 1982 827 2054 regni
854 1981 912 2038 deo
935 1980 1050 2056 jugiter
1066 1998 1100 2038 ac
1117 1982 1228 2038 devote
1246 1980 1443 2037 famulantur.
1468 1979 1548 2036 Cum
1567 1979 1672 2050 itaque

400 2087 482 2144 curis
506 2091 535 2142 et
559 2084 730 2142 defectibus
754 2087 955 2144 ecclesiarum
979 2088 1119 2144 omnium
1144 2087 1175 2144 in
1199 2102 1295 2158 regno
1320 2091 1424 2142 nostro
1448 2084 1571 2142 Christo
1589 2085 1673 2140 mili·

403 2193 548 2262 tancium,
581 2207 687 2249 earum
720 2199 821 2250 tamen
855 2193 989 2250 maxime
1015 2210 1074 2265 que
1105 2193 1143 2250 ad
1168 2208 1224 2250 nos
1248 2191 1374 2265 speciali
1399 2195 1581 2264 patronatus
1604 2191 1672 2246 iure

401 2299 571 2374 pertinent,
604 2297 783 2370 diligentem
808 2315 965 2373 apponere
990 2299 1222 2371 providenciam
1247 2297 1432 2364 debeamus;
1464 2297 1672 2368 zagrabiensis

400 2404 547 2462 dioecesis
571 2405 794 2463 monasterium
825 2422 881 2479 per
905 2413 1044 2462 nostrum
1078 2415 1302 2464 antecessorem
1326 2409 1467 2460 sanctum
1491 2402 1672 2459 ladislaum

399 2525 504 2584 regem
528 2510 715 2568 immortalis
739 2513 889 2568 memorie
922 2511 1102 2580 fundatum,
1134 2510 1334 2584 postmodum
1367 2519 1468 2566 autem
1498 2509 1673 2566 multorum

402 2617 510 2690 elapsu
543 2623 721 2689 temporum
754 2616 860 2674 divina
883 2618 926 2674 sic
950 2617 1132 2690 disponente
1155 2619 1258 2690 gracia
1281 2617 1378 2674 nostri
1403 2621 1584 2689 patronatus
1608 2613 1673 2671 suf-

398 2721 500 2795 fragio
524 2721 709 2791 dedicatum,
734 2724 899 2795 temporali
924 2725 1111 2780 commercio
1134 2723 1275 2780 volentes
1297 2731 1400 2778 eterna
1419 2729 1544 2789 metere,
1567 2721 1673 2776 buius-

400 2828 485 2886 modi
510 2828 687 2900 larglcionis
709 2827 863 2901 stipendio
888 2829 1076 2886 liberalitate
1100 2831 1184 2900 regia
1209 2829 1240 2885 in
1264 2835 1453 2902 perpetuum
1477 2825 1672 2883 dotavimus:

402 2943 553 3008 quatenus
577 2933 714 2991 salinarii
736 2950 830 3007 super
853 2934 969 2991 llarisii
992 2933 1123 2991 ssuvium
1146 2935 1309 2991 constituti
1326 2932 1364 2990 de
1380 2933 1498 2989 salibus
1521 2932 1675 3003 aquaticis

401 3039 542 3114 eiusdem
566 3040 694 3097 ecclesie
716 3040 870 3098 canonicis
886 3047 917 3097 et
932 3055 992 3098 non
1011 3041 1167 3113 episcopo,
1185 3040 1295 3097 valens
1312 3037 1535 3111 quinquaginta
1551 3053 1675 3095 marcas

401 3145 439 3202 de
464 3146 582 3203 salibus
605 3145 635 3202 in
659 3146 727 3203 loco
752 3147 805 3218 qui
830 3156 958 3203 vocatur
986 3145 1128 3218 Zegedin‚
1159 3145 1316 3203 annuatim
1342 3151 1412 3201 ante
1438 3143 1550 3200 testum
1575 3146 1673 3200 sancti

400 3251 482 3322 regis
513 3249 661 3323 Stephani
692 3251 872 3324 persolvere
904 3258 1080 3321 teneantur,
1112 3267 1147 3309 ac
1181 3252 1242 3309 iam
1275 3251 1365 3308 dictis
1396 3249 1550 3307 canonicis
1573 3265 1673 3322 usque

403 3334 585 3429 Zagrabiam
617 3357 734 3428 absque
766 3357 851 3413 omni
883 3358 999 3414 tributo
1031 3357 1248 3431 deportandiS,
1280 3367 1404 3414 etcum
1430 3354 1610 3414 omnimoda
1636 3355 1673 3412 li·

402 3463 531 3532 bertate,
555 3463 580 3519 si
605 3463 648 3519 eis
672 3463 844 3536 expedierit
868 3463 1042 3520 vendicioni
1067 3463 1265 3536 exponendis
1292 3465 1408 3520 Verum
1434 3463 1507 3535 quia
1525 3462 1569 3519 rei
1585 3471 1673 3533 geste

401 3568 552 3625 memoria
575 3567 659 3626 facili
685 3570 774 3642 lapsu
800 3570 980 3626 mortalium
1005 3577 1122 3627 mentes
1153 3569 1284 3640 deserit,
1316 3577 1346 3627 et
1370 3586 1430 3641 que
1454 3569 1505 3643 pia
1529 3567 1673 3624 fidebam

401 3672 538 3746 disponit
561 3673 709 3731 sedulitas
733 3676 762 3732 in
787 3675 889 3748 sopito
913 3675 1156 3747 malignancium
1181 3676 1319 3748 impulsu
1342 3673 1527 3748 quandoque
1544 3673 1674 3744 contigit

402 3779 560 3850 vacillare,
585 3785 618 3836 ut
641 3781 700 3837 hoc
723 3797 741 3837 a
764 3781 854 3838 nobis
870 3797 928 3854 pro
946 3789 1123 3838 nostrorum
1144 3782 1324 3839 remissione
1342 3789 1539 3854 peccatorum
1567 3779 1672 3836 divine

402 3886 524 3959 pietatis
555 3886 665 3943 intuitu
697 3887 834 3960 legitime
866 3886 946 3944 lacta
978 3888 1107 3960 largicio
1139 3875 1200 3944 non
1232 3903 1287 3960 per
1320 3886 1499 3956 salinari05,
1531 3900 1590 3942 non
1615 3901 1674 3957 per

403 3981 583 4074 quempiam
615 3993 713 4049 alium
745 3983 870 4050 alterati
903 3994 952 4049 vel
987 3994 1148 4051 retractari
1179 3995 1297 4063 valeat,
1333 3993 1424 4049 huius
1454 3992 1670 4048 execucionem

402 4097 522 4168 negocii
537 4098 605 4154 vice
623 4104 736 4169 nostra,
753 4104 856 4155 sancte
873 4100 1041 4156 colocensis
1059 4100 1186 4157 ecclesie
1202 4099 1436 4171 archiepiscopo
1449 4097 1671 4166 commisimus,

402 4203 445 4260 ita
470 4202 623 4274 videlicet,
639 4209 673 4261 ut
693 4206 819 4262 excluso
841 4206 982 4276 quolibet
1005 4207 1223 4263 salinariorum
1247 4213 1277 4262 et
1301 4207 1435 4261 aliorum
1458 4203 1671 4276 quorumlibet

402 4309 598 4382 gravamine,
631 4325 809 4383 sumpmam
844 4311 905 4367 iam
943 4311 1022 4368 dicte
1046 4313 1174 4384 pecunie
1198 4313 1339 4383 quolibet
1362 4325 1441 4383 annp
1465 4311 1555 4383 plene
1580 4307 1672 4366 laciat

403 4414 579 4488 adimpleri.
603 4415 640 4472 Et
664 4423 697 4472 ut
718 4417 774 4473 hec
798 4432 854 4490 per
877 4419 981 4474 omnia
1000 4433 1213 4474 successorum
1231 4424 1407 4474 nostrorum
1424 4425 1564 4488 tempora
1583 4414 1672 4472 salva
1744 4429 1746 4434 ·

404 4535 529 4593 semper
560 4527 590 4578 et
622 4521 799 4580 inconcussa
831 4533 1047 4596 permaneant,
1079 4529 1253 4597 presentem
1287 4524 1493 4580 concessimus
1525 4523 1670 4596 paginam

404 4626 501 4699 sigilli
533 4627 629 4685 nostri
657 4629 828 4686 munimine
860 4630 890 4686 in
921 4636 1107 4702 perpetuum
1129 4631 1317 4686 roboratam.
1343 4627 1458 4684 Datum
1483 4643 1538 4701 per
1562 4642 1672 4683 manus

404 4731 537 4821 llugrini
561 4733 632 4790 aule
655 4735 739 4806 regie
763 4732 934 4806 cancelarii,
959 4751 1038 4792 anno
1061 4737 1101 4793 ab
1122 4735 1333 4792 incarnacione
1356 4733 1474 4790 domini
1491 4731 1671 4789 MCCXVll.

404 4839 585 4898 Venerabili
606 4840 746 4922 Johanne
769 4841 980 4914 strigoniensi,
1012 4841 1181 4899 reverendo
1206 4839 1373 4898 Bertholdo
1398 4818 1550 4896 colocensi
1572 4838 1671 4894 archi·

405 4944 558 5017 episcopis
577 4945 794 5016 existentibus,
818 4946 935 5004 Calano
952 4946 1273 5019 quinqueecclesiensi,
1291 4945 1451 5002 Desiderio
1466 4943 1671 5014 chanadiensi,

405 5049 567 5107 Vilhelmo
591 5052 800 5124 transylvano,
824 5053 962 5110 Roberto
985 5052 1219 5126 vesprimiensi,
1240 5049 1364 5108 Simone
1380 5049 1563 5120 varadiensi,
1580 5049 1671 5106 Petro
