3728 5806
423 559 482 614 272
841 545 914 602 Dor.
937 541 1010 624 284„
1037 579 1074 590 -
1099 544 1268 624 An.1578.

422 740 582 811 habituris,
605 741 738 798 salutem
762 742 793 800 in
819 743 928 800 salutis
949 743 1105 816 largitore.
1130 744 1176 801 De
1200 745 1395 817 singulorum
1418 749 1596 821 provisione
1619 751 1680 806 sive

420 845 552 903 comodo
575 846 702 905 solliciti
726 847 807 904 circa
838 855 974 906 sanctam
1005 853 1138 906 matrem
1171 851 1342 920 ecclesiam,
1370 868 1463 924 quam
1488 855 1575 912 cultu
1599 871 1682 913 vene

420 967 527 1008 ramur
549 952 707 1026 precipuo
731 969 838 1010 curam
862 953 1043 1027 impendere
1066 954 1235 1013 debeamus
1258 957 1434 1030 specialem,
1458 966 1493 1016 ut
1516 961 1547 1017 in
1571 977 1606 1018 ea
1627 961 1682 1018 deo

421 1057 606 1114 famulantes
629 1059 714 1131 regio
738 1059 845 1116 favore
868 1061 935 1117 sive
959 1059 1109 1118 beneficio
1132 1061 1249 1120 inducti
1273 1063 1375 1136 quiete
1397 1067 1506 1123 vivant
1529 1071 1560 1124 et
1583 1068 1680 1140 plara-

421 1164 518 1221 bilem
541 1165 676 1224 hostiam
699 1165 811 1223 offerre
834 1167 959 1224 valeant
982 1167 1139 1226 salvatori.
1162 1167 1295 1227 Proinde
1318 1170 1359 1227 ad
1389 1171 1607 1230 universorum
1634 1189 1683 1230 no-

421 1271 525 1328 ticiam
559 1272 671 1328 harum
704 1273 782 1329 serie
818 1273 965 1330 volumus
1001 1275 1173 1346 pervenire,
1204 1275 1289 1347 quod
1319 1276 1482 1349 religiosus
1513 1277 1564 1334 vir
1593 1277 1683 1335 frater

422 1376 545 1448 Paulus,
568 1377 686 1436 ordinis
710 1379 940 1436 Heremitarum
964 1380 1061 1436 sancti
1085 1379 1172 1438 Pauli
1195 1381 1291 1453 primi
1314 1381 1473 1439 Heremite
1489 1381 1528 1439 de
1551 1385 1681 1441 claustro

421 1483 510 1540 beate
542 1484 671 1556 virginis
701 1484 740 1542 de
774 1487 988 1557 promontorio
1018 1487 1217 1558 zagrabiensi,
1249 1503 1305 1544 sua
1328 1503 1364 1544 ac
1387 1489 1605 1546 universorum
1626 1489 1682 1546 fra·

421 1595 504 1647 trum
528 1589 758 1648 Heremitarum
784 1591 917 1648 indicto
942 1592 1078 1649 claustro
1101 1591 1159 1649 deo
1183 1591 1406 1650 famolancium
1430 1594 1461 1651 in
1486 1601 1591 1652 nostre
1606 1611 1682 1652 sere·

420 1697 524 1754 nitatis
546 1698 706 1754 humiliter
731 1699 881 1757 veniendo
905 1699 1098 1772 presenciam
1121 1700 1263 1756 exhibuit
1282 1701 1372 1758 nobis
1396 1702 1549 1774 quasdam
1570 1703 1681 1760 litteras

420 1799 632 1876 privilegiales
657 1805 842 1862 venerabilis
873 1806 904 1862 in
937 1804 1061 1862 Christo
1094 1807 1198 1878 patris,
1230 1805 1348 1864 domini
1375 1807 1526 1865 Demetrii
1550 1809 1681 1882 episcopi

419 1910 636 1982 zagrabiensis,
659 1910 730 1966 aule
750 1917 864 1978 ¹nostre
893 1911 1070 1968 cancellarii
1100 1917 1131 1968 et
1159 1912 1289 1986 capituli
1319 1913 1441 1987 locique
1472 1914 1619 1982 eiusdem,
1641 1921 1680 1970 te·

418 2016 502 2072 noris
525 2015 722 2089 infrascripti,
746 2017 925 2090 supplicans
949 2023 1054 2075 nostro
1079 2018 1208 2076 culmini
1231 2019 1316 2090 regio
1338 2019 1499 2076 humiliter
1519 2025 1550 2076 et
1566 2020 1680 2090 devote,

418 2127 453 2178 ut
475 2122 600 2180 easdem
623 2123 741 2180 litteras
765 2123 977 2197 privilegiales
1002 2123 1040 2181 de
1055 2125 1154 2182 verbo
1170 2124 1210 2182 ad
1228 2125 1361 2182 verbum
1381 2127 1578 2199 presentibus
1593 2127 1679 2184 insen'

419 2237 449 2285 et
472 2229 679 2301 transumpmi
703 2228 851 2300 faciendo,
874 2237 1033 2302 acceptare
1056 2237 1086 2287 et
1101 2230 1255 2288 ratificare
1279 2237 1309 2288 et
1331 2246 1390 2304 pro
1413 2232 1525 2289 eodem
1548 2233 1677 2290 claustro

419 2335 508 2391 beate
531 2335 660 2407 virginis
690 2342 720 2392 et
744 2335 893 2393 fratribus
924 2337 955 2393 in
986 2336 1096 2394 eodem
1127 2338 1328 2395 existentibus
1351 2339 1592 2412 privilegialiter
1614 2355 1679 2396 con·

417 2440 544 2498 firmare
567 2441 773 2514 dignaremur.
798 2442 937 2515 Quarum
963 2448 1050 2500 tenor
1072 2443 1144 2501 talis
1168 2451 1227 2500 est:
1252 2437 1326 2521 (vid.
1349 2461 1394 2502 nr.
1421 2443 1490 2503 aba.
1516 2461 1563 2503 an.
1590 2443 1677 2518 1376,

423 2549 468 2608 16.
493 2541 647 2624 Augusti).
670 2547 734 2606 Nos
756 2549 851 2622 igitur
873 2549 961 2606 iustis
993 2555 1023 2606 et
1052 2549 1129 2606 iuris
1160 2550 1301 2607 consonis
1330 2550 1442 2625 prefati
1466 2550 1572 2609 fratn's
1595 2551 1678 2608 Pauli

418 2657 575 2716 Heremite
598 2656 882 2730 supplicacionibus
905 2671 961 2712 sua
984 2672 1019 2712 ac
1040 2657 1259 2713 universorum
1291 2655 1424 2714 fratrum
1451 2658 1679 2715 Heremitanrm

418 2765 553 2820 claustro
576 2763 606 2820 in
631 2762 771 2836 predicto
794 2761 852 2818 deo
869 2761 1091 2820 famulancium
1108 2763 1140 2819 in
1156 2764 1296 2835 personis
1311 2771 1415 2821 nostre
1435 2765 1597 2822 humiliter
1611 2779 1680 2838 por-

417 2871 508 2927 rectis
531 2869 692 2939 maiestati,
715 2869 800 2940 regia
832 2869 946 2941 pietate
976 2869 1121 2938 inclinati,
1154 2869 1289 2942 prelatas
1320 2870 1438 2927 litteras
1469 2871 1679 2944 privilegiales

417 2977 482 3034 sine
505 2981 670 3048 augmento
695 2979 725 3030 et
747 2973 954 3032 diminucione
984 2975 1114 3046 aliquali
1145 2974 1183 3030 de
1216 2976 1312 3032 verbo
1339 2975 1378 3032 ad
1402 2977 1537 3033 verbum
1560 2993 1679 3049 presen-

418 3084 502 3141 tibus
536 3083 666 3140 insertas
706 3087 912 3154 acceptamus
943 3081 1157 3153 approbamus
1188 3081 1377 3139 ratificamus
1412 3098 1448 3140 ac
1481 3099 1540 3156 pro
1575 3082 1678 3140 eodem

418 3190 553 3246 claustro
576 3194 606 3245 et
628 3186 776 3245 fratribus
800 3187 831 3244 in
854 3185 965 3243 eodem
987 3201 1046 3260 pro
1070 3202 1150 3244 nunc
1173 3189 1257 3244 etin
1284 3187 1423 3246 futurum
1454 3187 1677 3256 constituendis,

418 3295 521 3368 quoad
544 3309 651 3352 omnes
674 3295 720 3351 sui
743 3293 908 3364 clausulas,
925 3295 1129 3350 continencias
1146 3301 1176 3350 et
1191 3295 1337 3352 articulos
1357 3305 1509 3368 perpetuo
1534 3296 1678 3352 valituras

417 3400 646 3472 confirmamus,
670 3400 841 3473 patrocinio
864 3400 1060 3473 presencium
1083 3401 1246 3473 mediante,
1263 3403 1358 3460 salvis
1377 3401 1539 3460 dumtaxat
1563 3402 1678 3459 iuribus

417 3507 534 3564 alienis
565 3508 599 3564 ln
630 3507 716 3564 cuius
746 3506 792 3562 rei
824 3507 1008 3564 memoriam
1038 3507 1281 3580 firmitatemque
1311 3513 1495 3581 perpetuam
1527 3511 1678 3581 presentes

418 3615 624 3671 concessimus
647 3613 765 3670 litteras
787 3620 907 3670 nostras
932 3613 1152 3687 privilegiales,
1178 3589 1338 3686 pendentis
1361 3621 1393 3670 et
1415 3615 1564 3672 autentici
1586 3613 1677 3686 sigilli

416 3720 513 3777 nostri
536 3720 608 3776 novi
631 3718 788 3792 dupplicis
830 3720 1000 3778 munimine
1030 3719 1199 3776 roboratas.
1231 3719 1347 3776 Datum
1378 3735 1434 3793 per
1457 3736 1568 3777 manus
1592 3735 1676 3776 rene

416 3825 526 3882 rabilis
549 3825 578 3881 in
604 3825 728 3882 Christo
751 3825 848 3898 patris
872 3831 902 3882 et
934 3825 1060 3892 domini,
1088 3825 1207 3882 domini
1241 3825 1391 3882 Demetrii
1415 3827 1556 3899 episcopi
1578 3841 1675 3898 zagra-

416 3932 539 4002 biensis,
564 3931 634 3987 aule
657 3939 760 3987 nostre
784 3931 1038 4002 vicecancellarii,
1070 3931 1175 3989 dilecti
1207 3940 1236 3988 et
1260 3931 1362 3988 fidelis
1385 3933 1490 3990 nostri.
1515 3936 1605 3990 Anno
1626 3931 1675 3988 do

416 4039 492 4095 mini
516 4037 626 4094 MCCC
657 4038 885 4110 septuagesimo
914 4044 1034 4109 octavo,
1067 4039 1117 4096 Vl.
1149 4037 1296 4095 kalendas
1327 4039 1441 4096 mensis
1471 4039 1557 4120 Julii.
1584 4037 1674 4111 Regni

416 4149 520 4200 autem
542 4143 639 4200 nostri
663 4157 742 4199 anno
757 4143 913 4200 tricesimo
929 4145 1070 4217 septimo,
1088 4143 1328 4200 Venerabilibus
1345 4145 1375 4200 in
1392 4143 1517 4200 Christo
1539 4145 1674 4218 patribus

415 4257 445 4306 et
468 4249 610 4319 dominis,
634 4248 729 4306 fratre
752 4248 917 4323 Stephano,
950 4251 1112 4322 colocensi,
1143 4266 1229 4307 sacre
1260 4251 1370 4323 pagine
1397 4252 1557 4323 magistro
1590 4251 1674 4308 Petro

414 4353 556 4430 jadrensi,
581 4356 717 4427 Ugulino
740 4356 907 4429 spalatensi
931 4362 962 4413 et
978 4357 1086 4428 Ugone
1103 4357 1303 4428 raugusiensi,
1319 4357 1576 4430 archiepiscopis;
1592 4357 1673 4413 Eme-

414 4463 479 4519 rico
502 4462 642 4534 agriensi,
666 4461 776 4518 eodem
805 4463 965 4519 Demetrio
996 4463 1196 4534 zagrabiensi,
1223 4462 1361 4520 Gublino
1392 4463 1592 4532 transilvan0‚
1620 4463 1674 4520 Va·

415 4569 532 4625 lentino
566 4568 886 4641 quinqueecclesiensi,
918 4567 1114 4626 decretorum
1144 4567 1279 4638 doctore,
1311 4567 1455 4626 Ladislao
1487 4568 1674 4638 waradiensi,

415 4673 578 4731 Gilhermo
602 4672 758 4749 jauriensi‚
782 4674 873 4731 Petro
897 4675 1129 4748 wesprimiensi,
1153 4674 1250 4732 Paulo
1273 4673 1477 4744 chanadiensi‚
1503 4675 1598 4732 fratre
1617 4675 1675 4731 Do·

414 4781 528 4837 minico
551 4781 704 4852 boznensi¹
728 4781 819 4838 Petro
842 4781 1004 4852 wacyensi,
1027 4781 1167 4862 Jobanne
1198 4781 1371 4852 syrmiensi,
1395 4779 1490 4837 fratre
1513 4781 1674 4838 Dominieo

413 4886 560 4956 nitriensi,
584 4885 681 4943 Paulo
703 4887 833 4959 tiniensi,
857 4887 1017 4944 Demetrio
1041 4888 1177 4958 nonensi,
1202 4886 1376 4960 Grisogono
1398 4888 1592 4960 traguriensi,
1617 4889 1675 4944 Ma-

415 4993 486 5050 theo
508 4993 702 5064 sybinicensi,
732 4993 888 5067 Stephano
919 4992 1040 5064 farensi,
1071 4995 1187 5077 Jacobo
1220 4994 1398 5064 macarensi,
1420 4993 1543 5052 Thoma
1566 4997 1672 5052 corba·
