3600 5804
542 542 615 600 Duc.
638 537 707 600 182.
736 575 772 584 -
799 541 855 600 An.
879 557 967 622 1343.
1326 561 1384 620 159

135 757 233 800 ronum
270 743 355 814 regni
394 742 492 800 nostri
522 741 706 800 ratificatam
738 742 934 814 aliquatenus
964 749 1181 816 presumpmat
1213 743 1386 802 molestare.

137 851 161 907 ln
181 849 370 922 corporalem
394 853 498 906 autem
520 849 745 922 possessionem
762 847 843 906 dicte
859 849 1013 906 libertatis
1029 849 1131 922 ipsum
1148 849 1319 922 capitulum
1337 865 1384 906 za-

135 955 279 1028 grabiense
303 971 358 1027 per
382 955 502 1026 Rawaz‚
531 955 601 1012 aule
620 961 724 1012 nostre
740 953 874 1012 militem
904 953 1030 1011 fidelem
1055 962 1085 1012 et
1107 954 1303 1028 familiarem,
1327 956 1386 1012 sub

136 1062 295 1118 testimonio
320 1061 453 1118 hominis
475 1061 604 1134 capituli
628 1061 755 1118 ecclesie
779 1061 1108 1134 quinqueecclesiensis
1139 1061 1268 1118 fecimus
1292 1063 1385 1119 intro-

136 1167 215 1234 duci;
237 1172 391 1241 presentes
414 1173 517 1225 autem
542 1167 618 1224 dum
642 1167 731 1224 nobis
755 1165 868 1225 fuerint
891 1173 1048 1242 reportate
1075 1169 1106 1225 in
1131 1167 1264 1225 sormam
1289 1169 1385 1226 nostri

136 1275 278 1346 privilegii
300 1273 399 1347 redigi
423 1275 578 1332 iaciemus.
603 1274 718 1330 Datum
743 1274 773 1331 in
798 1273 974 1345 vissegrad,
998 1275 1029 1331 in
1049 1275 1182 1332 crastino
1209 1273 1277 1332 festi
1299 1277 1387 1334 beate

137 1379 219 1438 Lucie
248 1382 383 1454 virginis.
422 1384 510 1439 Anno
546 1380 664 1438 domini
696 1378 865 1437 millesimo
899 1381 1113 1438 tercentesimo
1148 1380 1387 1454 quadragesimo

136 1487 263 1546 secundo.

217 1607 236 1658 Ε
255 1615 417 1672 transumpto
437 1606 562 1671 Stephani
584 1605 729 1671 praepositi
751 1604 1042 1670 quinqueecclesiensis,
1062 1621 1130 1657 anno
1153 1617 1224 1666 1343.

713 1819 796 1884 182.

233 1965 305 2012 Anno
327 1971 401 2022 1343,
425 1970 461 2019 13Δ
480 1959 604 2024 januarii,
623 1960 776 2024 Zagrabiae.

147 2091 242 2148 Modus
262 2090 395 2164 eugendi
415 2091 524 2148 tributa
547 2091 579 2148 t'n
601 2090 716 2146 civitate
745 2086 910 2156 Greclrensi,
934 2089 1011 2146 inter
1031 2090 1187 2162 capitulum
1211 2091 1328 2163 zagrab.
1353 2099 1381 2150 et

265 2199 407 2254 ciuitatem
430 2197 532 2253 montis
558 2193 738 2264 Greclrenst's,
760 2195 903 2251 communi
924 2212 1069 2262 consensu,
1092 2196 1246 2253 stabilitur.

214 2341 393 2416 Capitulum
424 2339 631 2412 zagrabiensis
663 2338 798 2396 ecclesie.
823 2337 984 2396 Universis
1017 2341 1209 2412 presencium
1240 2341 1386 2398 noticiam

137 2448 284 2516 habituris,
308 2447 440 2504 salutem
463 2446 494 2503 in
519 2444 645 2502 domino
668 2443 763 2526 Jhesu
787 2443 920 2502 Christo.
944 2445 1071 2502 Dudum
1095 2447 1173 2504 inter
1190 2461 1246 2504 nos
1262 2453 1291 2504 et
1307 2447 1389 2504 cives

137 2551 291 2612 Grecenses
315 2552 450 2626 quedam
474 2551 595 2609 fuerant
626 2556 732 2608 exorte
762 2549 923 2619 discordie,
954 2551 1033 2608 inter
1063 2557 1163 2608 cetera
1187 2567 1280 2626 super
1303 2567 1391 2610 exac-

139 2659 214 2717 cione
235 2661 330 2718 nostri
353 2659 464 2717 tributi
487 2659 518 2715 in
541 2663 647 2715 monte
670 2663 700 2714 et
724 2657 880 2714 territorio
907 2655 1097 2726 eorumdem,
1122 2673 1216 2731 super
1240 2673 1301 2731 quo
1325 2665 1391 2716 tan-

139 2763 202 2823 dem
224 2781 291 2824 cum
313 2766 390 2838 ipsis
413 2765 535 2822 civibus
559 2763 741 2821 devenimus
771 2762 810 2819 ad
842 2762 1048 2832 concordiam,
1083 2763 1161 2821 sicut
1184 2763 1322 2822 declarat
1344 2779 1392 2822 ar·

140 2871 240 2929 ticulus
262 2873 290 2929 in
314 2871 426 2928 litteris
449 2869 679 2928 communitatis
709 2867 880 2938 Grecensis
912 2883 989 2941 quas
1019 2869 1179 2936 habemus
1212 2871 1330 2944 positus
1362 2873 1392 2930 in

142 2979 189 3034 bec
211 2979 315 3035 verba:
341 2976 403 3034 Nec
427 2975 466 3034 ad
489 2976 650 3049 querelam
680 2989 949 3048 quorumcumque
980 2975 1173 3032 solvencium
1197 2977 1392 3036 tributarios

142 3083 374 3150 intromittemus,
394 3097 502 3156 ymmo
525 3081 708 3139 discussioni
731 3079 869 3138 eiusdem
901 3081 1030 3154 capituli
1062 3087 1162 3138 totum
1186 3083 1392 3156 relinquimus

142 3190 220 3247 etad
243 3191 344 3264 ipsum
369 3190 614 3248 transmittemus
638 3187 842 3260 querelantes.
866 3186 903 3243 Et
925 3193 959 3243 ut
983 3187 1083 3244 omnis
1103 3190 1313 3246 controversie
1329 3204 1393 3248 ma-

143 3297 209 3354 teria
231 3297 259 3354 in
282 3299 338 3354 hac
363 3303 451 3370 parte
474 3296 603 3352 tollatur
626 3294 664 3350 de
688 3291 800 3360 medio,
825 3309 881 3366 per
909 3292 1043 3350 iudicem
1067 3299 1096 3350 et
1120 3295 1202 3351 cives
1225 3295 1393 3354 Grecenses

143 3406 234 3478 sepius
256 3405 404 3478 requisiti,
429 3405 459 3460 in
483 3404 542 3460 hiis
565 3401 688 3473 scriptis
712 3399 914 3459 declaramus.
940 3400 1074 3472 qualiter
1094 3399 1204 3458 debeat
1220 3403 1324 3475 ipsum
1341 3404 1394 3460 tri·

143 3512 241 3568 butum
261 3520 290 3570 et
312 3529 330 3568 a
352 3511 467 3584 quibus
490 3509 581 3582 exigi,
606 3517 638 3566 ut
662 3507 700 3564 de
725 3509 782 3566 hoc
805 3507 865 3580 ipsi
888 3506 971 3562 cives
995 3505 1154 3564 certificati
1179 3505 1299 3565 facilius
1323 3523 1393 3581 pos·

144 3617 195 3673 sint
216 3617 343 3675 evadere
373 3618 399 3674 si
430 3617 484 3689 qui
515 3615 629 3672 suerint
660 3614 862 3687 querelantes.
893 3616 974 3670 Ante
1003 3615 1107 3671 omnia
1138 3615 1220 3671 enim
1252 3613 1393 3686 dicimus,

146 3723 219 3794 quod
241 3724 341 3797 ipsum
366 3723 518 3780 tributum
543 3721 647 3794 regale
678 3725 723 3776 est
755 3727 784 3776 et
815 3721 858 3776 sic
885 3720 1070 3792 generaliter
1093 3736 1125 3777 se
1149 3719 1187 3777 ad
1212 3735 1319 3778 omnes
1343 3738 1395 3780 ex·

145 3829 266 3896 tendens,
288 3845 404 3902 nosque
427 3830 531 3902 ipsum
556 3843 593 3884 ex
617 3827 788 3884 collacione
811 3826 895 3898 regia
912 3827 1089 3899 optinemus
1105 3841 1175 3884 cum
1193 3826 1395 3888 validissimis

144 3936 287 4007 regalibus
310 3935 529 4000 instrumentis,
553 3940 582 3991 et
605 3932 676 3990 ideo
691 3931 730 3988 ad
748 3932 938 3989 solucionem
956 3932 1060 4005 ipsius,
1078 3931 1172 3989 modo
1188 3931 1393 4007 infrascripto,

145 4053 240 4099 omnes
262 4051 290 4099 et
312 4041 427 4114 singuli
451 4041 639 4112 obligantur,
671 4038 724 4110 qui
755 4053 773 4095 a
804 4037 961 4095 solucione
988 4037 1127 4095 eiusdem
1151 4039 1320 4098 canonibus
1344 4041 1394 4097 vel

145 4145 254 4219 legibus
274 4155 326 4206 aut
351 4163 406 4222 per
429 4147 533 4218 regale
557 4145 758 4219 privilegium
783 4149 961 4201 emanatum
980 4149 1050 4201 ante
1072 4145 1274 4202 collacionem
1298 4122 1395 4220 ipsius

144 4253 223 4310 nobis
246 4253 354 4312 laetam
378 4254 429 4310 vel
453 4253 551 4310 eciam
575 4267 631 4325 per
653 4257 773 4308 nostras
804 4251 922 4308 litteras
945 4265 1005 4308 non
1031 4251 1227 4323 reperiuntur
1249 4253 1394 4326 exempti.

145 4355 237 4416 Primo
259 4361 351 4432 igitur
374 4359 412 4416 de
435 4358 565 4430 singulis
588 4357 731 4414 curribus
756 4357 911 4413 baliarum
948 4371 1019 4413 cum
1051 4357 1206 4414 mercibus
1229 4357 1394 4427 honeratis,

145 4479 193 4520 nos
213 4465 369 4538 disligatis,
391 4463 541 4536 Zagrabie
565 4463 801 4528 transeuntibus,
825 4476 1022 4534 quocumque
1045 4467 1075 4518 et
1098 4461 1314 4534 undecumque
1338 4479 1395 4536 per

145 4573 320 4629 territorium
345 4571 484 4644 ipsorum
507 4570 710 4628 Grecensium
742 4569 792 4625 vel
823 4574 972 4637 nostrum,
1004 4584 1103 4643 prope
1126 4568 1319 4640 Zagrabtam
1344 4569 1396 4627 de·

145 4676 246 4734 bentur
267 4680 379 4736 nostris
402 4677 574 4736 tributariis
597 4674 762 4733 duodecim
785 4675 902 4732 denarii
926 4676 999 4732 boni
1024 4675 1158 4744 banales,
1176 4689 1299 4748 semper
1322 4677 1395 4733 sub·

146 4782 333 4856 intelligendo
356 4783 395 4841 de
418 4781 594 4840 huiusmodi
628 4781 770 4843 denariis,
795 4795 929 4854 quorum
956 4781 1151 4855 septuaginta
1175 4781 1214 4838 ad
1239 4782 1318 4854 plus,
1344 4798 1395 4840 va·

147 4887 219 4946 leant
240 4907 333 4948 unum
356 4890 395 4947 de
417 4904 494 4947 auro
517 4903 597 4962 puro
619 4887 770 4946 florenum
796 4888 845 4944 vel
869 4887 1024 4944 ducatum.
1049 4887 1189 4959 Exigitur
1215 4887 1314 4944 eciam
1343 4890 1396 4946 tri-

149 4993 248 5052 butum
268 4996 374 5055 ordine
396 4995 525 5054 inferius
548 4993 692 5052 distincto
709 4993 747 5051 de
762 4994 950 5051 animalibus
966 4999 996 5050 et
1011 4995 1105 5050 rebus
1129 4994 1198 5051 aliis
1223 4995 1395 5065 venalibus,
