3854 5806
387 557 450 634 456
817 555 966 614 Audendo.
993 590 1030 600 -
1057 553 1218 634 Art1376.

386 757 517 827 gistrum
535 755 659 811 Petrum
680 753 720 810 ad
743 755 856 812 dictam
874 755 993 814 curiam
1009 771 1098 812 suam
1113 756 1322 812 canonicalem
1339 761 1484 828 spectare,
1512 771 1567 827 per
1586 769 1655 826 pre-

388 860 466 917 fatos
490 875 564 916 vero
588 861 734 916 abbatem
758 868 788 916 et
811 861 876 916 eius
900 860 1010 918 iratres
1030 862 1060 919 in
1077 869 1159 918 terra
1174 860 1254 917 dicte
1270 845 1398 917 ecclesie
1415 861 1504 916 beate
1520 859 1652 930 virginis

388 967 518 1023 existere
542 972 631 1021 etex
656 981 692 1022 eo
714 965 751 1021 ad
778 967 878 1038 ipsam
902 967 1063 1024 ecclesiam
1088 966 1217 1037 virginis
1240 967 1374 1038 gloriose
1401 965 1439 1022 de
1463 966 1529 1022 iure
1558 965 1649 1037 perti-

388 1087 460 1128 nere
485 1071 597 1127 debere
620 1073 808 1128 contrariose
832 1073 967 1144 allegati,
992 1073 1055 1129 litis
1083 1073 1211 1128 materia
1234 1077 1327 1141 mota,
1352 1071 1534 1143 diuciusque
1557 1071 1650 1126 venti-

390 1179 453 1233 lata
478 1177 659 1244 exstitisset;
684 1178 812 1249 ipseque
835 1178 980 1234 dominus
1008 1179 1162 1261 Johannes
1193 1179 1357 1251 episcopus
1389 1177 1529 1250 partibus
1561 1191 1654 1249 super

388 1283 547 1354 premissis
575 1297 679 1338 coram
705 1284 772 1355 ipso
796 1282 1006 1340 diversimode
1030 1283 1274 1356 disceptantibus
1298 1289 1368 1356 post
1392 1283 1554 1354 longinqui
1577 1289 1655 1338 tem-

389 1389 475 1462 poris
491 1389 630 1460 spacium
649 1389 748 1460 ipsam
767 1404 891 1444 causant
909 1389 1042 1446 dominis
1059 1388 1097 1446 de
1113 1391 1250 1462 capitulo
1266 1404 1322 1446 suo
1343 1389 1534 1460 zagrabiensi
1551 1389 1582 1444 in
1600 1402 1655 1444 sua

388 1509 521 1568 persona
545 1493 584 1550 de
607 1494 683 1550 iuris
706 1495 841 1566 equitate
865 1493 1080 1552 diffiniendam
1103 1497 1314 1552 commisisset.
1340 1494 1436 1551 iidem
1454 1493 1579 1550 tandem
1599 1491 1655 1549 do-

388 1601 464 1656 mini
489 1597 527 1655 de
551 1599 688 1672 capitulo
711 1601 902 1672 zagrabiensi
926 1617 984 1673 pro
1009 1602 1132 1658 scienda
1155 1602 1379 1674 premissorum
1392 1600 1530 1666 veritate,
1549 1601 1654 1656 missis

387 1706 424 1762 de
442 1706 566 1777 collegii
584 1720 691 1762 eorum
709 1705 811 1762 medio
828 1707 965 1778 quinque
982 1707 1121 1780 personis
1138 1707 1263 1775 idoneis,
1281 1707 1383 1779 ipsum
1401 1703 1532 1761 fundum
1550 1705 1656 1762 balnei

387 1828 443 1886 per
466 1812 723 1868 conscienciosam
747 1811 982 1883 inquisicionem
1006 1811 1189 1869 eorumdem
1218 1812 1431 1869 consociorum
1460 1825 1588 1866 suorum
1612 1808 1652 1866 ad

388 1919 444 1974 hoc
469 1917 598 1972 elective
623 1918 883 1987 transmissorum,
908 1917 946 1974 ad
971 1917 1088 1974 dictam
1111 1917 1272 1974 ecclesiam
1291 1918 1379 1973 beate
1396 1915 1524 1987 virginis
1540 1913 1578 1972 de
1596 1913 1652 1971 Za-

389 2023 498 2094 grabia
522 2030 551 2078 et
574 2037 634 2077 non
658 2021 696 2078 ad
721 2023 837 2079 curiam
863 2023 959 2095 ipsius
982 2025 1122 2095 magistri
1146 2023 1227 2079 Petri
1256 2023 1464 2079 canonicalem
1498 2022 1653 2092 pertinere

388 2127 502 2184 debere
525 2127 727 2200 reperissent;
755 2129 861 2199 sicque
888 2128 982 2186 iidem
1000 2129 1118 2186 domini
1135 2127 1173 2184 de
1189 2128 1325 2200 capitulo
1342 2125 1533 2200 zagrabiensi
1551 2127 1655 2199 ipsum

387 2233 518 2290 fundum
544 2233 645 2289 balnei
670 2241 830 2306 comperta
862 2235 1038 2292 huiusmodi
1070 2251 1160 2292 cause
1193 2235 1322 2291 veritate
1346 2235 1376 2290 in
1408 2233 1505 2306 ipsius
1536 2231 1656 2289 domini

388 2340 526 2412 episcopi
550 2354 681 2412 persona
705 2341 822 2397 eteius
846 2341 1017 2414 episcopali
1040 2341 1221 2398 auctoritate
1245 2341 1304 2412 ipsi
1329 2341 1477 2412 magistro
1495 2339 1584 2395 Petro
1607 2355 1656 2396 ra-

386 2447 472 2503 cione
487 2445 644 2502 ulterioris
656 2445 870 2517 acquisicionis
887 2445 1033 2512 ciusdem,
1051 2447 1173 2504 silentio
1190 2454 1341 2520 perpetuo
1357 2447 1512 2518 impositu,
1538 2443 1657 2518 prefate

386 2551 513 2608 ecclesie
549 2552 637 2607 beate
662 2551 791 2622 virginis
817 2568 888 2608 cum
919 2553 1005 2609 omni
1036 2551 1228 2625 plenitudine
1259 2552 1307 2608 sui
1337 2553 1412 2608 iuris
1442 2550 1655 2608 adiudicantes

388 2663 538 2731 perpetua
562 2657 732 2714 stabilitate
753 2657 949 2730 reliquissent
982 2657 1211 2732 possidendum.
1237 2659 1268 2714 ln
1298 2671 1431 2729 quorum
1465 2657 1654 2713 contrarium

386 2764 619 2836 prenominatus
640 2762 782 2834 Gerynus
798 2765 875 2820 civis
898 2763 1060 2820 Grecensis
1076 2780 1113 2820 ex
1129 2763 1261 2820 adverso
1279 2761 1457 2834 exurgendo
1480 2761 1657 2835 predictum

385 2871 532 2926 balneum
553 2868 591 2925 ad
609 2868 769 2926 dominam
786 2877 960 2927 consortem
977 2885 1073 2938 suam,
1091 2869 1190 2928 tiliam
1207 2869 1351 2926 videlicet
1370 2869 1503 2942 Maphye
1520 2867 1654 2925 condam

387 2979 464 3035 civis
488 2977 568 3033 dicte
592 2977 725 3033 civitatis
749 2975 912 3034 Grecensis
935 2978 1001 3034 iure
1024 2977 1212 3033 successorio
1236 2976 1403 3049 perennali,
1427 2989 1464 3031 eo
1488 2973 1572 3046 quod
1595 2989 1653 3048 per

386 3091 507 3157 patrem
533 3081 613 3138 dicte
629 3081 754 3138 domine
767 3083 873 3140 uxoris
889 3098 944 3138 sue
960 3088 1156 3156 prenotatum
1169 3089 1199 3140 et
1215 3083 1281 3140 eius
1298 3081 1531 3155 predecessores
1551 3081 1657 3154 ipsum

384 3191 530 3246 balneum
555 3189 595 3244 ab
619 3187 728 3244 eadem
752 3189 881 3245 ecclesia
907 3191 993 3244 beate
1017 3189 1146 3260 virginis
1171 3204 1256 3245 more
1281 3187 1413 3260 prediali
1443 3201 1501 3260 pro
1531 3185 1658 3243 annuali

387 3311 479 3352 censu
503 3302 532 3350 et
556 3295 635 3350 iusto
660 3293 766 3350 debito
787 3295 1036 3364 conservabatur,
1064 3297 1252 3351 contrariose
1274 3299 1421 3366 spectare,
1450 3293 1657 3364 universaque

384 3399 529 3458 hedificia
545 3406 575 3455 et
590 3415 686 3471 opera
703 3399 806 3471 lignea
822 3399 961 3456 eiusdem
977 3400 1124 3472 quelibet,
1141 3405 1269 3472 excepta
1285 3399 1352 3456 sola
1368 3414 1429 3456 una
1441 3399 1533 3456 stuba
1546 3413 1653 3470 parva,

387 3523 449 3579 que
471 3521 529 3579 per
552 3504 782 3577 predecessores
806 3505 881 3562 dicti
904 3505 1023 3562 domini
1045 3507 1167 3562 abbatis
1191 3505 1354 3562 incudem
1383 3505 1495 3562 balneo
1530 3511 1653 3577 reperta

385 3613 479 3671 fuisse
503 3613 671 3682 dicebatur,
688 3628 745 3684 per
760 3617 881 3685 patrem
899 3612 979 3670 dicte
995 3613 1120 3669 domine
1136 3613 1242 3670 uxoris
1258 3628 1312 3669 sue
1327 3611 1517 3668 antedictum
1537 3617 1566 3666 et
1588 3611 1654 3666 eius

387 3719 619 3794 predecessores
636 3720 666 3775 in
683 3720 751 3791 ipso
764 3719 877 3776 balneo
893 3725 1068 3776 constructa
1085 3717 1179 3776 fuisse
1191 3717 1336 3786 referens,
1350 3718 1422 3774 licet
1438 3717 1653 3789 quamplures

388 3827 508 3884 litteras
532 3823 612 3881 dicte
634 3825 768 3881 civitatis
792 3824 954 3882 Grecensis
978 3831 1007 3881 et
1030 3825 1107 3880 alias
1131 3840 1225 3897 super
1248 3821 1428 3880 vendicione
1444 3829 1475 3878 et
1491 3823 1653 3894 empcione

387 3933 462 3989 dicti
485 3931 589 3987 balnei
610 3946 666 4004 per
688 3945 783 3986 unum
808 3929 908 3986 civem
933 3929 1072 3986 eiusdem
1095 3931 1228 3987 civitatis
1251 3929 1289 3986 ad
1312 3929 1409 3986 alium
1427 3943 1515 3985 more
1530 3943 1655 4000 semper

384 4037 517 4112 prediali
541 4044 571 4093 et
592 4052 684 4093 censu
708 4037 833 4093 annuali
858 4036 918 4108 ipsi
940 4035 1067 4092 ecclesie
1092 4037 1180 4092 beate
1197 4036 1325 4107 virginis
1349 4033 1546 4091 observando
1563 4033 1652 4100 facta,

387 4143 549 4214 coniectas,
566 4143 656 4199 nobis
679 4141 944 4198 demonstraverit.
970 4141 1086 4199 Tamen
1111 4143 1183 4214 quia
1208 4141 1290 4199 idem
1314 4140 1456 4212 Gerynus
1479 4141 1557 4196 civis
1579 4137 1655 4196 Gre-

388 4249 486 4305 censis
509 4248 626 4304 litteras
651 4248 904 4305 convencionales
927 4262 1022 4320 super
1044 4249 1141 4320 ipsius
1164 4247 1269 4304 balnei
1293 4245 1432 4303 feudaria
1455 4247 1651 4302 conservaci-

387 4372 445 4413 one
469 4354 622 4412 coniectas
646 4353 685 4411 ad
712 4359 850 4411 nostram
881 4354 1074 4412 iudiciariam
1102 4354 1340 4426 requisicionem
1372 4352 1500 4409 minime
1533 4359 1657 4425 poterat

387 4462 542 4530 exhibere,
566 4476 622 4517 nec
645 4461 722 4517 alias
747 4461 865 4518 litteras
888 4459 1097 4533 expeditorias
1120 4475 1214 4534 super
1237 4458 1377 4516 feudaria
1405 4458 1563 4515 solucione
1586 4475 1659 4531 pre-

388 4568 484 4624 missa
507 4572 665 4622 emanatas
687 4567 863 4636 exhibebat,
887 4581 943 4623 nec
965 4566 997 4624 in
1019 4565 1160 4623 futurum
1177 4581 1234 4638 per
1249 4579 1305 4622 nos
1320 4564 1487 4637 requisitus
1507 4565 1655 4622 exhibere

388 4671 631 4745 assumpmebat‚
656 4687 693 4728 ex
717 4686 815 4744 eoque
839 4677 868 4729 et
896 4672 966 4730 aliis
994 4671 1032 4728 de
1048 4672 1156 4742 causis,
1173 4687 1209 4728 eo
1226 4670 1310 4744 quod
1327 4671 1425 4728 eciam
1441 4670 1580 4728 nondum
1596 4686 1655 4743 per

385 4779 523 4851 aliquem
547 4779 748 4835 ecclesiarum
771 4785 925 4836 rectorem
950 4778 1031 4836 bona
1054 4793 1107 4835 seu
1131 4778 1339 4850 possessiones
1363 4777 1491 4834 ecclesie
1516 4776 1655 4849 cuipiam

385 4883 423 4941 de
441 4885 516 4941 iuris
533 4884 666 4956 equitate
682 4885 740 4940 sub
757 4885 863 4957 aliquo
880 4883 1020 4942 feudario
1036 4899 1127 4942 censu
1144 4883 1322 4958 perpetuari
1337 4898 1427 4956 posse
1442 4881 1656 4952 dinoscuntur,

386 4992 454 5064 ipse
477 4988 591 5047 fundus
614 5005 668 5048 seu
692 4989 779 5047 locus
802 4991 908 5048 balnei
931 4989 1068 5062 litigiosi,
1092 4990 1228 5064 exceptis
1256 4989 1319 5046 suis
1353 4987 1504 5046 hedificiis
1528 4993 1558 5044 et
1580 5003 1656 5062 ope·
