3600 5804
417 553 476 622 176
833 547 904 608 Doc.
928 561 995 627 197.
1024 584 1059 591 -
1085 549 1140 607 An.
1167 564 1255 627 1344

412 752 494 825 quod
519 753 592 825 quia
616 753 645 809 in
670 751 900 808 examinacione
921 758 991 808 octo
1014 750 1190 825 ponderum
1206 753 1334 824 argenti,
1351 750 1413 808 duo
1430 749 1550 824 pondus
1564 751 1667 806 saltem

412 863 539 931 quartus
562 859 593 916 in
617 859 750 915 carbone
781 856 952 915 defalcatur
983 861 1012 915 et
1035 859 1215 928 remanebit,
1244 859 1286 914 ob
1310 859 1368 915 hoc
1392 857 1418 914 si
1441 857 1509 930 ipsa
1528 871 1578 913 sex
1601 871 1670 928 pon-

410 964 485 1022 dera
508 965 538 1022 in
569 965 670 1022 tribus
702 963 753 1020 vel
778 964 808 1021 in
832 969 965 1036 quatuor
996 962 1130 1021 denariis
1159 979 1219 1020 non
1243 964 1335 1034 ultra,
1359 964 1525 1021 casualiter
1546 961 1670 1019 diminu-

411 1071 531 1128 cionem
554 1071 584 1128 in
608 1076 721 1128 statera
744 1070 883 1144 predicta
905 1075 1093 1144 paterentur,
1125 1071 1217 1127 huius
1240 1071 1362 1127 racione
1386 1069 1460 1127 dicti
1483 1069 1608 1125 comites
1626 1083 1670 1124 ca-

410 1193 567 1235 merarum
591 1183 776 1248 nostrarum,
811 1177 930 1249 absque
952 1176 1059 1248 aliqua
1082 1175 1217 1233 vindicta
1252 1176 1431 1247 habeantur,
1453 1175 1511 1232 nisi
1534 1175 1563 1231 in
1586 1189 1668 1230 usum

410 1297 470 1340 non
495 1284 657 1340 attrahant.
688 1281 720 1340 Si
751 1289 854 1340 autem
885 1283 916 1339 in
939 1281 1084 1355 pluribus
1108 1281 1187 1340 infra
1211 1289 1344 1354 quatuor
1366 1282 1500 1339 denariis
1536 1281 1601 1354 ipsa
1622 1297 1669 1337 scr

410 1389 547 1463 pondera
570 1389 811 1447 diminucionem
836 1393 1021 1462 paterentur,
1044 1393 1155 1446 extunc
1174 1389 1218 1447 eis
1234 1388 1404 1446 vindictam
1420 1389 1531 1446 merito
1552 1393 1668 1461 possent

409 1496 580 1554 vendicare.
603 1495 747 1555 Universi
769 1501 873 1552 autem
896 1501 1082 1552 mercatores
1109 1510 1181 1551 cum
1214 1494 1304 1552 novis
1327 1493 1461 1551 denariis
1483 1499 1585 1551 nostre
1608 1507 1667 1549 mo

408 1609 478 1660 nete
501 1601 605 1660 forum
636 1600 749 1659 iaciant
780 1600 811 1658 in
842 1600 1025 1660 forizacione
1055 1601 1254 1674 antiquorum
1278 1599 1484 1672 denariorum,
1513 1604 1665 1672 argentum

408 1715 565 1783 emptores
596 1712 625 1765 et
656 1723 775 1779 aurum,
806 1708 832 1765 si
863 1709 917 1781 qui
944 1709 1147 1782 reperientur,
1174 1723 1232 1780 per
1256 1707 1383 1764 comites
1406 1721 1601 1764 camerarum
1623 1719 1669 1762 no

408 1821 543 1872 strarum
567 1815 598 1872 in
622 1815 715 1872 rebus
739 1815 871 1872 inventis
894 1815 1077 1888 puniantur;
1102 1817 1289 1872 mercatores
1304 1819 1408 1871 autem
1432 1813 1472 1870 de
1496 1814 1587 1870 rebus
1606 1827 1669 1870 con·

408 1922 502 1979 suetis
524 1922 647 1978 lucrum
671 1935 793 1978 camere
813 1921 944 1992 solvant,
967 1925 1062 1994 prout
1077 1925 1123 1978 est
1142 1919 1331 1978 consuetudo
1347 1920 1451 1993 regni;
1478 1925 1509 1978 et
1524 1921 1549 1977 si
1564 1919 1668 1992 aliquis

408 2033 562 2086 mercator
583 2043 633 2084 res
655 2041 726 2084 suas
749 2027 788 2085 de
804 2027 870 2084 iure
885 2027 1033 2098 amiserit,
1049 2025 1087 2084 de
1104 2026 1222 2084 eisdem
1238 2026 1298 2084 due
1314 2032 1418 2099 partes
1434 2026 1533 2096 nobis,
1549 2025 1668 2082 terciam

408 2139 530 2207 partem
561 2134 690 2191 comites
720 2148 913 2190 camerarum
944 2133 1125 2207 percipiant.
1159 2133 1323 2204 Volumus
1346 2138 1379 2191 ut
1403 2131 1539 2190 famulos
1562 2137 1591 2188 et
1612 2145 1667 2187 ser·

407 2241 524 2297 vientes
548 2241 697 2298 comitum
722 2255 915 2299 camerarum
932 2245 1109 2297 nostrarum
1125 2239 1156 2298 in
1173 2240 1336 2312 quibusvis
1351 2254 1514 2297 causarum
1530 2236 1667 2304 articulis,

408 2345 514 2403 nullus
545 2361 648 2404 comes
679 2346 730 2403 vel
761 2343 854 2403 iudex
884 2350 997 2418 noster,
1020 2350 1126 2420 preter
1159 2351 1298 2404 nostram
1331 2361 1506 2419 personam,
1541 2343 1666 2402 iudicare

408 2451 518 2510 valeat.
542 2451 620 2510 Item
641 2453 785 2510 similiter
815 2467 895 2510 anno
918 2453 949 2510 in
972 2453 1107 2526 presenti
1130 2451 1332 2510 collecciones
1355 2451 1596 2509 marturinarum
1618 2463 1665 2505 no

408 2563 543 2616 strarum
566 2558 644 2616 inter
667 2557 777 2615 fluvios
799 2556 880 2615 Zaua
896 2563 926 2615 et
941 2559 1046 2616 Draua
1063 2559 1236 2616 cumomni
1255 2557 1448 2632 plenitudiue
1464 2557 1539 2614 iuris
1556 2569 1662 2624 earum,

407 2664 611 2736 banoschinis,
635 2663 771 2722 nezethis
795 2671 825 2722 et
855 2663 1048 2738 ponderibus
1077 2665 1108 2721 in
1135 2671 1239 2722 nostro
1264 2665 1378 2722 banatu
1403 2663 1591 2732 constitutas,
1612 2674 1663 2733 pro

407 2771 496 2828 mille
519 2776 549 2828 et
574 2771 718 2829 trecentis
741 2786 776 2828 ac
799 2771 1023 2844 quinquaginta
1046 2770 1159 2828 marcis
1186 2769 1384 2828 denariorum
1401 2783 1556 2827 novorum
1572 2773 1665 2824 nostre

407 2881 530 2935 monete
554 2876 669 2934 eisdem
692 2876 818 2960 Jacobo‚
842 2875 980 2948 Nicolao,
1005 2875 1109 2946 Zuetlr,
1133 2876 1283 2948 magistro
1299 2875 1460 2949 Raphaelo
1476 2880 1506 2931 et
1521 2870 1665 2945 Mychaeli

407 2983 554 3041 duximus
578 2982 784 3051 collocandas,
808 2983 904 3041 salvis
927 2983 1058 3040 strennis
1074 2983 1206 3052 nostris;
1231 2981 1269 3039 de
1292 2981 1468 3038 collecturis
1490 2977 1665 3037 marturina-

409 3105 480 3147 rum
503 3095 533 3147 et
556 3105 678 3147 camere
700 3095 804 3146 nostre
828 3089 983 3160 volumus,
1007 3095 1041 3146 ut
1064 3088 1102 3146 de
1118 3089 1297 3146 marturinis
1315 3088 1428 3146 nostris
1444 3087 1604 3160 pecuniam
1619 3099 1665 3141 no

409 3202 504 3254 stram
522 3197 551 3254 in
569 3196 709 3254 ducentis
725 3196 776 3253 vel
793 3197 823 3253 in
841 3195 985 3270 pluribus
1001 3196 1114 3252 marcis
1129 3195 1219 3252 nobis
1234 3201 1358 3269 portent
1373 3195 1424 3251 vel
1441 3195 1572 3263 mittant,
1588 3191 1665 3248 salvo

406 3304 473 3375 hoc,
498 3303 581 3376 quod
607 3303 632 3361 si
654 3304 746 3360 alicui
770 3303 800 3360 in
832 3303 945 3360 minori
977 3303 1145 3376 quantitate
1176 3302 1215 3360 de
1245 3303 1375 3376 pecunia
1398 3308 1503 3359 nostra
1538 3300 1604 3358 dari
1626 3297 1639 3354 l
1653 3325 1664 3335 ·

407 3410 540 3479 ciemus;
556 3410 615 3467 hoc
630 3425 691 3467 non
707 3411 916 3483 pretermisso,
933 3408 1015 3481 quod
1032 3409 1057 3466 si
1074 3409 1221 3466 collectas
1236 3408 1480 3465 marturinarum
1498 3413 1664 3464 nostrarum

405 3515 459 3572 vel
481 3516 604 3574 lucrum
628 3531 750 3573 camere
779 3522 882 3573 nostre
912 3515 1034 3572 solvere
1065 3519 1117 3571 aut
1140 3515 1221 3572 solvi
1248 3513 1348 3571 facere
1370 3529 1431 3572 non
1455 3519 1597 3570 curarent
1618 3511 1663 3567 ho·

404 3621 503 3679 mines
534 3622 759 3696 possessionati,
783 3621 814 3678 in
846 3621 1091 3694 possessionibus
1115 3621 1225 3678 talium
1249 3621 1377 3678 comites
1400 3633 1596 3678 camerarum
1617 3630 1663 3674 uo

405 3733 540 3784 strarum
564 3726 768 3784 descendendi
784 3727 916 3784 liberam
933 3727 1067 3784 habeant
1083 3725 1270 3784 facultatem.
1290 3726 1440 3784 Homines
1456 3731 1561 3783 autem
1577 3721 1663 3782 nostn'

409 3831 575 3905 dignitates
598 3833 728 3890 anobis
758 3833 916 3904 habentes,
947 3834 978 3890 in
1004 3847 1113 3890 eorum
1137 3831 1338 3905 dignitatibus
1362 3839 1392 3889 et
1414 3831 1587 3890 redditibus
1608 3828 1662 3902 pn'·

406 3943 526 4011 ventur,
558 3939 654 3996 donec
685 3939 736 3996 vel
767 3953 928 4011 quousque
959 3938 1089 3996 emenda
1120 3955 1158 3996 ex
1181 3945 1269 4013 parte
1291 3939 1410 4008 talium,
1434 3939 1600 3995 comitibus
1621 3949 1661 3990 ca·

405 4059 563 4102 merarum
593 4051 768 4103 nostrarum
799 4043 861 4102 fiat.
894 4045 1080 4102 Marturinas
1110 4050 1230 4102 nostras
1261 4049 1365 4102 autern
1394 4045 1474 4102 inter
1504 4043 1615 4101 Zauam
1636 4043 1661 4096 et

403 4149 551 4222 Drauam,
575 4151 630 4208 ubi
654 4165 733 4208 anuo
757 4151 904 4224 preterito
921 4151 1011 4208 uobis
1027 4150 1216 4223 dicavenmt,
1232 4149 1356 4209 dicandi
1371 4156 1402 4207 et
1417 4149 1562 4223 exigendi
1576 4161 1660 4220 super

403 4257 489 4327 tales,
520 4257 574 4329 qui
606 4256 728 4313 solvere
760 4262 910 4326 tenentur,
944 4257 1126 4314 collectores
1152 4258 1395 4315 marturinarum
1418 4261 1594 4314 nostrarum
1614 4254 1660 4310 ha·

402 4363 496 4420 beant
519 4361 707 4420 facultatem.
731 4362 866 4420 Lucrum
890 4378 1011 4421 camere
1026 4368 1129 4421 nostre
1145 4363 1273 4422 comites
1288 4379 1481 4421 camerarum
1497 4370 1662 4420 nostrarum

403 4469 484 4526 ultra
516 4469 630 4526 Zauam
661 4468 700 4526 de
730 4469 824 4526 rebus
854 4470 1015 4540 consvetis‚
1047 4469 1190 4542 exigendi
1220 4470 1354 4528 habeant
1385 4474 1576 4544 potestatem.
1604 4463 1660 4522 Nec

402 4575 461 4634 hoc
483 4575 748 4649 pretermittimus
773 4575 856 4649 quod
881 4577 905 4634 si
930 4577 984 4649 qui
1007 4576 1227 4634 collectoribus
1246 4577 1472 4634 maturinarum
1494 4579 1659 4633 nostrarum

401 4682 433 4738 in
456 4680 611 4739 dicacione
633 4683 876 4740 marturinarum
912 4682 1155 4740 contradixerint
1178 4687 1208 4740 et
1231 4698 1263 4740 se
1286 4681 1381 4740 dicari
1401 4696 1463 4739 non
1480 4677 1658 4738 admiserint.

402 4792 495 4860 prout
517 4788 593 4844 alias
617 4788 726 4846 honori
749 4789 880 4846 banatus
903 4789 1073 4846 marturine
1096 4787 1224 4846 fuissent
1240 4787 1348 4858 dicate,
1365 4789 1396 4846 in
1414 4789 1529 4861 quibus
1545 4780 1657 4844 termini

402 4893 547 4965 assignati
572 4909 628 4966 per
652 4894 779 4950 comites
803 4909 997 4952 camerarum
1018 4899 1195 4952 nostrarum
1221 4899 1327 4952 contra
1343 4893 1470 4952 eosdem
1486 4888 1657 4952 camerarios

401 5004 522 5056 nostros
551 5006 581 5056 et
611 4999 792 5057 collectores
823 5001 1065 5059 marturinarum
1106 5007 1281 5059 nostrarum
1312 5017 1383 5059 cum
1414 5015 1523 5058 eorum
1554 4999 1655 5056 instru-
