3728 5806
616 561 690 620 Doc.
713 571 781 638 253.
808 595 846 606 -
871 563 927 620 An.
952 571 1038 640 1371.
1401 582 1458 643 241

197 759 261 816 nixi
295 763 326 816 et
358 759 479 817 suffulti
508 759 654 833 presidio,
684 759 777 833 longe
811 760 935 834 lateque
957 765 1060 820 nostra
1084 761 1226 834 potencia
1249 761 1371 834 diffusa,
1394 777 1466 820 oon·

198 863 334 938 finiaque
357 865 454 937 ipsius
477 865 564 937 regni
587 866 685 923 nostri
708 866 950 940 circumquaque
973 867 1124 940 ampliata
1139 873 1169 924 et
1185 866 1316 926 mirifice
1331 869 1466 926 existunt

198 971 335 1028 dilatata
359 971 410 1028 Ad
432 970 530 1044 ipsius
562 971 666 1044 itaque
697 969 815 1030 domini
846 977 876 1030 et
903 973 1109 1047 progenitoris
1131 974 1237 1046 nostri,
1263 989 1357 1048 quem
1379 973 1466 1032 cultu

197 1092 384 1134 veneramur
406 1077 556 1150 precipuo
579 1081 610 1134 et
632 1076 779 1148 almifico,
803 1079 869 1136 eius
896 1080 1005 1152 previo
1028 1079 1174 1153 exemplo
1197 1079 1390 1154 speculativo
1413 1095 1466 1137 ve·

197 1183 288 1256 stigia
311 1183 466 1256 sequenda
507 1187 592 1240 tanto
616 1183 801 1242 fervenciori
823 1184 890 1243 zelo
918 1184 1095 1243 devocionis
1118 1187 1326 1259 astringimur,
1350 1191 1466 1259 quanto

198 1291 229 1348 in
259 1290 477 1365 spiritualibus
508 1295 538 1348 et
565 1291 793 1364 temporalibus
824 1293 922 1365 ipsius
952 1293 1196 1365 suffragantibus
1226 1293 1317 1351 nobis
1347 1292 1466 1350 meritis

198 1397 263 1455 eius
286 1412 348 1454 non
372 1395 471 1454 defuit
493 1397 584 1454 nobis
608 1397 762 1469 maiestas,
793 1413 850 1472 per
873 1413 967 1470 quem
993 1413 1082 1470 reges
1104 1403 1234 1471 regnant
1256 1403 1287 1456 et
1309 1398 1466 1473 principes

197 1502 405 1560 dominantur.
428 1501 510 1560 Nam
532 1518 589 1561 nos
611 1509 677 1562 toto
699 1505 812 1562 mentis
832 1508 936 1562 nostre
952 1505 1113 1562 conamine
1131 1509 1162 1562 et
1180 1505 1277 1562 nostri
1292 1503 1348 1562 fixi
1363 1502 1465 1562 cordis

197 1609 262 1666 acie
292 1609 439 1666 celestem
467 1609 671 1693 Jherusalem,
702 1609 758 1667 ubi
780 1610 933 1668 virtutum
964 1609 1078 1682 regina,
1105 1617 1205 1668 mater
1228 1610 1330 1668 omnis
1352 1611 1464 1683 gracie,

199 1731 270 1772 curn
293 1731 366 1788 rege
389 1731 523 1789 superno
546 1731 640 1789 super
662 1716 846 1788 angelorum
869 1716 1013 1788 gerarhia
1035 1717 1208 1790 triumphat
1231 1720 1377 1774 coronata
1392 1732 1464 1774 cum

198 1823 366 1891 gemitibus
389 1826 420 1879 et
439 1823 581 1896 suspiriis
604 1822 716 1879 interni
738 1823 835 1880 nostri
851 1821 953 1878 cordis
969 1822 1096 1894 inhyare
1116 1823 1281 1897 cupientes,
1303 1822 1466 1880 ecclesiam

199 1928 394 1999 militantem,
418 1915 481 2000 que
502 1942 558 1984 nos
582 1927 613 1986 in
635 1927 760 1985 Christo
783 1928 976 2000 regeneravit
1007 1943 1025 1984 a
1054 1919 1225 2000 gradibus¹
1255 1933 1359 1986 nostre
1391 1927 1464 1986 ado·

197 2033 348 2090 lescencie
371 2033 509 2090 adinstar
532 2034 613 2105 regis
636 2033 740 2104 eterni,
765 2033 819 2106 qui
849 2047 908 2106 pro
939 2032 1157 2107 redempcione
1188 2035 1310 2106 generis
1337 2035 1464 2092 humani

197 2137 235 2195 de
258 2140 391 2196 summis
414 2139 552 2196 celorum
576 2137 616 2195 ad
648 2155 720 2210 yma
751 2139 939 2196 descendens
969 2154 1005 2196 ac
1038 2144 1170 2196 mortem
1199 2141 1323 2198 subiens
1346 2145 1466 2214 ternpo-

198 2245 305 2316 ralem,
329 2259 512 2302 ascensurus
534 2244 573 2301 ad
598 2250 728 2318 patrem,
752 2245 964 2303 venerabilem
989 2251 1122 2303 matrem
1147 2247 1310 2304 ecclesiam
1330 2247 1465 2304 militan-

197 2357 259 2407 tem
284 2352 384 2407 verbo
407 2350 511 2408 docuit
534 2355 564 2408 et
596 2351 742 2424 exemplo
773 2351 982 2409 venerandam
1012 2357 1042 2409 et
1071 2351 1308 2424 glorificandam
1336 2353 1368 2410 in
1402 2353 1465 2410 suis

197 2457 326 2528 iuribus,
351 2458 477 2515 sinceris
500 2463 603 2514 nostre
626 2457 737 2514 mentis
761 2457 924 2514 affectibus
949 2455 1195 2516 desideravimus
1220 2459 1377 2515 illibatam
1393 2473 1462 2531 pre-

197 2579 330 2621 servare.
354 2563 436 2621 Tum
459 2565 562 2636 itaque
585 2564 627 2620 ob
651 2567 792 2638 spernet
816 2562 1017 2620 devocionem
1040 2569 1179 2620 nostram
1201 2579 1237 2622 ac
1270 2563 1390 2621 fluentis
1414 2563 1466 2622 de-

197 2668 302 2726 siderii
326 2670 422 2727 nostri
445 2671 601 2740 affectum,
626 2685 720 2744 quem
743 2668 783 2726 ad
806 2669 910 2742 ipsum
934 2667 1107 2726 almificum
1130 2685 1237 2742 regem
1260 2669 1460 2744 Stephanum,

196 2775 379 2848 apostolum
402 2781 431 2833 et
454 2775 541 2847 regni
564 2776 663 2833 nostri
687 2775 881 2846 advocatum,
913 2775 999 2832 cuius
1029 2790 1142 2850 corpus
1165 2776 1336 2848 gloriosum
1361 2785 1390 2834 et
1414 2792 1465 2834 ve-

197 2881 354 2939 nerabiles
377 2882 508 2955 reliquie
532 2882 563 2938 in
586 2881 707 2938 albensi
729 2881 826 2953 regali
849 2882 986 2952 basilica,
1010 2883 1064 2939 ubi
1096 2887 1202 2940 tronus
1227 2888 1331 2940 noster
1354 2883 1465 2953 existit,

198 2987 331 3044 diversis
354 2993 514 3044 coruscant
537 2987 705 3054 miraculis
730 2987 760 3044 in
784 2987 870 3044 cuius
894 2988 991 3044 eciam
1014 2989 1138 3046 nomine
1161 2989 1353 3046 sanctissimo
1382 2989 1465 3047 dicta

198 3094 406 3164 zagrabiensis
440 3094 569 3150 eeclesia
600 3093 814 3166 competentis,
834 3093 937 3167 operis
968 3099 1122 3150 structura
1152 3093 1281 3150 lundata
1310 3095 1412 3152 existit
1436 3101 1466 3152 et

199 3205 382 3270 constructa,
406 3201 543 3271 gerimus
566 3203 596 3256 et
619 3199 771 3255 habemus
794 3198 1003 3270 singularem;
1030 3200 1178 3272 cuiusque
1201 3215 1330 3274 precum
1354 3200 1465 3258 suffra·

198 3306 257 3376 giis
281 3305 465 3362 devotarum
488 3305 602 3362 nedum
627 3306 657 3362 in
681 3305 779 3376 tertia,
804 3320 913 3362 verum
944 3305 1042 3362 eciam
1073 3306 1151 3363 atrio
1175 3306 1206 3363 in
1228 3306 1341 3363 celesti
1363 3321 1467 3380 spera·

198 3427 269 3468 mus
293 3411 420 3468 indubie
443 3412 589 3481 recreari;
612 3417 679 3468 tum
703 3412 800 3467 eciam
824 3425 883 3484 pro
906 3411 1124 3468 conservandis
1147 3412 1259 3469 nostris
1282 3419 1312 3469 et
1328 3413 1466 3485 regnico-

199 3516 302 3575 larum
325 3523 502 3575 nostrorum
526 3519 646 3575 iuribus
669 3517 770 3574 eidem
793 3517 983 3588 zagrabiensi
1008 3517 1135 3574 ecclesie
1151 3523 1180 3574 et
1196 3518 1343 3591 capitulo,
1364 3519 1466 3591 capel·

199 3623 278 3680 lanis
301 3625 414 3681 nostris
438 3624 593 3694 fidelibus
617 3625 648 3681 in
671 3622 780 3680 eadem
811 3638 868 3696 pro
900 3627 1004 3680 nostra
1027 3627 1056 3680 et
1087 3624 1227 3681 omnium
1251 3623 1367 3681 Christi
1391 3623 1466 3681 fide·

200 3729 278 3786 lium
300 3731 400 3788 salute
423 3729 482 3788 deo
505 3737 686 3787 cunctorum
710 3721 918 3803 plasmatorl²
949 3729 1062 3800 iugiter
1085 3728 1317 3801 famulantibus,
1345 3729 1384 3786 de
1412 3731 1466 3786 be·

199 3835 347 3907 nignitate
370 3843 475 3894 nostra
497 3837 591 3908 regia,
616 3851 675 3908 que
708 3835 825 3892 cunctis
855 3849 924 3890 eam
957 3834 1197 3907 implorantibus
1229 3851 1411 3908 generosam
1434 3852 1466 3892 se

200 3941 347 3998 exhihere
371 3943 530 3999 consuevit
562 3947 591 3997 et
623 3941 796 4010 liberalem,
823 3936 964 4012 sigillum
995 3954 1112 3997 novum
1143 3941 1324 4014 oblongum,
1348 3943 1465 4016 inquo

200 4060 313 4118 ymago
337 4047 467 4119 virginis
490 4047 625 4118 gloriose
660 4061 730 4103 cum
754 4045 937 4118 dyademate
966 4045 1068 4103 filium
1099 4047 1130 4104 in
1161 4048 1289 4104 brachio
1311 4049 1466 4120 gestantis

200 4153 249 4209 cui
272 4151 356 4208 idem
379 4153 590 4210 sanctissimus
620 4169 676 4210 rex
708 4151 881 4224 Stephanus
911 4166 1057 4209 coronam
1085 4153 1239 4226 incapite
1270 4154 1413 4211 baiulans
1435 4161 1465 4211 et

200 4263 269 4314 ante
291 4257 422 4315 eandem
444 4258 598 4330 virginem
622 4258 792 4330 gloriosam
810 4257 913 4315 filium
929 4257 1129 4330 baiulantem,
1145 4258 1231 4316 tlexis
1247 4259 1377 4331 genibus
1394 4274 1465 4334 pro-

201 4366 334 4434 volutus,
359 4364 497 4438 effigiem
520 4365 631 4438 templi
654 4363 824 4420 materialis
847 4363 949 4420 eidem
972 4364 1071 4435 offert,
1088 4363 1254 4436 adorando,
1276 4365 1397 4438 sculpta
1415 4382 1466 4424 ex·

200 4485 305 4543 presse
328 4473 509 4542 continetur,
541 4472 571 4528 in
595 4468 847 4527 circumferencia
878 4485 953 4527 vero
983 4469 1121 4527 eiusdem
1152 4469 1250 4542 sigilli
1270 4471 1343 4528 novi
1366 4472 1463 4530 mani·

201 4575 276 4634 leste
300 4577 332 4634 id
355 4583 480 4634 notatur
502 4593 556 4633 seu
580 4575 772 4634 declaratur:
796 4575 936 4647 sigillum
959 4575 1089 4648 capituli
1105 4575 1233 4632 ecclesie
1248 4576 1465 4648 zagrabiensis,

201 4683 340 4757 ipsorum
364 4683 469 4756 sigillo
492 4683 619 4754 antiquo
642 4681 757 4754 previis
780 4680 955 4738 racionibus
976 4696 1032 4754 per
1047 4697 1102 4738 nos
1118 4684 1302 4754 permutato,
1320 4680 1465 4740 duximus

201 4789 362 4846 annuendo
385 4795 537 4862 perpetuo
560 4786 806 4856 concedendum;
829 4787 1056 4843 committentes
1080 4786 1182 4844 eidem
1211 4787 1339 4844 ecclesie
1361 4803 1466 4860 zagra-

291 4921 300 4952 ¹
317 4923 348 4974 In
367 4923 493 4990 originali
513 4919 686 4993 „agadibus“.

289 5009 300 5040 ²
318 5011 349 5062 Iu
369 5011 496 5078 originali
516 5007 714 5077 ,psalmatori“.
