3782 5812
719 545 791 602 Doc.
815 561 844 603 2.
863 560 896 622 3.
920 560 948 622 4.
974 579 1015 588 —
1040 545 1095 604 An.
1121 540 1343 624 1093-1198.

465 810 513 858 An.
536 817 664 872 1093-5-
1016 759 1049 824 2¹

395 919 555 977 Maecilius
577 938 632 976 rex
655 921 784 978 instrato
806 921 966 994 episcopatu
985 921 1175 994 zagrabienst',
1198 921 1310 995 confert
1330 921 1456 998 capitula
1478 919 1671 991 zagrabiensi

545 1045 645 1083 aream
668 1027 792 1083 uicenam
815 1028 946 1084 ecclesiae
967 1027 1211 1085 cathedraticum
1235 1028 1381 1084 adiacente
1396 1029 1520 1101 piscina.

483 1169 698 1242 Quamobrem
723 1164 765 1249 (et
787 1164 903 1248 aream)
928 1172 1063 1230 vicinam
1092 1173 1220 1228 ecclesie
1252 1187 1289 1228 ex
1318 1177 1407 1244 parte
1434 1171 1667 1245 septemtrionis

395 1292 466 1333 cum
490 1277 608 1350 piscina
632 1277 718 1334 iuxta
741 1276 870 1334 eandem
894 1279 1051 1348 existente,
1068 1277 1211 1334 dedimus
1227 1277 1440 1334 communitati
1459 1292 1577 1344 eorum,
1595 1291 1667 1332 cum

396 1383 495 1440 eciam
519 1384 606 1456 prius
630 1398 737 1441 eorum
761 1383 853 1442 fuerit
877 1399 895 1442 a
919 1383 1102 1442 fundacione
1126 1383 1262 1440 ecclesie.
1647 1384 1650 1388 '

476 1493 572 1566 ¹Huius
601 1517 750 1567 donationis
777 1518 929 1581 etquidem
950 1519 990 1567 his
1013 1518 1102 1568 verbis
1124 1517 1222 1568 mentio
1251 1517 1280 1567 tit
1307 1518 1332 1566 iu
1358 1517 1455 1567 litteris
1481 1517 1607 1582 Stephani
1634 1517 1668 1566 ΙΙ.

397 1604 514 1670 episcopi
533 1605 713 1668 zagrabiensis
731 1621 770 1656 au.
793 1615 866 1665 1237.
886 1606 947 1656 vide
966 1607 1035 1656 inira
1053 1623 1092 1656 nr.
1115 1617 1152 1667 14.

502 1870 550 1918 An·
575 1878 703 1931 1093—5.
1017 1818 1053 1883 3·

397 1976 557 2034 Ladislaas
580 1997 635 2034 rex
657 1981 769 2053 confert
789 1981 914 2052 capiterio
941 1977 1127 2051 aagrabiensi
1149 1980 1180 2035 in
1203 1979 1293 2037 dotem
1318 1981 1418 2036 villam
1440 1994 1591 2038 sctrictam
1617 1980 1671 2052 „de

783 2085 834 2142 sub
856 2085 995 2142 mantibus
1018 2085 1281 2158 zagrabiensi'lms“.

397 2299 401 2303 η
489 2226 559 2300 Quo
583 2228 648 2284 iure
671 2233 774 2285 autem
799 2230 848 2286 vel
874 2229 968 2286 modo
991 2247 1029 2286 ex
1052 2230 1219 2302 premissis,
1243 2230 1433 2287 habitatores
1465 2231 1542 2288 ville
1565 2239 1669 2292 nostre

399 2333 437 2391 de
454 2333 521 2398 sub
544 2335 711 2404 montibus,
735 2351 896 2394 servorum
914 2341 1030 2396 vocate.
1047 2337 1214 2392 obtinuerit
1236 2335 1380 2393 fundator
1403 2343 1506 2393 nostre
1530 2339 1668 2404 ecclesie,

397 2455 415 2496 a
441 2415 565 2512 quoad
589 2446 726 2498 nostram
751 2443 1006 2499 communitatem
1029 2441 1231 2514 postmodum
1255 2441 1445 2499 devenerunt
1468 2440 1507 2499 ab
1532 2443 1668 2515 antiqu0,

397 2561 458 2602 non
488 2546 634 2604 recolitur
666 2547 704 2604 ad
728 2547 866 2620 plenum,
898 2549 970 2604 licet
994 2565 1031 2604 ex
1055 2554 1127 2604 tunc
1150 2562 1208 2620 pro
1231 2548 1329 2604 servis
1352 2563 1404 2604 eos
1432 2549 1669 2614 obtinuerimus,

397 2652 475 2708 sicut
500 2659 529 2708 et
552 2667 640 2712 nunc.
664 2651 805 2724 Quorum
830 2654 1039 2712 habitatorum
1061 2655 1183 2726 singuli,
1200 2656 1349 2712 sessiones
1366 2671 1468 2728 perse
1484 2657 1668 2726 obtinentes,

398 2757 515 2816 ibidem
546 2775 643 2830 usque
669 2758 769 2828 hodie,
801 2760 888 2816 annis
918 2760 1048 2831 singulis
1076 2762 1155 2818 inter
1187 2768 1287 2818 cetera
1316 2762 1450 2831 servilia,
1482 2777 1542 2819 non
1570 2778 1669 2835 pauca

398 2864 535 2932 servicia,
557 2879 614 2936 pro
637 2871 742 2922 nostro
768 2865 925 2922 communi
956 2866 1085 2922 cellario
1116 2868 1334 2939 persolverunt
1365 2875 1393 2924 et
1423 2869 1605 2940 persolvunt
1629 2869 1668 2925 de

398 2953 495 3036 uineis
519 2987 596 3042 quas
620 2971 734 3040 colunt,
759 2986 819 3042 que
842 2977 945 3028 nostre
969 2987 1034 3028 esse
1058 2977 1227 3041 censentur,
1253 2989 1309 3046 per
1332 2975 1463 3030 cubulos
1492 2975 1554 3031 riui
1579 2976 1668 3046 quiu-

398 3076 553 3148 quaginta‚
578 3077 635 3133 nisi
659 3070 795 3148 aliquem
819 3094 856 3134 ex
880 3077 955 3150 ipsis
971 3077 1010 3134 de
1026 3079 1083 3134 hac
1100 3079 1257 3136 solucione
1274 3081 1360 3136 totali
1383 3079 1545 3137 manifesta
1565 3081 1669 3154 inopia

398 3189 580 3240 excusasset.
605 3183 637 3240 ln
661 3184 783 3254 signum
808 3191 911 3240 autem
942 3185 1089 3256 aliquale,
1123 3199 1210 3242 more
1241 3185 1470 3243 consuetudinis
1500 3187 1669 3260 provincie.

397 3289 554 3346 servitutis
578 3289 727 3362 ipsorum,
751 3289 854 3346 nullas
877 3289 1013 3347 decimas
1036 3291 1261 3364 persolverunt.

477 3424 497 3472 E
511 3424 582 3475 libro
595 3425 760 3474 Statutorum
774 3425 884 3489 capituli
901 3425 1025 3474 ecelesiae
1039 3425 1223 3490 zagrabiensis,
1237 3427 1327 3476 codice
1339 3427 1506 3476 membraneo
1516 3442 1580 3476 saec.
1593 3427 1669 3477 XIV.

401 3511 485 3568 „liber
507 3514 671 3562 acclavatus“
686 3513 766 3570 dicto,
780 3520 856 3578 parte
870 3513 888 3562 I.
906 3529 960 3578 cap.
975 3515 1078 3563 XXIV.
1094 3515 1143 3574 ,de
1156 3513 1277 3564 serviciis
1290 3521 1316 3564 et
1329 3515 1510 3565 solucionibus
1524 3532 1670 3573 serrorum,

398 3613 428 3648 ac
453 3615 504 3662 que
531 3599 649 3665 capitulo
675 3600 853 3666 obligantur“.
882 3631 912 3638 —
936 3603 1003 3666 Joan
1022 3602 1145 3652 Tkaldie:
1166 3603 1234 3652 Mon.
1255 3603 1314 3652 hist.
1340 3603 1418 3668 episc.
1438 3606 1541 3669 zagrab.
1564 3607 1615 3654 rol.
1636 3605 1670 3654 Η.

398 3703 423 3752 p.
444 3688 554 3744 25—26.

504 3883 551 3930 An.
575 3881 649 3943 1198,
672 3891 710 3929 ll.
731 3881 801 3930 maii.
1016 3853 1054 3917 4·

400 3990 534 4047 Andreas
557 3991 738 4060 Dalmatiae,
767 3990 902 4050 Craatiae
924 4003 952 4051 et
973 3996 1112 4053 Hulmiae
1135 3997 1207 4066 dux,
1229 3999 1332 4056 trt'buit
1345 4001 1474 4058 ecclesiae
1489 4001 1677 4074 zagrabienst

400 4097 515 4170 ejusque
539 4098 667 4174 episcopa
690 4099 743 4166 aas,
766 4083 794 4154 ri
813 4100 878 4173 qais
900 4102 1026 4175 aliquan
1049 4121 1086 4159 ex
1109 4104 1239 4160 ecclesiae
1268 4105 1388 4163 subditis
1420 4108 1450 4163 in
1481 4125 1597 4164 causam
1622 4127 1672 4165 aa·

400 4220 467 4260 care
489 4202 568 4270 velit,
592 4203 630 4259 lis
644 4211 678 4260 ut
691 4201 730 4263 ab
745 4206 870 4278 episcaao
886 4207 934 4262 ael
945 4209 1008 4282 itJ‘as
1022 4210 1194 4269 anctoritate
1215 4212 1365 4268 constituta
1380 4213 1489 4287 stedia,
1505 4213 1671 4272 dirimatur.

489 4348 628 4407 Andreas
652 4350 702 4408 dei
725 4353 827 4424 gracia
852 4353 1019 4424 Dalmacie‚
1050 4355 1187 4427 Croacie,
1219 4357 1397 4431 Hulmeque
1424 4359 1496 4429 dux,
1521 4356 1673 4418 secundi¹

402 4453 474 4511 Bele
496 4455 579 4528 regis
602 4456 694 4527 filius,
719 4459 890 4515 venerabili
918 4459 949 4516 in
972 4460 1096 4519 Christo
1125 4463 1206 4536 patri
1240 4462 1410 4534 Dominic0,
1434 4465 1541 4522 eadem
1566 4469 1673 4538 gracia

402 4562 548 4635 episcopo
572 4563 772 4635 zagrabiensi,
797 4556 952 4642 (salutem)
983 4567 1014 4623 in
1045 4575 1241 4640 perpetuum.
1271 4569 1370 4650 Justis
1393 4572 1568 4642 petencium
1593 4571 1673 4630 desi-

403 4665 496 4724 deriis
520 4684 576 4726 nos
600 4668 691 4726 facile
714 4670 845 4743 prebere
869 4670 955 4728 decet
977 4687 1145 4743 assensum,
1169 4680 1199 4732 et
1222 4690 1266 4740 ea,
1284 4691 1343 4747 que
1360 4691 1377 4732 a
1393 4677 1525 4733 racionis
1548 4679 1674 4736 tramite

402 4787 463 4830 non
487 4775 671 4844 exorbitant,
695 4775 806 4832 effectu
830 4785 1035 4850 prosequente
1059 4781 1225 4854 complere.
1248 4781 1344 4863 Justis
1368 4782 1462 4854 igitur
1485 4785 1672 4856 postulacio-

402 4879 495 4937 nibus
517 4881 578 4938 tuis
601 4888 690 4954 grato
714 4892 929 4940 concurrentes
952 4899 1085 4956 assensu,
1110 4886 1187 4943 banc
1209 4888 1328 4960 populo
1352 4895 1406 4944 tuo
1428 4897 1459 4945 et
1480 4889 1608 4947 ecclesie
1623 4905 1672 4947 za·

495 5013 504 5045 ¹
522 5022 584 5066 rect.
604 5018 689 5068 tercii.
