3600 5804
611 546 683 604 Dec.
708 559 778 622 224.
806 577 842 586 -
868 545 924 601 An.
950 556 1036 621 1352.
1393 558 1449 600 aot

188 653 514 664 ....--.—-——-——.

186 751 329 807 concives
361 747 399 804 de
430 746 547 818 eadem,
578 745 617 802 ad
648 751 784 802 nostram
815 742 993 800 accedentes
1027 741 1217 815 presenciam
1250 741 1455 797 exhibuerunt

188 855 280 913 nobis
303 855 423 912 litteras
446 857 585 926 patentes
608 849 859 908 excellentissimi
882 849 1031 922 principis
1056 853 1086 904 ct
1108 845 1234 918 domini,
1259 845 1377 902 domini
1394 845 1453 902 Lo-

187 961 300 1032 douici,
324 960 374 1018 dei
397 960 501 1032 gracia
523 959 605 1030 regis
637 956 804 1028 ilungarie,
836 955 954 1012 domini
985 954 1064 1011 nosti
1088 953 1246 1024 naturalis,
1269 951 1375 1024 sigillo
1398 965 1454 1007 suo

186 1067 308 1126 anulari
332 1067 534 1138 consignatas,
558 1069 696 1137 petentes
728 1078 783 1120 nos
814 1077 943 1135 precum
975 1075 1045 1118 cum
1077 1059 1232 1128 instancia,
1256 1064 1289 1116 ut
1314 1067 1453 1114 tenorem

184 1189 294 1232 earum
318 1172 513 1246 presentibus
537 1171 629 1228 inseri
654 1169 825 1226 laceremus
842 1174 871 1224 et
887 1173 992 1224 nostro
1008 1165 1113 1238 sigillo
1137 1164 1311 1236 consignari
1329 1162 1367 1219 ad
1385 1178 1454 1220 cau-

186 1281 292 1352 telam,
316 1281 467 1348 timentes,
492 1294 529 1334 ne
554 1293 610 1352 per
634 1274 811 1334 discrimina
836 1275 959 1330 viarum
983 1273 1065 1346 ipsas
1094 1271 1213 1328 litteras
1236 1285 1288 1326 eos
1311 1269 1454 1326 amittere

186 1385 353 1458 contingat.
370 1384 510 1457 Quarum
535 1390 622 1441 tenor
645 1381 716 1439 talis
739 1389 800 1437 est:
825 1373 899 1456 (vid.
924 1395 968 1436 nr.
987 1391 1057 1446 205.
1081 1391 1160 1434 anno
1185 1374 1275 1449 1346,
1294 1389 1342 1447 30.
1360 1365 1455 1455 Julii).

184 1492 250 1549 Nos
274 1506 349 1549 vero
373 1489 623 1564 supradictorum
646 1487 755 1571 Jacobi
780 1484 889 1543 iudicis
912 1483 1046 1542 civitatis
1070 1489 1229 1556 prenotate
1251 1496 1286 1538 ac
1302 1479 1455 1550 Nicoletti,

184 1597 338 1672 Stephani
362 1603 391 1654 et
413 1597 490 1679 Jaxe
514 1594 646 1652 condam
670 1592 805 1651 iudicum
837 1597 867 1648 et
899 1590 1074 1648 concivium
1098 1587 1267 1646 decadem
1292 1586 1379 1644 iustis
1402 1601 1455 1659 pe-

183 1704 350 1762 ticionibus
373 1707 527 1772 amentes,
545 1701 681 1758 maxime
704 1700 777 1772 quia
800 1699 883 1772 ipsas
906 1697 1025 1754 litteras
1049 1695 1223 1753 invenimus
1239 1709 1299 1751 non
1319 1692 1454 1763 abrasas,

185 1826 250 1868 non
272 1809 458 1868 cancellatas
482 1823 536 1865 nec
560 1808 591 1864 in
614 1807 719 1879 aliqua
743 1806 881 1878 ipsarum
905 1807 994 1877 parte
1018 1801 1153 1872 viciatus,
1185 1805 1324 1856 tenorem
1347 1813 1454 1856 earum

184 1916 223 1973 de
252 1917 352 1973 verbo
375 1915 413 1972 ad
437 1915 571 1971 verbum
595 1912 790 1986 presentibus
813 1910 907 1967 inseri
930 1908 1059 1966 fecimus
1082 1913 1112 1964 et
1135 1911 1240 1963 nostro
1264 1905 1369 1978 sigillo
1385 1919 1455 1961 con·

185 2022 315 2094 signari.
341 2021 456 2078 Datum
479 2019 637 2092 Zagrabie,
662 2018 711 2075 die
734 2023 764 2074 et
787 2031 875 2088 ann0,
900 2021 933 2073 ut
956 2030 1058 2088 supra.

276 2156 418 2220 Originale
441 2156 467 2204 in
490 2155 648 2213 membrana,
668 2169 683 2203 a
705 2161 780 2218 tergo
806 2151 948 2217 vestigium
973 2151 1093 2216 impressi
1120 2149 1211 2215 sigilli.
1232 2149 1262 2200 ln
1280 2147 1389 2200 archivo
1408 2148 1454 2198 lib.

184 2260 238 2310 reg.
259 2244 310 2295 civ.
331 2245 435 2309 zagrab.

778 2438 866 2503 224.

290 2585 368 2631 Anno
390 2591 464 2640 1352,
486 2589 524 2630 10.
547 2579 684 2630 februarii.

187 2707 353 2764 Lurlovicur
383 2707 561 2780 Hungariae
592 2716 639 2765 etc.
672 2727 725 2764 rex
756 2709 868 2764 litteras
897 2709 1128 2781 confirmatorias
1150 2707 1377 2781 praedecessoris
1409 2707 1458 2763 sui

184 2816 261 2887 regis
290 2813 393 2871 Caroli
412 2814 446 2870 de
465 2815 688 2872 reambulationc
716 2821 744 2871 et
770 2823 908 2871 metarum
935 2814 1089 2872 errectione
1106 2815 1315 2887 possessionum
1335 2813 1457 2886 cupr'tulr'

535 2921 652 2994 zagrab.
677 2922 878 2979 transsummit
897 2928 925 2978 et
945 2921 1103 2994 confirmat.

273 3081 450 3140 lodovicus
473 3083 522 3140 dei
546 3084 649 3154 gracia
674 3083 839 3155 Hungarie‚
864 3083 1033 3152 Dalmacie‚
1057 3081 1193 3154 Croacie,
1212 3083 1319 3152 Rame‚
1340 3080 1454 3152 Seruie,

186 3183 330 3257 Gallicie,
354 3186 545 3258 Lodomerie,
569 3188 725 3260 Comanie,
749 3189 954 3260 Bulgarieque
978 3204 1041 3258 rex,
1071 3189 1213 3262 princeps
1231 3185 1455 3246 Sallernitanus

185 3296 214 3347 et
230 3291 368 3350 Honoris
383 3285 443 3369 (ac)
460 3295 573 3350 montis
588 3294 684 3350 sancti
703 3295 813 3366 Angeli
830 3293 982 3351 dominus.
1003 3294 1155 3352 Omnibus
1179 3293 1293 3352 Christi
1309 3293 1455 3351 fidelibus

185 3398 383 3470 presentibus
407 3399 524 3472 pariter
546 3405 576 3456 et
599 3399 711 3456 suturis
729 3400 873 3457 noticiam
895 3401 1089 3474 presencium
1106 3400 1258 3457 habituris
1275 3400 1407 3456 salutem
1423 3400 1454 3456 in

185 3505 327 3561 omniurn
351 3503 514 3563 salvatore.
539 3506 679 3563 Inmensa
702 3520 813 3577 regum
835 3506 989 3576 nobilitas,
1014 3506 1087 3563 licet
1102 3507 1218 3563 cunctis
1233 3505 1292 3562 sibi
1310 3505 1455 3563 subiectis

184 3624 216 3666 se
234 3610 325 3682 pium
342 3615 372 3666 et
395 3611 563 3683 benignum
587 3611 698 3669 debeat
721 3613 877 3681 exhibere,
902 3613 973 3670 illos
990 3618 1093 3670 tamen
1110 3611 1247 3670 uberiori
1262 3617 1291 3668 et
1307 3611 1454 3686 ampliori

187 3715 294 3772 lavore
312 3723 341 3772 et
358 3718 460 3788 gracia
476 3717 622 3790 prosequi
639 3719 798 3775 consvevit
814 3725 844 3776 et
858 3719 1014 3791 amplecti,
1029 3719 1096 3778 iura
1110 3720 1249 3792 ipsorum
1262 3717 1455 3776 confovendo

188 3827 215 3878 et
231 3827 387 3896 perpetua
406 3823 573 3881 stabilitate
590 3823 754 3895 fulciendo,
771 3825 825 3897 qui
841 3825 1060 3898 temporalium
1078 3825 1232 3882 bonorum
1249 3825 1379 3898 inpensa
1395 3823 1454 3882 sihi

183 3925 320 3986 fideliter
350 3929 535 3987 obsecuntur
564 3936 594 3987 et
625 3931 655 3986 in
686 3930 852 3989 offerendis
883 3931 1062 3988 oracionum
1094 3930 1251 4002 suffragiis
1283 3944 1340 4004 pro
1377 3944 1453 4003 pace

184 4035 266 4107 regis
289 4039 321 4092 et
344 4037 431 4108 regni
455 4037 595 4094 omnium
619 4036 751 4094 creatori
775 4037 887 4109 iugiter
910 4043 940 4094 et
963 4036 1074 4094 devote
1098 4035 1295 4094 famulantur.
1323 4035 1456 4093 Proinde

185 4140 223 4197 ad
248 4141 467 4199 universorum
491 4144 636 4200 noticiam
661 4143 773 4200 harum
797 4144 875 4200 serie
899 4143 1046 4199 volumus
1069 4143 1241 4215 pervenire,
1265 4141 1348 4214 quod
1365 4157 1455 4198 vene-

189 4247 299 4305 rabilis
323 4247 354 4303 in
377 4247 501 4304 Christo
531 4253 620 4322 pater
649 4248 792 4306 dominus
812 4249 967 4318 Nicolaus,
996 4247 1106 4306 eadem
1129 4255 1158 4306 et
1181 4248 1352 4320 apostolice
1374 4246 1455 4304 sedis

186 4353 290 4423 gracia
314 4353 480 4426 episcopus
504 4355 631 4411 ecclesie
647 4355 863 4428 zagrabiensis,
886 4355 957 4412 aule
976 4351 1080 4412 nostre
1096 4355 1306 4426 cancellarius,
1323 4353 1454 4412 dilectus

186 4467 215 4516 et
236 4457 343 4516 fidelis
367 4463 477 4530 noster,
499 4461 538 4517 ad
564 4461 756 4519 celsitudinis
779 4467 882 4520 nostre
905 4461 1079 4519 accedendo
1095 4461 1296 4535 presenciam,
1313 4460 1454 4518 exhibuit

186 4565 275 4622 nobis
307 4563 459 4637 quasdam
491 4567 611 4624 litteras
642 4573 781 4641 patentes
811 4568 1000 4626 serenissimi
1030 4567 1181 4642 principis
1204 4566 1322 4623 domini
1348 4567 1454 4624 Karoli

187 4670 262 4727 olim
286 4671 417 4728 illustris
440 4673 522 4744 regis
542 4673 709 4746 Hungarie,
732 4675 880 4747 genitoris
900 4674 997 4732 nostri
1020 4673 1193 4731 charissimi
1217 4673 1268 4746 pie
1293 4673 1452 4742 memorie,

188 4777 282 4834 tercio
306 4783 335 4834 et
359 4777 472 4835 ultimo
495 4779 600 4852 sigillo
624 4795 680 4837 suo
703 4781 903 4853 consignatas,
920 4781 1038 4838 litteras
1055 4779 1309 4853 rescripcionales
1325 4779 1454 4854 capituli

188 4883 316 4940 ecclesie
339 4883 475 4942 albensis
498 4901 592 4958 super
623 4887 874 4944 reambulacione
897 4897 928 4944 et
952 4891 1104 4944 metarum
1129 4887 1285 4944 ereccione
1308 4901 1343 4942 ac
1366 4901 1454 4943 reno·

190 4987 315 5046 vacione
346 4995 500 5048 terrarum
530 4999 560 5048 et
591 4992 822 5064 possessionum
853 4991 934 5050 infra
964 4991 1211 5066 specificatarum
1243 4991 1370 5050 ecclesie
1400 5007 1454 5051 sue
1528 5034 1532 5040 -
