3600 5804
378 577 435 620 roa
808 559 879 616 Doc.
905 572 972 616 120.
999 591 1033 600 —
1062 557 1229 633 An.1322.

376 668 383 672 .
450 664 1002 680 .—.,—..-....-—-—-

376 759 512 827 obnoxii,
544 758 574 814 in
606 756 735 830 prefixis
766 755 805 813 ad
839 757 897 813 hoc
928 763 956 812 et
980 757 1043 812 iam
1066 757 1180 829 elapsis
1204 756 1343 813 terminis
1367 755 1520 826 denegant
1544 755 1644 810 minus

378 865 462 921 iuste.
487 862 590 937 Quare
613 862 696 919 idem
721 863 885 935 episcopus
907 863 997 918 nobis
1021 863 1181 919 humiliter
1204 862 1402 935 supplicavit,
1427 865 1461 918 ut
1481 859 1643 934 providere

376 971 436 1028 sibi
459 977 523 1027 tam
554 986 649 1043 super
679 970 746 1040 hiis,
778 985 873 1042 quarn
896 985 991 1042 super
1013 969 1170 1026 nonnullis
1192 969 1263 1026 aliis
1287 968 1491 1041 pecuniarum
1514 969 1644 1024 summis

376 1077 436 1134 sibi
459 1093 497 1133 ex
520 1077 612 1132 certis
636 1081 665 1134 et
688 1076 891 1133 rationalibus
926 1075 1025 1132 causis
1056 1075 1170 1132 debitis
1198 1074 1236 1132 de
1261 1081 1416 1146 oportuno
1439 1073 1578 1131 remedio
1601 1072 1643 1130 di-

377 1197 551 1254 gnaremur.
575 1181 639 1239 Nos
670 1183 765 1254 igitur
795 1182 934 1238 nolentes
957 1181 1058 1238 eidem
1083 1181 1239 1256 episcope,
1264 1196 1357 1254 quem
1380 1180 1445 1238 suis
1469 1181 1560 1237 claris
1583 1181 1643 1236 exi-

377 1289 520 1360 gentibus
545 1287 663 1346 meritis
686 1289 884 1362 prerogativa
903 1287 1047 1360 specialis
1070 1287 1187 1344 favoris
1210 1287 1439 1361 prosequimur,
1461 1287 1491 1343 in
1507 1301 1563 1343 suo
1579 1286 1643 1343 iure

377 1393 491 1465 deesse,
515 1394 569 1466 qui
593 1409 699 1451 sumus
723 1394 869 1451 omnibns
892 1395 923 1451 in
947 1395 1062 1451 iustitia
1085 1393 1249 1466 debitores,
1274 1392 1452 1450 discretioni
1473 1400 1572 1450 vestre
1589 1407 1642 1465 per

377 1500 547 1572 apostolica
570 1501 685 1574 scripta
708 1499 902 1571 mandamus,
927 1505 1077 1573 quatenus
1101 1515 1157 1558 vos
1180 1499 1231 1557 vel
1256 1499 1318 1556 duo
1335 1505 1388 1556 aut
1403 1515 1482 1556 unus
1498 1507 1639 1566 vestrum,

378 1621 485 1663 omnes
509 1611 539 1664 et
562 1606 708 1679 singulos,
732 1621 810 1680 quos
832 1607 1010 1664 inveniretis
1035 1608 1065 1664 in
1089 1607 1195 1680 aliquo
1219 1607 1365 1680 episcopo
1382 1605 1522 1679 predicto
1538 1605 1640 1674 teneri,
1662 1663 1665 1668 ,

381 1712 406 1768 si
431 1710 510 1770 infra
543 1717 661 1770 certum
692 1718 920 1787 competentem
951 1713 1126 1784 terminum,
1156 1729 1250 1786 quem
1281 1714 1324 1770 eis
1351 1713 1390 1770 ad
1415 1713 1473 1770 hoc
1496 1711 1639 1768 duxeritis

378 1817 594 1892 prefigendum
622 1819 840 1893 peremptorie,
871 1820 931 1894 ipsi
962 1820 1106 1893 episcopo
1139 1819 1315 1876 satisfacere
1339 1817 1418 1876 sorte
1444 1818 1635 1891 neglexerint,

381 1939 434 1981 eos
457 1923 496 1981 ad
527 1923 779 1982 satisfaciendum
809 1927 845 1996 ei,
876 1926 928 1982 vel
956 1927 1021 1983 eius
1044 1927 1238 1999 procuratori
1264 1941 1322 2000 pro
1346 1940 1390 1996 e0,
1416 1925 1580 1982 summarie
1603 1923 1637 1980 de

378 2031 473 2104 plano
497 2032 561 2088 sine
584 2033 715 2106 strepitu
739 2038 769 2089 et
784 2032 886 2106 figura
900 2033 1005 2090 iudicii
1022 2049 1079 2106 per
1094 2048 1255 2090 censuram
1272 2033 1521 2102 ecclesiasticam,
1538 2031 1636 2104 appel·

379 2137 493 2194 latione
516 2139 698 2211 postposita,
719 2139 923 2211 compellatis
941 2139 1009 2196 Non
1025 2139 1166 2195 obstante
1182 2139 1208 2196 si
1223 2139 1382 2211 aliquibus
1398 2153 1416 2194 a
1432 2137 1504 2194 sede
1525 2141 1637 2211 aposto

378 2241 440 2300 lica
464 2244 502 2301 sit
525 2242 687 2314 indultum,
712 2244 795 2316 quod
813 2243 961 2316 interdici,
979 2244 1133 2318 suspendi,
1150 2246 1201 2302 vel
1224 2245 1485 2302 excommunicari
1500 2259 1558 2301 non
1572 2257 1636 2316 pos·

379 2349 439 2406 sint
462 2364 518 2422 per
542 2349 660 2409 litteras
683 2351 869 2424 apostolicas
892 2366 952 2408 non
977 2350 1120 2409 iacientes
1145 2353 1269 2426 plenam
1293 2359 1323 2408 et
1346 2365 1526 2423 expressam
1549 2348 1636 2406 aede

379 2455 477 2512 verbo
501 2455 539 2512 ad
567 2457 700 2514 verbum
724 2457 762 2514 de
785 2457 906 2515 indultu
923 2458 1101 2516 huiusmodi
1123 2459 1319 2518 mentionem.
1345 2457 1460 2515 Datum
1485 2457 1633 2514 avinione.

379 2576 407 2618 v.
432 2561 493 2620 kal.
516 2563 607 2645 Junii.
628 2565 718 2621 Anno
741 2571 836 2622 sexto

471 2697 511 2746 Ex
535 2713 588 2763 reg.
609 2698 676 2764 orig.
696 2713 736 2748 an.
756 2699 801 2749 vl.
822 2714 886 2748 corn.
910 2715 949 2764 ep.
972 2710 1027 2763 129.
1048 2699 1169 2748 Theiner.
1191 2699 1260 2748 Mon.
1281 2700 1368 2764 Hung.
1390 2698 1451 2748 hist.
1472 2714 1497 2762 p.
1516 2707 1571 2759 479.

970 2931 1056 2997 120.

485 3056 562 3103 Anno
584 3064 658 3112 1322,
678 3065 701 3103 2.
720 3054 801 3120 Junii.
821 3054 974 3120 Zagrabiae.

389 3182 518 3256 Capituli
537 3184 653 3256 zagrab.
678 3185 828 3254 cntt'ssarir',
842 3185 929 3258 fines,
945 3184 1094 3258 dequibus
1111 3191 1262 3241 corruamus
1278 3185 1450 3241 Remetensis
1465 3191 1492 3238 et
1511 3183 1639 3254 magister

413 3289 559 3346 Renoldus
581 3307 615 3345 oc
638 3291 798 3362 iobagiones
819 3289 854 3347 de
875 3291 983 3347 Ble'zna
1006 3299 1125 3364 egerunt
1138 3309 1262 3362 causam,
1271 3291 1411 3364 formant
1425 3297 1454 3346 et
1466 3295 1604 3346 renovant.

472 3431 652 3506 Capitulum
676 3434 883 3505 zagrabiensis
907 3435 1041 3492 ecclesie.
1066 3434 1282 3507 Significamus
1304 3436 1419 3506 quibus
1435 3433 1556 3507 expedit
1576 3433 1638 3488 uni·

381 3540 486 3596 versis.
511 3537 602 3612 Quod
625 3553 697 3596 cum
721 3541 895 3611 questiones
917 3547 946 3597 et
970 3540 1175 3598 discensiones
1198 3541 1275 3598 inter
1307 3547 1492 3597 conventum
1515 3539 1637 3596 fratrum

380 3646 612 3702 Heremitarum
636 3645 674 3702 de
698 3645 849 3718 Zagrabia
872 3653 902 3703 et
925 3649 1109 3719 magistrum
1144 3647 1326 3717 Renoldum‚
1350 3661 1386 3704 ac
1408 3647 1581 3718 iobagiones
1602 3644 1638 3700 de

381 3751 485 3808 Blizna
516 3767 609 3826 super
640 3751 755 3809 finibus
786 3757 816 3809 et
846 3754 936 3810 metis
968 3760 1121 3810 terrarum
1151 3759 1326 3812 nostrarum
1358 3752 1396 3810 de
1428 3751 1587 3809 Bukoucha
1610 3755 1638 3805 et

383 3847 545 3914 terrarum'
559 3857 597 3914 de
628 3857 733 3914 Blizna
764 3865 869 3916 exorte
893 3852 1042 3929 fuissent';
1071 3859 1195 3918 tandem
1227 3875 1282 3917 nos
1313 3859 1352 3916 ad
1382 3857 1590 3916 reformandas
1610 3860 1637 3911 et

381 3963 573 4020 renovandas
597 3964 694 4021 dictas
723 3969 822 4022 metas
845 3966 987 4023 misimus
1012 3966 1160 4024 discretos
1184 3968 1268 4024 viros
1292 3965 1473 4038 magistros:
1496 3964 1635 4048 Jacobum

380 4070 538 4140 lectorem,
561 4069 761 4128 Dominicum
789 4071 956 4141 custodem,
981 4072 1135 4144 Bonoram
1166 4071 1416 4129 archidiaconum
1442 4071 1480 4128 de
1504 4067 1636 4127 Kemluk.

382 4175 549 4232 Martinum
572 4175 826 4234 archidiaconum
848 4176 886 4233 de
910 4177 1012 4235 Vaslra
1037 4184 1067 4235 et
1090 4180 1275 4251 magistrum
1296 4179 1476 4260 johannem,
1500 4190 1636 4234 concano-

380 4281 465 4338 nicos
488 4287 618 4353 nostros‚
642 4283 696 4355 qui
720 4282 758 4340 ad
774 4299 830 4340 nos
845 4282 1008 4340 redeuntes
1025 4285 1218 4342 concorditer
1234 4286 1413 4356 retulerunt,
1438 4301 1470 4341 se
1495 4283 1637 4357 predictas

381 4393 479 4446 metas
502 4386 687 4446 reformasse
718 4393 747 4445 et
779 4405 944 4446 renovasse
976 4398 1143 4462 spontanea
1166 4391 1334 4462 voluntate,
1357 4390 1551 4464 presentibus
1577 4403 1637 4462 pre·

382 4493 464 4552 dicto
487 4495 635 4566 magistro
660 4495 799 4552 Renoldo
823 4501 852 4552 et
877 4495 1092 4568 iobagionibus
1116 4497 1179 4554 suis
1202 4497 1231 4553 in
1257 4498 1337 4554 hunc
1368 4496 1515 4553 modum:
1546 4495 1639 4568 prima

382 4609 464 4658 meta
487 4601 594 4674 incipit
626 4602 667 4658 ab
690 4601 806 4658 oriente
836 4603 917 4658 circa
948 4603 1032 4659 viam
1063 4603 1223 4675 publicam
1254 4619 1314 4675 que
1346 4604 1431 4660 venit
1454 4601 1493 4660 de
1516 4601 1638 4668 Bachun,

382 4707 437 4764 nbi
460 4713 505 4764 est
527 4713 609 4764 meta
632 4712 733 4764 terrea
758 4707 788 4764 in
811 4707 903 4779 valle,
924 4713 955 4765 et
986 4724 1043 4782 per
1067 4707 1196 4765 eandem
1226 4709 1344 4766 vallem
1374 4709 1489 4766 directe
1512 4706 1638 4766 ascendit

383 4829 491 4872 versus
515 4813 706 4872 occidentem
730 4815 768 4871 ad
792 4814 998 4872 monticulum
1030 4823 1060 4872 et
1091 4817 1231 4888 pervenit
1263 4815 1301 4872 ad
1330 4816 1475 4873 arborem
1499 4820 1637 4881 castanee,

383 4920 438 4978 ubi
461 4925 507 4978 est
529 4925 612 4977 meta
635 4927 735 4977 terrea
758 4927 788 4977 et
810 4937 889 4976 unus
912 4921 1003 4978 albus
1027 4923 1108 4994 lapis
1131 4922 1313 4991 circaeam,
1338 4921 1408 4980 inde
1432 4921 1546 4978 directe
1561 4917 1639 4975 radit

383 5025 422 5082 ad
448 5025 614 5084 secundam
638 5027 781 5084 arborem
807 5033 954 5098 castanee,
978 5027 1032 5084 ubi
1057 5033 1101 5084 est
1125 5034 1205 5084 meta
1238 5035 1345 5098 terrea,
1374 5033 1404 5083 et
1427 5025 1542 5084 ibidem
1565 5023 1639 5082 cadit
