3600 5804
1347 549 1407 608 113

155 732 323 790 universalis
346 732 474 788 ecclesie
498 747 690 804 quamquam
714 729 971 790 insufficientibus
995 731 1122 800 meritis,
1146 729 1326 804 disponente
1350 730 1405 788 do-

157 839 238 906 mino,
262 836 457 910 presidentes,
493 836 531 894 de
555 837 707 894 universis
730 837 815 894 orbis
839 836 984 906 ecclesiis
1008 851 1067 909 pro
1091 852 1198 894 earum
1222 841 1301 894 statu
1326 837 1407 894 salu·

156 944 242 1001 briter
263 942 431 1014 dirigendo,
456 948 607 1014 quantum
630 943 721 999 nobis
741 959 779 999 ex
795 943 858 998 alto
875 942 1074 1015 permittitur,
1090 942 1209 1000 solicite
1225 943 1405 1015 cogitamus,

155 1049 202 1107 sed
222 1065 322 1107 earum
346 1049 530 1122 propensior
553 1047 718 1106 solicitudo
742 1063 798 1106 nos
821 1054 919 1121 urget,
943 1063 1020 1121 quas
1043 1047 1180 1122 propriis
1196 1053 1334 1104 carentes
1353 1063 1406 1121 pa·

154 1156 276 1212 storibus
298 1155 469 1212 vacationis
492 1155 664 1212 incomodis
687 1154 895 1227 prospicimus
919 1154 1088 1222 subiacere,
1111 1159 1145 1210 ut
1166 1153 1230 1210 illis
1251 1169 1308 1227 per
1334 1167 1408 1226 ope-

155 1261 267 1318 rationis
289 1266 391 1318 nostre
415 1260 553 1318 studium
577 1261 637 1318 viri
660 1259 862 1334 preficiantur
885 1259 998 1331 ydonei
1021 1259 1053 1316 iu
1076 1263 1223 1332 pastores,
1242 1260 1296 1332 qui
1312 1259 1408 1316 sciant

156 1373 182 1423 et
201 1367 312 1440 possint
334 1368 410 1440 ipsis
433 1367 569 1424 ecclesiis
593 1381 716 1440 preesse
741 1367 859 1423 utiliter
881 1381 916 1422 ac
939 1364 1095 1438 prodesse.
1119 1363 1226 1438 Nuper
1249 1364 1404 1437 siquidem

156 1483 268 1530 vacante
302 1473 430 1530 ecclesia
464 1473 665 1545 zagabriensi,
701 1488 759 1546 pro
783 1486 819 1528 eo
843 1471 928 1545 quod
955 1470 1167 1528 venerabilem
1199 1469 1327 1528 fratrem
1350 1485 1402 1528 ηο-

155 1585 242 1636 strum
268 1579 419 1660 Jacobum
449 1577 721 1653 Corisopitensem‚
752 1583 824 1635 tunc
852 1578 1082 1650 zagabriensem
1118 1577 1309 1651 episcopum,
1334 1577 1406 1633 licet

154 1685 306 1755 absentem,
330 1701 349 1742 a
371 1685 497 1742 vinculo
532 1700 594 1758 quo
629 1685 792 1742 tenebatur
825 1683 927 1741 eidem
960 1683 1153 1756 zagabriensi
1188 1683 1323 1752 ecclesie,
1359 1682 1407 1739 cui

156 1797 218 1847 ωηο
250 1796 378 1865 preerat,
415 1791 453 1849 de
488 1790 621 1848 fratrum
648 1797 827 1848 nostrorum
849 1792 979 1849 consilio
1000 1797 1030 1849 et
1052 1791 1221 1866 apostolice
1246 1789 1407 1864 potestatis

155 1896 329 1968 plenitudine
352 1898 560 1968 absolventes
595 1899 698 1971 ipsum
723 1899 762 1955 ad
786 1898 949 1955 ecclesiam
973 1897 1236 1972 corisopitensem
1259 1901 1332 1954 tunc
1356 1909 1408 1952 va-

154 2009 259 2060 cantem
292 2003 438 2061 duximus
471 2003 729 2076 transferendum,
765 2003 954 2077 preficiendo
988 2019 1059 2060 eum
1098 2003 1157 2076 ipsi
1186 2001 1407 2075 Corisopitensi

156 2108 267 2166 ecclesie
297 2110 327 2166 in
358 2110 540 2182 episcopum
571 2116 601 2166 et
634 2116 799 2182 pastorem.
831 2110 894 2168 Nos
918 2111 1057 2168 volentes
1081 2108 1184 2166 eidem
1216 2108 1406 2180 zagabriensi

155 2215 274 2285 ecclesie,
297 2231 334 2272 ne
356 2214 518 2288 dispendia
542 2216 664 2288 prolixe
685 2217 853 2274 vacationis
869 2217 1046 2286 incurreret,
1064 2222 1192 2288 paterna
1210 2213 1405 2271 solicitudine

155 2336 312 2394 precavere,
343 2339 415 2380 cum
446 2323 552 2380 nullus
584 2328 686 2395 preter
718 2339 773 2379 nos
804 2324 861 2382 hac
884 2325 952 2380 vice
975 2322 1013 2379 de
1038 2323 1135 2394 ipsius
1159 2322 1287 2378 ecclesie
1319 2336 1406 2393 zaga·

156 2427 269 2486 briensis
291 2429 484 2487 ordinatione
506 2445 539 2485 se
564 2430 770 2487 intromittere
789 2430 911 2503 poterit,
935 2444 994 2502 pro
1017 2443 1053 2484 eo
1078 2427 1163 2500 quod
1188 2442 1244 2484 nos
1268 2425 1320 2483 diu
1337 2433 1406 2484 ante

157 2535 328 2590 vacationem
354 2535 532 2592 huiusmodi
555 2535 652 2607 ipsius
675 2535 803 2591 ecclesie
825 2534 1036 2606 zagabriensis
1057 2533 1249 2606 provisiones
1265 2532 1406 2588 omnium

155 2639 336 2696 ecclesiarum
367 2641 593 2698 cathedralium
626 2647 697 2697 tunc
732 2641 907 2697 vacantium
939 2647 968 2697 et
1009 2647 1227 2696 vacaturarum
1258 2639 1288 2695 in
1317 2644 1405 2695 antea

157 2757 202 2814 per
221 2747 432 2805 translationes
457 2763 512 2820 per
535 2762 590 2804 nos
614 2745 709 2804 factas
734 2752 763 2804 et
787 2747 992 2819 imposterum
1018 2743 1181 2814 iaciendas,
1216 2744 1254 2801 de
1278 2743 1405 2817 prelatis

156 2847 276 2920 ipsarum
307 2853 509 2910 ecclesiarum
541 2853 674 2910 ubilibet
705 2852 877 2909 constitutis
908 2850 947 2907 ad
983 2851 1060 2907 alias
1088 2851 1232 2907 ecclesias
1257 2856 1329 2906 tunc
1352 2865 1404 2906 va-

158 2963 252 3027 cantes,
285 2965 314 3014 et
349 2960 553 3032 imposterum
589 2965 751 3015 vacaturas
789 2957 982 3030 dispositioni
1012 2961 1115 3014 nostre
1140 2956 1286 3013 duximus
1309 2972 1405 3013 reser-

156 3061 264 3144 vandas,
286 3064 484 3122 decernentes
506 3081 543 3122 ex
573 3069 644 3122 tunc
665 3065 788 3121 irritum
812 3069 842 3119 et
865 3063 964 3133 inane,
988 3063 1012 3119 si
1037 3078 1124 3118 secus
1147 3077 1241 3136 super
1264 3063 1323 3118 hiis
1346 3077 1402 3134 per

158 3181 349 3243 quoscumque
381 3173 491 3244 quavis
520 3173 701 3228 auctoritate
733 3171 862 3227 scienter
893 3171 942 3226 vel
977 3170 1152 3242 ignoranter
1175 3169 1336 3242 contigerit
1359 3175 1403 3225 at-

158 3277 291 3346 temptari,
327 3283 398 3349 post
432 3277 697 3344 deliberationem,
736 3291 829 3347 quam
861 3275 898 3331 ad
928 3273 1152 3349 preficiendum
1175 3275 1267 3331 talem
1303 3273 1404 3331 eidem

157 3379 266 3438 ecclesie
291 3385 483 3456 zagabriensi
508 3398 680 3456 personam,
716 3398 775 3454 que
799 3381 952 3454 prefatam
976 3381 1208 3452 zagabriensem
1241 3380 1402 3436 ecclesiam

157 3492 243 3554 posset
270 3505 451 3560 preservare
483 3505 501 3546 a
532 3490 631 3546 noxiis
666 3497 696 3544 et
727 3487 874 3558 adversis,
906 3501 1037 3558 eamque
1066 3486 1096 3542 in
1120 3486 1183 3542 suis
1205 3491 1403 3542 manutenere

158 3587 258 3648 iuribus
280 3601 308 3651 et
332 3597 426 3652 etiam
450 3595 612 3668 adaugere,
637 3610 707 3652 cum
731 3593 847 3650 eisdem
865 3592 1014 3650 iratribus
1031 3591 1197 3648 habuimus
1213 3590 1402 3663 diligentem,

159 3694 188 3751 ad
209 3703 234 3754 te
255 3702 445 3774 prepositum
471 3702 598 3758 ecclesie
621 3701 795 3769 Titulensis
821 3700 990 3756 colocensis
1014 3697 1152 3767 diocesis,
1172 3697 1202 3754 in
1226 3697 1404 3754 diaconatus

158 3801 247 3860 ordine
274 3809 483 3878 constitutum,
513 3809 561 3864 cui
591 3807 629 3863 de
660 3807 835 3863 litterarum
865 3805 998 3874 scientia,
1029 3804 1188 3860 honestate
1225 3818 1349 3860 morum
1374 3807 1404 3859 et

159 3907 216 3976 Vite,
253 3912 414 3984 prudentia
453 3913 661 3986 spiritualium
699 3919 728 3969 et
766 3911 989 3985 temporalium
1028 3908 1237 3983 providencia,
1272 3909 1403 3980 aliisque

160 4014 357 4090 multiplicium
391 4026 420 4076 et
455 4019 662 4076 laudabilium
698 4019 849 4075 virtutum
887 4017 1005 4074 meritis
1039 4014 1195 4086 fidedigua
1229 4015 1403 4071 testimonia

160 4119 352 4194 suffragantur,
385 4125 555 4182 direximus
587 4125 694 4181 oculos
723 4130 826 4181 nostre
851 4123 970 4193 mentiS,
994 4122 1107 4194 quibus
1130 4120 1275 4177 omnibus
1298 4119 1403 4176 debita

160 4226 333 4288 meditatione
356 4233 500 4305 pensatis,
525 4231 563 4288 de
587 4247 719 4305 persona
743 4237 803 4301 tua,
826 4229 917 4286 nobis
940 4234 969 4284 et
993 4227 1108 4284 eisdem
1126 4226 1274 4284 iratribus
1290 4227 1402 4283 nostris

160 4329 192 4384 0b
215 4334 381 4394 huiusmodi
413 4344 535 4394 tuorum
568 4337 752 4408 exigentiam
785 4336 966 4392 meritorum
997 4339 1131 4406 accepta,
1164 4331 1282 4406 pretate
1313 4347 1402 4404 zaga-

161 4433 253 4498 briensi
281 4445 408 4500 ecclesie
440 4443 478 4500 de
509 4443 663 4500 dictorum
694 4442 824 4500 fratrum
857 4442 986 4498 consilio
1021 4440 1201 4496 auctoritate
1232 4439 1402 4512 apostolica

162 4545 345 4620 providemus,
371 4555 461 4622 teque
490 4549 536 4606 illi
568 4549 747 4622 preficimus
779 4549 809 4604 in
840 4549 1021 4620 episcopum
1052 4551 1082 4602 et
1105 4550 1270 4618 pastorem,
1294 4559 1401 4601 curam

162 4651 185 4702 et
202 4651 486 4712 administrationem
519 4655 615 4728 ipsius
647 4655 775 4711 ecclesie
798 4653 1005 4725 zagabriensis
1029 4652 1085 4708 tibi
1118 4659 1181 4708 tam
1205 4651 1235 4706 in
1258 4651 1402 4724 spiritua-

162 4750 227 4813 libus
246 4775 335 4838 quam
360 4762 390 4818 in
415 4760 640 4834 temporalibus
665 4761 803 4834 plenarie
819 4757 1050 4828 committendo,
1070 4757 1161 4814 firma
1179 4756 1263 4813 ducti
1279 4755 1400 4824 fiducia,

163 4861 227 4928 quod
247 4871 308 4924 tuos
331 4873 417 4923 actus
442 4873 471 4922 et
495 4881 591 4940 opera
622 4866 707 4923 illius
739 4866 906 4923 clemencia
931 4865 1090 4936 dirigente,
1115 4879 1132 4919 a
1156 4877 1218 4934 quo
1242 4862 1400 4918 universo·

162 4975 217 5022 mm
242 4973 434 5030 carismatum
465 4971 546 5029 dona
572 4973 767 5047 proveniunt,
803 4972 955 5044 prelibate
978 4969 1168 5042 zagabriensi
1192 4968 1319 5024 ecclesie
1342 4983 1400 5040 per

1278 5086 1294 5136 8
