3782 5812
631 529 777 590 Doc.18.
805 567 839 576 -
866 534 1035 614 An.1242.

866 642 915 648 ——-
974 643 1006 648 —-
1021 644 1068 648 .-
1113 643 1212 650 -—·.--—
1227 645 1330 650 —..-.-⁴.-
1368 646 1465 652 *—

194 732 328 790 consilio
353 733 467 792 civium
491 733 531 790 ad
555 735 613 790 hoc
637 733 809 807 deputatos
833 735 1022 808 pauperibus
1043 740 1073 790 et
1096 735 1224 792 ecclesie
1240 735 1377 792 eiusdem
1395 737 1469 793 civi·

192 839 265 894 tatis
290 837 528 910 distribuantur,
553 841 646 897 tercia
670 855 745 897 vero
770 855 842 914 pars
863 840 902 897 ad
926 841 1092 898 utilitatem
1117 841 1250 898 civitatis
1280 847 1463 900 reservetur.

193 944 280 1014 Item,
315 946 496 1017 statuimus,
529 946 612 1020 quod
647 947 678 1003 in
709 945 819 1003 eadem
849 947 973 1004 civitate
1003 945 1107 1004 sorum
1138 947 1313 1020 sollempne
1344 947 1466 1005 duobus

192 1050 306 1108 diebus
331 1053 363 1109 in
387 1051 570 1124 ebdomada,
587 1051 732 1109 videlicet
751 1051 801 1110 die
824 1052 909 1109 Lune
932 1059 962 1109 et
985 1051 1034 1109 die
1049 1052 1137 1134 Jouis
1153 1053 1335 1122 celebretur,
1352 1057 1382 1110 et
1398 1069 1467 1126 pre·

192 1162 278 1214 terea
303 1157 410 1216 sorum
433 1157 635 1217 cottidianum
665 1157 790 1216 cottidie
820 1158 979 1216 habeatur.
1010 1159 1202 1217 Universitas
1234 1175 1309 1216 vero
1332 1159 1465 1218 civitatis

192 1264 375 1338 supradicte
397 1265 487 1322 nobis
511 1270 630 1322 tenetur
652 1263 691 1321 ad
714 1265 839 1322 servitia
869 1264 1072 1338 infrascripta.
1099 1264 1179 1322 Cum
1205 1265 1288 1322 enim
1304 1281 1358 1322 rex
1382 1265 1468 1322 Hun-

191 1371 278 1442 garie
302 1371 534 1445 expeditionem
558 1371 598 1428 ad
620 1377 724 1445 partes
748 1372 920 1429 maritimas
952 1373 1002 1428 vel
1027 1371 1218 1430 Carinthiam
1240 1373 1293 1429 vel
1309 1373 1469 1430 Austriam

193 1475 296 1534 lacere
322 1478 466 1548 voluerit,
491 1477 565 1534 dicti
589 1478 671 1534 cives
694 1476 800 1534 decem
825 1479 940 1536 milites
962 1479 1085 1536 mittere
1101 1483 1260 1536 teneantur
1276 1493 1346 1536 cum
1370 1479 1466 1536 armis

195 1583 391 1640 militaribus
415 1589 589 1657 apparatos
617 1583 759 1641 Preterea
787 1583 914 1642 domino
945 1585 1011 1655 regi
1043 1583 1166 1656 quando
1197 1585 1300 1657 ipsum
1324 1585 1400 1642 illuc
1422 1585 1467 1643 ire

193 1689 370 1761 contigerit,
393 1688 508 1746 debent
532 1689 606 1746 dare
629 1705 687 1762 pro
710 1689 842 1762 prandio
866 1688 1030 1747 duodecim
1046 1691 1152 1760 boves,
1169 1689 1256 1746 mille
1272 1705 1375 1763 panes
1392 1705 1467 1763 qua-

195 1801 265 1852 tuor
291 1796 429 1854 tunellas
452 1797 525 1855 vini.
548 1797 628 1854 Duci
651 1801 755 1854 autem
778 1798 872 1854 totius
893 1795 1064 1866 Selauouie,
1088 1797 1114 1853 si
1137 1797 1175 1852 sit
1205 1794 1243 1851 de
1267 1796 1355 1869 prole
1379 1797 1465 1868 regia
1571 1867 1574 1876 Ι

194 1900 397 1959 medietatem
421 1902 633 1976 predictorum
656 1901 730 1960 dare
754 1909 901 1960 tenentur.
933 1901 1016 1960 Bano
1047 1917 1121 1959 vero
1148 1916 1207 1975 pro
1230 1907 1371 1975 tempore
1394 1918 1465 1960 con·

193 2008 310 2078 stituto,
336 2025 393 2065 nec
417 2015 520 2066 tamen
543 2010 703 2078 vicebano,
727 2009 824 2066 nichil
847 2007 932 2065 aliud
953 2009 1083 2078 solvere,
1107 2008 1165 2065 nisi
1188 2009 1219 2064 in
1243 2008 1397 2082 principio
1421 2009 1465 2064 in-

194 2115 304 2172 troitus
330 2116 379 2172 sui
404 2115 545 2186 bauatus,
568 2131 665 2172 unum
687 2116 811 2185 bovem,
833 2120 956 2172 centum
979 2129 1083 2187 panes,
1100 2113 1253 2170 tunellam
1277 2129 1371 2171 unam
1395 2115 1459 2171 vini

194 2222 291 2277 semel
318 2221 469 2294 quamdiu
495 2221 655 2280 duraverit
677 2223 708 2279 in
733 2221 888 2278 banatum.
913 2221 991 2279 Sane
1014 2221 1055 2278 ab
1078 2221 1224 2277 omnibus
1248 2220 1313 2277 istis
1330 2221 1463 2278 servitiis

194 2343 291 2399 usque
318 2329 566 2400 quinquennium
589 2337 678 2386 erunt
701 2329 793 2386 liberi
817 2335 846 2386 et
870 2329 1040 2398 immunes;
1065 2335 1217 2384 transacto
1248 2329 1466 2400 quinquennio,

194 2434 391 2492 tenebuntur.
416 2434 502 2504 Item,
526 2434 620 2492 iidem
644 2435 728 2491 cives
752 2435 912 2491 voluntate
935 2439 1102 2507 spontanea
1119 2449 1213 2506 super
1235 2449 1267 2490 se
1290 2447 1465 2506 assumpse-

195 2545 272 2609 runt,
297 2541 385 2612 quod
408 2542 552 2614 expensis
576 2541 712 2614 propriis
735 2540 853 2597 dictum
877 2546 1016 2597 montem
1040 2539 1141 2598 Grech
1168 2555 1258 2596 muro
1283 2539 1465 2596 firmissimo

195 2647 431 2704 communirent.
456 2646 506 2703 Ad
530 2647 784 2704 sustentationem
808 2651 912 2702 autem
943 2646 1103 2719 hospitum
1138 2647 1167 2702 in
1197 2645 1337 2718 predicto
1361 2651 1465 2701 monte

195 2753 402 2810 habitantium
427 2753 571 2811 dedimus
595 2759 710 2810 terram
734 2754 815 2810 circa
838 2753 972 2810 eundem
999 2759 1136 2810 montem
1164 2751 1275 2822 Grech,
1298 2759 1465 2808 statuentes

195 2873 261 2915 eam
285 2875 346 2932 per
369 2859 518 2916 dilectum
543 2875 578 2915 ac
601 2858 729 2916 fidelem
753 2864 892 2916 nostrum
916 2859 1090 2917 Dionisium
1124 2859 1239 2915 banum
1263 2859 1356 2916 totius
1380 2856 1464 2916 Scla-

196 2967 283 3022 uonie
310 2965 429 3022 eisdem
452 2965 627 3038 hospitibus
650 2965 709 3022 sub
733 2965 823 3022 certis
848 2965 937 3021 metis
961 2971 991 3021 et
1014 2964 1164 3021 distinctis
1192 2971 1343 3037 perpetuo
1367 2964 1465 3035 possi-

197 3069 346 3140 dendam;
371 3073 458 3128 cuius
481 3077 562 3127 terre
586 3077 667 3126 mete
690 3071 733 3126 sic
757 3069 890 3128 vadunt:
915 3070 1017 3126 Prima
1042 3077 1124 3126 meta
1147 3070 1238 3126 estin
1255 3075 1346 3142 portu
1363 3067 1462 3138 Sawe,

196 3178 248 3248 qui
270 3177 459 3248 Kyralrewy
490 3177 610 3248 dicitur,
642 3178 728 3233 iuxta
759 3191 902 3248 magnam
939 3177 1030 3236 viam.
1060 3183 1089 3233 et
1121 3193 1176 3248 per
1207 3175 1337 3233 eandem
1366 3175 1464 3232 tendit

198 3298 291 3355 usque
317 3283 355 3340 ad
379 3285 486 3340 rivum
508 3283 562 3356 qui
585 3282 700 3354 Zoysca
724 3283 844 3352 dicitur,
867 3297 960 3354 quem
981 3284 1085 3340 rivum
1110 3283 1217 3340 transit
1240 3297 1297 3355 per
1318 3285 1460 3354 pontem;

197 3388 307 3448 deinde
332 3406 389 3463 per
412 3389 543 3446 eandem
566 3391 650 3446 viam
682 3389 779 3446 tendit
806 3405 914 3446 versus
944 3391 1132 3462 aquilonem,
1164 3391 1313 3446 transiens
1337 3403 1460 3462 aquam,

197 3511 253 3566 que
277 3495 403 3553 Malaita
426 3495 546 3566 dicitur,
571 3505 601 3552 et
624 3497 765 3569 pervenit
787 3495 827 3552 ad
851 3495 1065 3567 monticulum,
1090 3497 1173 3554 iuxta
1190 3510 1284 3568 quem
1307 3501 1353 3552 est
1382 3503 1464 3552 meta

198 3607 304 3672 tenea,
329 3619 390 3674 que
412 3601 524 3659 dividit
547 3607 662 3659 terram
692 3602 883 3675 populorum
915 3603 995 3673 regis
1019 3618 1036 3659 a
1060 3607 1147 3676 parte
1170 3601 1329 3670 orientali;
1354 3600 1465 3658 deinde

199 3709 348 3765 transiens
371 3708 525 3764 minorem
550 3707 713 3777 Malakam,
745 3708 887 3780 pervenit
917 3707 956 3763 ad
989 3721 1134 3780 magnam
1166 3707 1258 3776 viam,
1284 3722 1344 3778 que
1367 3707 1465 3778 vulgo

198 3810 332 3870 Ettewen
357 3812 479 3884 dicitur,
503 3829 559 3886 per
583 3829 678 3885 quam
702 3814 826 3870 veniens
849 3813 991 3886 pervenit
1015 3812 1053 3869 ad
1077 3813 1182 3870 rivum
1198 3811 1404 3884 Cyrkuenich,
1421 3813 1465 3870 ibi

198 3927 239 3976 est
261 3934 351 3993 pons,
375 3920 447 3976 hinc
470 3920 613 3992 superius
636 3936 692 3993 per
715 3919 846 3976 eundem
871 3921 975 3976 rivum
992 3920 1077 3976 iuxta
1092 3925 1229 3977 montem
1250 3919 1361 3985 Grech,
1379 3919 1465 3976 vadit

198 4023 311 4083 directe
343 4041 453 4084 versus
483 4025 662 4097 aquilonem
695 4026 842 4094 metatim,
876 4025 1003 4082 tendens
1035 4025 1075 4082 ad
1107 4025 1231 4096 fontem,
1264 4027 1317 4098 qui
1353 4024 1465 4082 dicitur

197 4131 364 4204 Cubulltut‚
388 4133 474 4190 iuxta
497 4149 589 4204 quem
614 4140 659 4189 est
682 4139 764 4190 meta
788 4141 896 4203 terrea,
928 4147 946 4188 a
976 4147 1039 4204 quo
1070 4133 1212 4205 superius
1242 4148 1299 4205 per
1324 4133 1463 4190 rivulum

199 4238 401 4310 Cyrkuenych
421 4254 529 4295 versus
552 4239 729 4310 aquilonem
754 4239 895 4312 pervenit
919 4237 958 4294 ad
982 4237 1130 4308 rivulum,
1147 4240 1200 4310 qui
1216 4238 1329 4295 dicitur
1352 4237 1463 4310 Zopot-

197 4343 272 4416 nilta,
298 4346 370 4402 hinc
395 4345 544 4402 transiens
568 4345 773 4402 monticulum
796 4343 878 4400 cadit
900 4346 930 4401 in
955 4343 1111 4416 quandam
1137 4345 1261 4414 vallem,
1286 4361 1343 4417 per
1367 4359 1462 4416 quam

199 4452 302 4509 transit
323 4453 354 4508 in
370 4452 519 4521 rivulum,
533 4452 586 4522 qui
603 4450 716 4508 dicitur
732 4451 867 4522 Lomzky
892 4450 996 4524 potok,
1013 4450 1124 4508 deinde
1140 4449 1275 4508 ascendit
1291 4451 1329 4506 ad
1347 4457 1462 4507 metam

199 4559 324 4631 capituli
348 4558 563 4630 zagrnbiensis,
595 4558 692 4614 altera
721 4563 767 4614 est
797 4557 955 4630 hospitum
986 4557 1024 4613 de
1055 4555 1166 4624 Grech,
1199 4557 1293 4613 tercia
1323 4555 1460 4613 filiorum

200 4661 326 4720 Dobcha
349 4663 389 4720 de
411 4678 523 4735 genere
547 4665 629 4735 Aga;
653 4662 764 4720 deinde
789 4661 929 4736 procedit
953 4662 992 4718 ad
1015 4677 1162 4719 cacumen
1185 4661 1323 4719 eiusdem
1339 4663 1461 4732 montis,

200 4771 352 4828 vocabulo
376 4769 596 4840 Medwenicha,
620 4785 728 4828 versus
752 4769 950 4840 occidentem,
975 4775 1005 4826 et
1035 4769 1177 4843 pervenit
1200 4769 1239 4825 ad
1262 4775 1378 4825 metam
1402 4769 1462 4826 fili·

200 4891 284 4935 omm
318 4877 441 4946 Micula,
473 4893 533 4948 que
562 4876 742 4934 Plesiwicha
774 4875 895 4946 dicitur,
927 4877 1013 4932 iuxta
1044 4891 1137 4947 quem
1168 4881 1213 4932 est
1244 4881 1325 4960 meta
1354 4882 1461 4945 terrea,

198 4980 301 5040 deinde
326 4982 516 5040 transcendit
539 4997 557 5038 a
580 4984 738 5040 cacumine
770 4981 909 5039 eiusdem
940 4983 1053 5039 montis
1085 4997 1192 5040 versus
1224 4987 1345 5054 partem
1369 4983 1461 5040 merl-
