3782 5812
17 1778 24 2013 l

28 1522 36 1653 l

35 1192 72 1513 l

614 591 1087 670 mma-mmo
1442 604 1480 665 m

249 780 349 860 aliquod
368 795 527 864 tributum,
551 793 671 850 tamin
694 791 792 864 aquis,
815 805 912 863 quam
944 789 975 847 in
1001 788 1100 860 terris,
1124 803 1179 845 nec
1202 787 1341 860 aliquam
1369 785 1484 842 tricesi-

255 897 370 966 manin
397 899 486 957 nullo
517 899 587 956 loco
617 897 739 955 solvere
770 902 937 968 teneantur,
969 895 1023 954 sed
1053 895 1114 952 sint
1144 909 1163 952 a
1195 893 1352 951 solucione
1375 907 1483 950 eorum

256 1003 362 1076 exempti
380 1005 500 1079 penitus
531 1011 561 1062 et
590 1005 740 1074 inmunes,
772 1007 802 1060 et
831 1001 890 1062 hoc
921 1018 993 1060 cum
1023 1002 1169 1059 omnibus
1196 999 1265 1057 aliis
1289 997 1486 1056 libertatibus

258 1092 363 1168 iillorum
382 1113 526 1170 similiter
548 1127 605 1184 per
627 1125 683 1168 nos
707 1110 750 1166 eis
778 1109 929 1166 concessis
960 1107 1183 1166 inviolabiliter
1213 1119 1433 1163 conservamus
1456 1109 1486 1160 et

259 1215 300 1274 ptr
317 1223 420 1276 nostros
442 1231 633 1275 successores
662 1215 810 1272 volumus
841 1213 1025 1272 conservari.
1058 1212 1092 1270 In
1123 1212 1209 1269 cuius
1233 1211 1276 1268 rei
1301 1210 1486 1269 memoriam

257 1315 280 1366 et
296 1329 454 1396 perpetuam
478 1322 658 1380 firmitatem
690 1327 846 1394 presentes
876 1320 1082 1378 concessimus
1112 1319 1230 1376 litteras
1254 1317 1411 1392 dupplicis
1448 1315 1487 1374 si·

248 1417 305 1487 gilli
322 1431 406 1488 nostri
427 1429 599 1487 munimine
621 1428 790 1484 roboratas.
815 1427 931 1484 Datum
954 1442 1011 1500 per
1034 1441 1144 1483 manus
1171 1425 1313 1496 magistri
1336 1421 1483 1490 Farluasit,

243 1535 372 1602 prepositi
392 1535 527 1593 albensis
550 1535 686 1604 ecclesie,
710 1533 780 1590 aule
803 1539 907 1590 nostre
932 1531 1185 1602 vicecancellarii,
1203 1529 1308 1588 dilecti
1332 1535 1362 1587 et
1385 1527 1487 1586 fidelis

235 1638 327 1694 nostri.
350 1644 436 1699 Anno
460 1641 578 1698 domini
601 1639 771 1697 millesimo
796 1638 1006 1696 ducentesimo
1032 1637 1085 1694 LX
1107 1637 1249 1711 septimo,
1273 1635 1406 1708 septimo
1430 1633 1482 1691 ka·

226 1732 327 1800 tendas
350 1749 467 1806 marcii.
490 1747 588 1820 Regni
611 1751 715 1804 autem
738 1745 835 1802 nostri
857 1758 937 1802 anno
959 1745 1115 1802 tricesimo
1139 1741 1281 1800 secundo.

302 1878 328 1928 E
349 1888 516 1948 transumpto
536 1880 647 1947 capituli
666 1879 853 1945 zagrabiensis¹
880 1881 913 1929 de
938 1893 1005 1930 anno
1035 1889 1108 1942 1329.
1129 1877 1216 1928 liuius
1236 1875 1375 1943 privilegii
1395 1877 1490 1926 adsunt

207 1953 257 2008 duo
283 1973 459 2037 transumpta
479 1972 512 2020 de
530 1975 676 2020 memorato
696 1983 763 2019 anno
786 1978 864 2031 1329;
883 1984 965 2018 unum
977 1967 1075 2018 factum
1090 1965 1173 2026 ,feria
1192 1965 1274 2016 tercia
1293 1964 1418 2031 proxima
1430 1970 1490 2030 post

198 2036 302 2102 festum
328 2059 463 2110 Omnium
481 2063 658 2116 sanctorum“‚
678 2063 704 2108 et
728 2057 803 2107 aliud
828 2057 958 2117 „secunda
982 2055 1049 2106 teria
1074 2054 1197 2122 proxima
1220 2061 1280 2120 post
1302 2052 1398 2104 testum
1416 2053 1487 2104 beati

192 2121 320 2190 Martini
346 2147 533 2198 contessoris.¹‘
555 2147 585 2196 ln
603 2146 713 2196 archivo
731 2145 778 2195 lib.
798 2161 853 2211 reg.
873 2144 943 2196 civit.
957 2143 1142 2210 zagrablensls.
1156 2141 1238 2208 Fejer.
1258 2143 1321 2193 Cod.
1336 2141 1401 2208 dipl.
1416 2157 1488 2208 regn.

188 2215 332 2290 Hu‘arar-
365 2237 411 2286 Ν.
431 2247 454 2295 s.
474 2253 499 2301 p.
520 2241 577 2298 soo-

831 2378 885 2444 51.

309 2429 379 2480 An.
401 2440 475 2486 1270.

222 2520 409 2601 Siphanus
440 2542 470 2598 V.
494 2541 670 2614 Hungariae
692 2549 739 2598 ete.
763 2559 825 2610 rex,
849 2540 994 2597 nundinas
1016 2539 1061 2596 die
1076 2539 1155 2615 sesto
1177 2558 1198 2597 s.
1223 2539 1325 2596 Marci
1345 2539 1472 2612 agendas

480 2649 588 2706 ciuibus
609 2648 644 2706 de
666 2655 757 2704 monte
786 2645 881 2705 Grecle
905 2664 1056 2716 concessas,
1079 2647 1236 2721 confirmat.

273 2781 487 2867 Stephanus
520 2793 570 2852 dei
600 2792 704 2865 gracia
734 2808 789 2850 rex
822 2791 985 2864 Hungarie.
1018 2790 1171 2848 Omnibus
1200 2789 1314 2864 quibus
1338 2795 1495 2864 presentes

203 2871 447 2956 intendentur
469 2899 604 2956 salutem
627 2903 657 2955 et
679 2898 824 2969 graciam.
849 2895 1050 2956 Universitati
1073 2901 1176 2954 vestre
1206 2895 1319 2952 harum
1341 2896 1420 2953 serie
1443 2893 1495 2952 de-

202 2978 391 3072 Clasamus,
414 3003 497 3076 quod
520 3004 659 3077 hospites
681 3003 779 3060 nostri
803 3003 841 3060 de
866 3017 947 3060 novo
972 3007 1076 3060 monte
1099 3001 1254 3074 Grecensi,
1279 3002 1364 3058 iuxta
1384 2995 1495 3074 Zagra·

201 3082 286 3197 hiim,
331 3109 384 3166 ad
407 3114 546 3166 nostram
577 3107 776 3166 accendentes
809 3108 1000 3182 presenciam
1031 3108 1216 3165 exibuerunt
1244 3107 1334 3164 nobis
1357 3109 1497 3180 patentes

201 3187 336 3263 tuleras
372 3214 488 3271 domini
512 3213 593 3284 Bele,
617 3213 747 3271 illustris
779 3215 860 3286 regis
894 3213 1059 3286 Hungarie,
1092 3212 1247 3271 karissimi
1270 3213 1367 3286 patris
1390 3213 1495 3283 nostri,

200 3291 298 3360 felicis
339 3319 582 3391 recordacionis,
606 3325 744 3393 petentes
767 3320 889 3378 anobis
905 3336 977 3377 cum
993 3320 1148 3390 instancia,
1165 3325 1198 3376 ut
1215 3325 1352 3376 tenorem
1376 3331 1497 3376 earum·

200 3398 256 3516 dem
300 3427 440 3484 nostris
464 3427 556 3484 inseri
580 3426 690 3484 litteris
714 3425 893 3484 faceremus.
918 3425 1188 3499 Quarumquidem
1215 3425 1386 3482 litteratum
1409 3427 1497 3482 tenor

201 3505 256 3564 ωδ
292 3536 385 3590 est:
408 3525 483 3610 (vid.
506 3549 550 3590 nr.
576 3547 626 3606 31·
647 3531 685 3590 de
708 3547 787 3590 anno
814 3533 905 3604 1256,
932 3548 980 3590 au.
1003 3523 1127 3609 martii).
1151 3531 1214 3590 Nos
1233 3533 1336 3604 itaque
1352 3529 1496 3606 precibus

202 3625 412 3696 eoru¹11dem
434 3639 594 3712 hospitum
618 3643 794 3696 nostrorum
818 3647 993 3709 annuentes,
1017 3644 1155 3696 tenorem
1179 3637 1359 3696 earumdem
1380 3635 1496 3696 littera·

204 3729 261 3774 iffi
296 3730 414 3802 inseri
438 3744 582 3802 facientes
606 3745 809 3818 presentibus
828 3744 1064 3814 confirmamus;
1089 3745 1227 3802 volentes
1243 3751 1272 3802 et
1292 3743 1495 3818 precipientes

206 3821 372 3922 firmiter,
395 3855 428 3908 ut
450 3849 490 3908 ad
514 3849 637 3908 easdem
661 3849 811 3908 nundinas
842 3851 998 3908 venientes
1028 3857 1081 3908 aut
1108 3850 1284 3908 recedentes
1306 3850 1343 3908 de
1367 3847 1492 3920 eisdem,

208 3923 328 4001 nunus
362 3955 471 4014 audeat
494 3956 637 4030 spoliare,
668 3971 826 4029 agravare,
854 3957 1006 4031 impedire
1030 3963 1083 4014 aut
1106 3957 1300 4030 aliquatenus
1323 3953 1496 4014 molestare.

212 4031 348 4116 Datum
372 4077 451 4120 anno
473 4061 592 4120 domini
615 4061 700 4120 MCC
722 4063 958 4137 septuagesimo.

241 4233 245 4242 ,
309 4171 462 4245 originale
483 4180 510 4230 in
529 4181 686 4230 membrana.
711 4180 952 4248 Sigillnmatergo
972 4181 1136 4248 impressum,
1150 4182 1272 4249 deperiit.
1286 4182 1316 4232 In
1329 4181 1400 4232 arch.
1414 4181 1496 4236 nean.

220 4237 322 4306 smm-
351 4268 418 4318 Slav.
438 4269 531 4318 merid.

340 4467 387 4514 An.
410 4474 484 4522 1270,
504 4467 544 4514 ao.
564 4466 634 4516 maii.
837 4435 896 4502 52·

235 4539 401 4632 S‘wlstanus
433 4575 462 4632 V.
480 4577 659 4650 Hungariae
677 4584 724 4634 ete.
740 4597 803 4649 rex,
811 4580 1037 4653 praedecessoris
1056 4583 1104 4640 sui
1116 4581 1206 4639 Belae
1220 4584 1277 4641 IV.
1293 4587 1377 4659 regis,
1400 4594 1499 4645 conste-

239 4653 378 4750 m2'071em,
399 4689 434 4738 ut
452 4681 526 4739 cives
541 4679 579 4740 de
602 4690 693 4740 monte
722 4682 827 4754 Greek,
845 4685 980 4743 ducentas
995 4689 1188 4746 eannmnwdo
1201 4699 1310 4764 pensas
1327 4701 1386 4766 pro
1401 4709 1500 4751 annno

244 4771 320 4828 ΜΨ(
343 4785 413 4844 bano
435 4788 557 4858 solvant,
575 4789 665 4846 simul
684 4797 790 4847 terram
806 4793 930 4864 regalem
953 4791 1075 4851 Sve'blan
1095 4797 1164 4870 ipsis
1179 4797 1323 4868 donatam,
1340 4799 1498 4874 confirmat.

273 5011 279 5022 ·
330 4923 498 5004 Stephanus
517 4930 567 4988 dei
589 4933 693 5004 gracia
715 4933 881 5006 Hungarie,
912 4934 1081 5007 Dalmacie,
1114 4937 1272 5012 Crohacie,
1303 4941 1408 5014 Reme,
1432 4941 1501 5000 Ser·

256 5023 306 5090 ⁰¹2¹.
325 5029 459 5108 Gallicis,
483 5035 666 5095 Lodomerie
697 5038 907 5114 Cumanieque
937 5057 1000 5100 ren
1031 5043 1185 5102 Omnibus
1216 5055 1280 5104 tam
1306 5051 1502 5122 presentibus
