3600 5804
392 575 453 636 104
811 560 887 618 Doc.
912 573 978 616 122.
1003 591 1040 600 -
1059 557 1115 616 An.
1140 571 1226 634 1322.

388 758 559 830 gabriensis
591 773 754 831 personam
788 759 897 815 utilem
927 765 1019 830 atque
1048 761 1153 814 notam
1184 770 1255 812 cum
1291 755 1439 812 fratribus
1467 755 1575 811 nostris
1595 755 1641 811 lra-

388 863 522 932 buimus,
553 863 734 935 diligentem
766 864 894 921 demum
918 865 948 920 in
972 869 1001 922 te
1024 862 1142 920 ordinis
1165 862 1296 919 fratrum
1328 859 1555 918 Predicatorum
1578 875 1640 951 pro

390 968 546 1040 sessorem,
567 969 599 1026 in
622 968 793 1026 sacerdotio
817 969 1027 1040 constitutum,
1050 970 1100 1026 cui
1124 969 1297 1026 litterarum
1321 968 1455 1036 scientia,
1480 967 1541 1024 vite
1564 982 1641 1024 mun-

390 1074 479 1145 dicia,
514 1090 638 1132 morum
673 1075 826 1147 elegantia
860 1081 889 1132 et
924 1075 1057 1133 aliarum
1096 1075 1318 1149 multiplicium
1357 1073 1509 1131 virtutum
1543 1073 1641 1130 merita

389 1181 554 1253 suffragari
593 1197 631 1238 ex
667 1181 850 1239 testimoniis
884 1181 1049 1254 fidedignis
1083 1182 1267 1255 accepimus,
1304 1181 1450 1238 intuitum
1484 1179 1641 1236 direximus

388 1293 492 1344 nostre
523 1289 643 1359 mentis,
672 1288 785 1361 quibus
816 1288 962 1345 omnibus
993 1289 1023 1346 in
1048 1295 1077 1345 te
1098 1287 1203 1346 debita
1227 1287 1425 1345 meditatione
1449 1287 1587 1360 pensatis,
1609 1284 1642 1342 de

389 1409 519 1466 persona
543 1399 603 1463 tua,
626 1393 717 1450 nobis
741 1399 771 1450 et
793 1392 911 1451 eisdem
934 1392 1083 1451 fratribus
1107 1394 1260 1466 exigentia
1276 1392 1455 1450 huiusmodi
1472 1392 1642 1449 meritorum

387 1509 512 1556 tuorum
543 1503 677 1572 accepta,
708 1499 810 1557 eidem
841 1499 968 1557 ecclesie
999 1500 1190 1571 zagabriensi
1222 1499 1259 1556 de
1284 1498 1417 1556 fratrum
1442 1497 1641 1572 predictorum

387 1605 517 1663 consilio
551 1605 731 1662 auctoritate
763 1605 935 1679 apostolica
966 1605 1176 1679 providemus
1210 1611 1302 1677 teque
1335 1605 1395 1678 ipsi
1422 1603 1595 1678 preficimus
1616 1602 1642 1658 in

388 1713 571 1784 episcopum
594 1717 624 1768 et
647 1715 813 1785 pastorem,
837 1726 944 1769 curam
975 1716 1005 1768 et
1029 1710 1327 1768 administrationem
1351 1710 1437 1767 illius
1462 1709 1518 1766 tibi
1541 1709 1641 1766 tamin

325 1869 327 1874 .
388 1817 604 1891 spiritualibus
633 1832 728 1890 quam
759 1817 790 1874 in
818 1818 1045 1892 temporalibus
1069 1817 1207 1891 plenarie
1231 1815 1460 1884 committendo,
1483 1815 1573 1872 firma
1594 1829 1642 1887 spo

389 1923 565 1995 fiduciaque
596 1924 760 1996 conceptis,
792 1923 877 1996 quod
911 1923 1038 1980 dextera
1072 1923 1190 1980 domini
1225 1923 1283 1979 tibi
1317 1922 1475 1979 assistente
1511 1921 1642 1994 propitia,

388 2028 509 2103 prelata
532 2029 661 2086 ecclesia
683 2030 890 2102 zagabriensis
913 2031 972 2087 sub
997 2037 1049 2087 tuo
1073 2029 1156 2087 felici
1179 2029 1329 2102 regimine
1345 2035 1469 2100 regetur
1486 2027 1642 2084 salubriter

388 2143 418 2193 et
448 2149 598 2209 prospere
629 2135 785 2209 dirigetur.
818 2137 927 2209 Iugum
958 2137 1061 2210 itaque
1085 2135 1203 2193 domini
1228 2135 1288 2192 tuis
1311 2135 1493 2208 impositum
1514 2133 1643 2191 humeris

388 2246 535 2314 prompta
565 2241 727 2299 devotione
758 2243 927 2316 suscipiens
958 2249 988 2299 et
1009 2252 1194 2316 supportans
1218 2242 1386 2312 humiliter,
1411 2241 1441 2298 in
1465 2237 1643 2314 ampliandis

387 2348 558 2404 honoribus
581 2356 610 2405 et
633 2347 825 2422 profectibus
848 2349 1051 2421 procurandis
1076 2348 1214 2407 eiusdem
1238 2347 1366 2414 ecclesie
1396 2346 1598 2419 zagabriensis
1616 2351 1642 2400 te

387 2467 495 2525 gerere
518 2459 639 2526 satagas
662 2454 818 2511 solicitum
843 2461 872 2512 et
895 2454 1032 2526 fidelem,
1057 2471 1183 2528 gregem
1207 2453 1397 2511 dominicum
1421 2453 1498 2510 inibi
1514 2458 1562 2509 tue
1577 2450 1643 2508 fidei

387 2558 540 2616 creditum
570 2559 710 2617 doctrina
742 2561 830 2617 verbi
861 2567 890 2617 et
922 2562 1024 2634 operis
1056 2561 1268 2619 informando:
1297 2562 1338 2618 ita
1362 2560 1446 2633 quod
1477 2561 1543 2633 ipsa
1564 2572 1642 2630 zaga·

389 2665 521 2722 briensis
551 2665 680 2722 ecclesia
710 2666 827 2738 pastori
857 2667 927 2723 utili
958 2682 994 2723 ac
1019 2667 1176 2724 fructuoso
1200 2667 1445 2724 administratori
1468 2665 1594 2738 gaudeat
1615 2678 1643 2719 se

388 2771 596 2840 commissam,
619 2777 650 2827 et
673 2772 752 2827 bone
776 2770 858 2828 same
881 2779 932 2828 tue
956 2771 1034 2829 odor
1054 2789 1090 2829 ex
1109 2773 1320 2830 laudabilibus
1337 2771 1512 2830 studiorum
1530 2778 1642 2827 tuorum

387 2875 539 2935 fructibus
563 2877 655 2934 latius
678 2877 878 2948 diffundatur,
903 2884 998 2951 tuque
1022 2887 1126 2952 preter
1149 2887 1251 2936 eterne
1271 2879 1484 2936 retributionis
1498 2877 1641 2952 premium

386 3000 404 3042 a
434 2985 525 3042 nobis
564 2991 594 3041 et
632 2984 739 3041 eadem
771 2984 842 3041 sede
874 2985 1004 3057 proinde
1035 2986 1213 3042 continuum
1247 2985 1469 3042 benedictionis
1500 2993 1530 3042 et
1555 2981 1643 3054 gratie

386 3091 534 3147 merearis
562 3091 719 3164 suscipere
751 3091 982 3149 incrementum.
1008 3093 1122 3148 Datum
1152 3093 1311 3164 Avinione,
1335 3092 1400 3150 Xll.
1431 3093 1491 3150 kal.
1521 3099 1642 3164 septem·

386 3196 460 3252 bris.
484 3197 574 3252 Anno
597 3201 691 3252 sexto.

475 3300 511 3356 In
534 3299 627 3356 eorlem
649 3301 749 3356 merito
773 3302 864 3358 verbis
886 3311 1070 3376 corriperentur
1090 3303 1224 3358 titulans:
1256 3303 1383 3362 Dilectis
1418 3305 1491 3361 filiis
1515 3303 1641 3377 capitulo

385 3409 591 3479 zagabriensi;
621 3409 742 3494 dilectis
766 3410 839 3467 filiis
863 3412 947 3469 clero
970 3413 1102 3470 civitatis
1133 3417 1163 3468 et
1195 3411 1326 3468 diocesis
1356 3412 1575 3483 zagabriensis;
1600 3409 1640 3465 di·

388 3514 476 3571 lectis
515 3513 589 3571 filiis
628 3517 747 3588 populo
778 3517 911 3574 civitatis
942 3525 972 3575 et
1003 3519 1132 3575 diocesis
1166 3518 1389 3590 zagabriensis;
1424 3517 1545 3574 dilectis
1577 3514 1643 3572 filiis

391 3620 543 3677 universis
565 3621 709 3680 vassallis
733 3623 860 3680 ecclesie
883 3625 1097 3697 zagabriensis.

472 3739 503 3787 A.
524 3737 645 3788 Theiuer.
665 3739 734 3790 Mon.
754 3741 842 3808 Hung.
862 3742 921 3792 hist.
941 3741 961 3792 Ι.
981 3758 1006 3807 p.
1025 3743 1084 3802 478.

979 3955 1059 4020 122.

491 4097 568 4146 Anno
591 4106 664 4155 1322,
688 4106 726 4154 13.
747 4097 911 4162 septembris.
930 4099 1069 4149 rivinione.

416 4221 446 4280 Α
459 4224 596 4297 pontifice
612 4223 753 4301 johanne
778 4225 883 4296 XXII,
907 4227 1074 4301 quibusdam
1098 4228 1171 4285 airis
1193 4229 1382 4286 ecclesiasticis
1403 4249 1418 4286 e
1440 4229 1575 4303 bcnefiicis
1596 4229 1623 4282 in

619 4331 733 4388 ecclesia
755 4332 871 4405 sagrab.
895 4334 1051 4390 consumtis
1067 4335 1206 4406 proor'so,
1221 4335 1416 4409 cotrfemnnrr.

475 4489 603 4548 Nicolao
633 4491 766 4561 Remini,
790 4508 808 4549 a
831 4493 975 4566 pontifice
1005 4494 1144 4576 Johanne
1174 4495 1268 4552 XXII.
1296 4494 1479 4569 providetur
1501 4494 1539 4552 de
1561 4507 1643 4550 cano-

386 4597 488 4653 nicatu
512 4601 542 4652 et
565 4577 743 4669 praebenda
765 4599 796 4655 in
820 4599 948 4656 ecclesia
970 4601 1170 4672 zagrabiensi,
1186 4616 1221 4658 ac
1238 4601 1354 4658 cantori
1379 4597 1543 4658 casinensis
1566 4598 1641 4672 capi·

385 4701 452 4771 tuli,
475 4702 682 4774 zagrabiensis
705 4701 853 4761 dioecesis
877 4711 907 4761 et
929 4706 1100 4778 magistris:
1126 4706 1254 4764 Nicolao
1271 4705 1310 4763 de
1329 4707 1452 4773 Fractis‚
1477 4707 1639 4765 litterarum

385 4807 548 4880 papalium
571 4809 745 4878 correctori,
771 4809 945 4867 Patracensi
975 4812 1120 4868 canonico
1151 4828 1186 4868 ac
1217 4812 1349 4894 Johanni
1379 4811 1418 4868 de
1450 4812 1641 4876 Pontecurvo,

385 4913 528 4986 scriptori
559 4912 726 4985 pontificib,
758 4915 903 4972 canonico
928 4915 1161 4974 Vratislaviensi
1193 4918 1366 4988 mandatur,
1396 4923 1431 4974 ut
1460 4919 1490 4975 in
1514 4914 1641 4974 eiusdem

386 5018 582 5076 canonicatus
605 5019 830 5091 possessionem
853 5020 1028 5094 predictum
1060 5022 1224 5080 Nicolaum
1258 5023 1402 5081 inducant
1425 5027 1455 5080 et
1478 5020 1642 5079 defendant.
