3600 5804
545 555 618 612 Dae.
643 567 711 629 ηρ.
738 587 775 596 -
799 553 856 612 An.
881 567 968 630 1322.
1338 570 1393 612 101

686 661 790 666 -,
811 662 825 666 -
846 659 1400 684 Μ--Ἳ-..ῌ

142 771 173 813 ac
193 754 325 813 universi
347 755 430 812 cives
453 753 492 812 de
514 759 619 812 monte
650 751 760 811 Grech.
791 751 1009 826 significamus
1039 753 1184 810 omnibus
1210 752 1324 826 quibus
1348 768 1399 810 ex·

142 859 220 934 pedit
235 876 290 934 per
305 867 476 934 presentes:
490 859 574 933 quod
586 860 740 942 Johannes
756 865 786 916 et
804 859 919 930 Petrus,
932 857 991 916 filii
1005 857 1101 928 Maris,
1119 857 1192 915 dicti
1212 851 1400 936 Osl(o)pech,

141 967 274 1024 concives
293 966 398 1036 nostri,
422 981 528 1023 coram
551 966 640 1024 nobis
663 967 828 1035 constituti,
845 963 1070 1022 dimidietatem
1085 964 1177 1022 unius
1193 963 1302 1034 insule,
1318 964 1400 1021 Mor-

142 1079 225 1128 tunus
247 1071 340 1143 sciget
363 1076 546 1145 nuncupate,
574 1086 592 1127 a
615 1079 702 1144 parte
725 1069 872 1141 interiori,
906 1086 924 1127 a
947 1069 1083 1128 Cumilro
1107 1069 1252 1126 similiter
1275 1070 1400 1127 concive

142 1183 238 1235 nostro
262 1182 482 1250 comparatam,
505 1184 535 1234 et
558 1183 656 1235 terras
679 1193 750 1235 suas
771 1177 931 1235 universas
946 1176 1026 1234 inter
1043 1174 1158 1233 Zauam
1181 1181 1211 1232 et
1234 1174 1400 1232 Zauicham

142 1284 305 1354 existentes,
329 1284 380 1340 vel
405 1283 483 1341 alias
508 1287 604 1341 terras
628 1284 777 1358 ipsorum,
809 1297 886 1356 quas
917 1282 1008 1340 titulo
1039 1281 1209 1354 empcionis
1232 1281 1347 1338 habere
1370 1287 1401 1338 et

144 1389 292 1462 possidere
315 1390 547 1461 dignoscuntur,
571 1390 744 1447 astantibus
766 1389 842 1462 ipsis
866 1388 992 1446 domina
1023 1388 1144 1458 Katrea,
1168 1392 1267 1444 matre
1291 1403 1400 1444 eorum

142 1503 169 1552 et
188 1493 310 1552 domina
332 1497 514 1568 llargareta,
538 1502 678 1553 consorte
703 1495 816 1552 Mathie
839 1493 921 1564 ruffi,
956 1509 1062 1552 sorore
1092 1509 1200 1551 eorum
1223 1497 1253 1550 et
1276 1509 1401 1551 consen·

144 1617 207 1658 sum
230 1601 429 1674 prebentibus
452 1602 482 1659 in
508 1602 564 1659 hac
587 1605 675 1674 parte
698 1602 816 1674 pariter
838 1605 868 1658 et
890 1615 1065 1670 assensum;
1096 1600 1228 1674 receptis
1255 1615 1273 1656 a
1296 1604 1401 1658 nostra

144 1709 353 1766 communitate
376 1708 521 1766 undecim
544 1708 656 1765 marcis
687 1707 885 1765 denariorum
917 1708 1071 1764 bonorum
1102 1706 1271 1778 banalium,
1294 1704 1401 1763 vendi·

144 1813 255 1884 derunt,
286 1814 479 1872 tradiderunt
509 1821 539 1872 et
570 1815 764 1887 assignarunt
794 1813 884 1870 nobis
915 1819 945 1870 et
974 1813 1087 1870 nostris
1116 1811 1290 1883 heredibus,
1314 1813 1400 1870 here·

144 1919 271 1992 dumque
293 1931 471 1980 nostrorum
492 1921 720 1978 successoribus
735 1921 801 1976 iure
817 1923 969 1993 perpetuo
984 1917 1194 1992 possidendas,
1211 1917 1356 1976 tenendas
1372 1924 1402 1976 et

145 2026 299 2096 habendas,
322 2026 425 2084 dando
458 2027 547 2084 nobis
574 2037 604 2083 et
634 2027 746 2084 nostris
776 2025 1005 2083 successoribus
1039 2024 1077 2081 de
1108 2023 1255 2097 predictis
1287 2023 1401 2082 medie·

146 2137 200 2189 tate
211 2133 306 2194 insule
322 2139 351 2191 et
368 2135 458 2191 terris
473 2133 616 2207 superius
632 2133 805 2201 nominatis,
823 2130 953 2202 tenendi,
970 2129 1124 2188 vendendi
1135 2130 1185 2187 vel
1201 2131 1402 2203 quiscumque

146 2237 266 2296 faciendi
288 2239 326 2296 ad
354 2247 458 2297 nostre
481 2239 650 2297 voluntatis
674 2239 807 2309 libitum,
838 2239 971 2295 liberam
994 2241 1024 2294 et
1046 2251 1186 2294 securam
1211 2235 1399 2308 facultatem,

147 2345 222 2402 iuxta
244 2346 417 2404 libertatem
442 2346 519 2403 ville
542 2351 645 2403 nostre
675 2345 889 2419 approbatam.
927 2344 962 2401 In
991 2344 1077 2401 cuius
1111 2343 1157 2400 rei
1186 2343 1401 2400 certitudinem

147 2456 380 2525 perpetuamque
402 2453 583 2510 firmitatem
615 2459 773 2526 presentes
806 2451 992 2508 contulimus
1016 2449 1112 2523 sigilli
1135 2453 1240 2507 nostre
1263 2465 1401 2506 commu-

148 2557 239 2614 nitatis
262 2559 430 2616 munimine
453 2559 621 2616 roboratas.
652 2559 767 2615 Datum
791 2557 821 2614 in
850 2557 967 2613 octavis
995 2557 1159 2614 beatorum
1186 2555 1402 2628 apostolorum

148 2661 275 2738 Philippi
297 2671 325 2722 et
347 2665 464 2748 Jacobi.
488 2667 578 2722 Anno
602 2665 719 2723 domini
743 2664 912 2721 millesimo
935 2662 1073 2738 CCCXX
1095 2661 1236 2720 secundo

228 2780 363 2848 Originale
384 2782 410 2832 in
430 2783 587 2832 membrana.
607 2783 678 2832 Zona
697 2783 796 2832 sericea
818 2781 903 2831 crocei
924 2781 1022 2831 coloris
1042 2783 1172 2847 appendet
1190 2781 1289 2844 absque
1302 2779 1400 2846 sigillo.

150 2869 176 2918 ln
193 2872 258 2920 arch.
277 2872 322 2921 lib.
343 2887 398 2936 reg.
419 2872 467 2920 civ.
490 2871 594 2937 zagrab.

730 3047 809 3113 119.

245 3192 319 3240 Anno
341 3200 416 3250 1322,
437 3191 477 3240 28.
497 3189 567 3238 maii.
588 3189 725 3238 Aninione.

152 3299 196 3356 tr.
218 3301 374 3375 Augustino
402 3302 482 3374 episc.
506 3300 622 3372 zogrob.
645 3307 745 3356 eoettro
772 3299 919 3355 inversores
941 3306 969 3356 et
989 3298 1143 3355 detentores
1165 3297 1300 3354 bonorum
1323 3299 1403 3355 eccle·

334 3409 513 3464 sr'oste'coreem
536 3413 746 3463 conservatores
769 3425 788 3461 a
809 3405 957 3478 pontefice,
979 3404 1206 3460 denominantur.

229 3535 380 3616 Johannes
412 3534 575 3607 episcopus
603 3549 711 3590 servus
733 3547 897 3589 servorum
921 3531 977 3588 dei.
1008 3530 1188 3588 Venerabili
1216 3529 1304 3586 fratri
1339 3529 1403 3602 epi-

153 3653 236 3712 scopo
252 3639 569 3714 Quinqueecclesiensi
585 3645 615 3696 et
637 3638 758 3696 dilectis
784 3637 858 3694 filiis
882 3682 887 3694 .
913 3685 917 3694 .
942 3683 947 3694 .
973 3637 1132 3710 preposito
1156 3651 1191 3692 ac
1214 3635 1346 3718 Johanni
1364 3633 1403 3691 de

152 3744 236 3802 Reate
266 3747 409 3804 canonico
440 3747 567 3803 ecclesie
605 3744 819 3817 zagabriensiS,
852 3743 985 3799 salutem
1016 3747 1045 3798 et
1076 3741 1280 3814 apostolicam
1311 3741 1403 3798 bene·

154 3849 312 3910 dictionem.
346 3852 426 3910 Cum
460 3852 658 3909 ecclesiarum
683 3850 797 3923 prelati
820 3850 858 3906 ad
882 3848 987 3905 sedem
1012 3847 1215 3921 apostolicam
1239 3847 1403 3917 venientes,

154 3957 234 4015 etde
257 3960 400 4017 mandato
434 3964 539 4016 nostro
570 3957 654 4031 apud
682 3956 787 4014 sedem
811 3957 1012 4014 immorantes
1036 3953 1173 4022 eandem,
1198 3951 1404 4009 infractibus

155 4073 180 4120 et
200 4065 367 4124 redditibus
392 4065 431 4122 ad
454 4080 594 4122 mensam
618 4079 726 4148 eorum
749 4063 967 4136 episcopalem,
1003 4065 1034 4118 et
1056 4059 1096 4117 ad
1120 4074 1171 4116 eos
1192 4059 1270 4116 alias
1293 4057 1404 4130 quovis

156 4169 225 4227 iusto
247 4173 338 4230 modo
361 4172 573 4246 spectantibus
597 4169 758 4244 dispendia
782 4170 946 4243 patiantur,
963 4169 1096 4225 libenter
1112 4168 1155 4223 eis
1171 4165 1210 4222 ad
1226 4163 1405 4222 huiusmodi

156 4279 334 4347 precavenda
366 4277 528 4352 dispendia
560 4277 676 4334 favoris
706 4275 869 4350 apostolici
899 4273 1069 4348 presidium
1095 4271 1299 4344 impertimur.
1324 4269 1405 4343 Que-

157 4383 242 4440 relam
258 4385 411 4458 siquidem
428 4383 615 4441 venerabilis
632 4381 736 4439 fratris
752 4381 849 4438 nostri
865 4379 1029 4451 Augustini
1044 4377 1184 4451 episcopi
1198 4375 1404 4448 zagabriensis

157 4492 314 4563 recepimus
337 4491 553 4559 continentem,
577 4505 642 4546 esse
665 4489 817 4546 nonnulos
840 4486 879 4544 de
902 4486 1025 4543 civitate
1041 4491 1071 4542 et
1087 4483 1201 4540 diocesi
1216 4482 1405 4554 zagabriensi

158 4599 184 4650 et
202 4599 333 4670 partibus
364 4597 437 4668 illis,
467 4597 520 4670 qui
553 4604 622 4669 post
652 4609 806 4652 recessum
844 4592 981 4650 eiusdem
1005 4591 1142 4666 episcopi
1174 4587 1405 4661 azagabriensi

159 4701 272 4761 ecclesia
300 4710 330 4762 et
363 4703 503 4778 partibus
534 4701 698 4777 prelibatis
728 4699 768 4757 ad
799 4699 903 4757 sedem
934 4697 1086 4756 veniendo
1108 4695 1290 4771 predictam,
1314 4691 1405 4752 etde

161 4807 288 4868 mandato
319 4817 426 4870 nostro
460 4809 536 4867 inibi
567 4806 797 4878 commorando,
821 4803 1007 4878 respondere
1031 4803 1091 4861 sibi
1112 4802 1149 4859 de
1173 4799 1330 4858 nonnullis
1352 4813 1405 4872 pe·

160 4915 303 4974 cuniarum
334 4917 474 4986 summis,
506 4918 536 4974 in
560 4915 674 4988 quibus
697 4914 733 4985 ei,
757 4919 823 4972 tam
851 4913 969 4971 ratione
992 4911 1150 4969 fructuum
1174 4914 1203 4966 et
1226 4905 1404 4965 reddituum

161 5016 195 5076 ad
214 5036 346 5081 mensam
368 5037 457 5080 suam
487 5021 697 5096 episcopalem
725 5019 940 5094 spectantium,
964 5033 1058 5090 quam
1082 5017 1159 5076 alias
1182 5013 1242 5072 sibi
1265 5015 1406 5070 tenentur
