3824 5806
399 549 462 625 406
929 546 1140 618 lt’ecrologt'um.

404 655 715 662 ..-.——.—..—-—.....-.
1135 652 1245 658 -—-—
1281 652 1414 658 ---
1444 653 1669 660 --——.-—.

506 761 582 809 Anno
605 769 651 818 ¹35
665 799 685 809 ..
719 761 742 810 8.
763 759 860 812 martii.

401 873 460 930 Hic
483 873 559 975 obiit
585 872 830 944 Bartholomeus,
853 871 1087 930 archidiaconus
1109 871 1323 943 zagrabiensis.

506 1027 583 1074 Anno
605 1034 679 1084 1353,
701 1033 722 1080 7.
744 1023 868 1074 octobris.

400 1137 459 1193 Hic
482 1137 559 1192 obiit
584 1135 727 1193 dominus
758 1135 920 1208 Georgius,
951 1136 1114 1194 canonicus
1138 1135 1351 1208 zagrabiensis‚
1376 1135 1429 1208 qui
1454 1134 1612 1192 ordinavit
1629 1133 1669 1190 ad

446 1242 573 1300 missam
598 1243 685 1299 beate
699 1242 827 1314 virginis
841 1241 917 1300 duas
930 1241 1104 1316 prebendas
1121 1241 1224 1299 bonas.
1242 1243 1330 1298 Anno
1347 1240 1464 1298 domini
1479 1239 1668 1297 MCCCLlll.

505 1397 581 1444 Anno
604 1395 677 1456 1364,
701 1395 738 1445 18.
758 1393 898 1445 februarii.

397 1505 509 1564 Obitus
525 1506 666 1578 magistri
680 1507 838 1590 johannis,
858 1508 991 1565 cantoris
1007 1507 1204 1578 chasmensis,
1221 1506 1252 1563 in
1270 1519 1350 1563 anno
1365 1505 1484 1562 domini
1499 1503 1668 1562 MCCCLX

442 1621 562 1686 quarto.

503 1769 580 1818 Anno
601 1769 675 1828 1366,
698 1778 719 1818 1.
737 1767 897 1819 novembris.

399 1899 457 1955 Hic
481 1899 559 1956 obiit
583 1897 728 1956 dominus
751 1898 865 1955 Paulus
887 1898 1119 1957 archidiaconus
1144 1897 1367 1968 Kamarcensis,
1391 1897 1444 1969 qui
1461 1896 1577 1968 legavit
1594 1895 1665 1953 Pro

443 2005 599 2063 bendariis
630 2005 717 2062 chori
748 2005 876 2062 ecclesie
906 2005 1112 2077 zagrabiensis
1141 2004 1286 2060 balneum
1312 2010 1466 2060 muratum
1491 2003 1522 2060 in
1545 2017 1666 2076 posses·

443 2112 528 2168 sione
559 2110 758 2168 dominorum
790 2111 829 2167 de
860 2111 997 2184 capitulo
1027 2111 1058 2168 in
1089 2110 1220 2168 abbacia
1246 2110 1331 2167 iuxta
1355 2107 1493 2180 fluvium,
1517 2117 1547 2166 et
1570 2123 1665 2190 unam

445 2219 557 2274 bonam
588 2217 710 2274 vineam
743 2217 828 2274 iuxta
851 2223 991 2275 sanctum
1015 2215 1173 2274 Simonem
1197 2222 1226 2272 et
1249 2230 1345 2272 unum
1370 2215 1549 2271 breviarum
1574 2229 1665 2271 suum

442 2325 568 2381 bonum.

503 2495 578 2543 Anno
601 2494 674 2552 1382,
694 2494 717 2544 8.
740 2494 861 2560 Augusti.

398 2621 510 2679 Obitus
541 2623 670 2695 Nicolai‚
702 2624 910 2682 archidiaconi
941 2626 1155 2697 zagrabiensis.
1186 2627 1274 2681 Anno
1297 2625 1414 2681 domini
1440 2623 1666 2679 MCCCLXXX

441 2728 584 2788 secundo.

502 2883 579 2932 Anno
602 2884 676 2941 1382,
700 2892 738 2941 15.
760 2883 926 2948 septembris.

397 3013 456 3069 Hic
487 3013 565 3070 obiit
597 3014 744 3086 magister
775 3014 928 3087 Georgius
958 3014 997 3073 de
1028 3016 1230 3084 Hracovicha,
1262 3015 1425 3072 canonicus
1450 3015 1667 3087 zagrabiensis

442 3121 531 3174 Anno
555 3118 674 3177 domini
698 3119 924 3178 MCCCLXXX
946 3121 1088 3178 secundo.

606 3255 690 3304 Notae
719 3255 746 3304 in
770 3255 888 3322 margine
921 3255 1067 3306 kalendarii
1099 3255 1225 3306 breviarii
1254 3270 1322 3305 saec.
1356 3255 1432 3304 Xlll.
1462 3255 1492 3304 ln
1517 3255 1583 3305 bibl.
1615 3271 1667 3304 me-

646 3348 714 3407 trop.
733 3345 839 3410 zagrab.
859 3347 908 3394 col.
929 3354 973 3404 37,
992 3361 1041 3395 ser.
1060 3358 1085 3406 4,
1105 3361 1143 3394 nr.
1166 3355 1204 3394 11.

1006 3643 1059 3708 ΙΙ.

501 3753 577 3800 Anno
599 3759 674 3812 1247,
698 3762 736 3802 1ο.
755 3751 830 3818 Julii.

397 3861 476 3918 Huic
500 3857 530 3939 (i.
552 3879 575 3920 e.
599 3861 756 3936 Stephano
782 3865 800 3921 l.
824 3865 970 3938 episcopo
992 3859 1129 3940 zagrab.)
1153 3865 1297 3921 successit
1321 3863 1465 3921 dominus
1489 3864 1666 3936 Stephanus

440 3968 601 4038 secundus,
625 3970 679 4042 qui
703 3969 816 4027 dicitur
847 3969 940 4027 fuisse
964 3971 1149 4044 sollempnis
1172 3972 1273 4027 homo.
1308 3971 1366 4027 llic
1389 3971 1497 4043 plures
1520 3971 1666 4028 ecclesias

439 4073 470 4130 in
493 4075 673 4148 episcopatu
702 4075 773 4134 lecit
797 4076 935 4134 edificari
966 4085 996 4134 et
1019 4077 1195 4150 specialiter
1225 4077 1396 4150 capitulum
1424 4077 1603 4134 chasmense
1636 4085 1666 4135 et

440 4181 670 4254 preposituram
693 4183 907 4240 chasmensem
931 4185 997 4257 ipse
1020 4183 1177 4241 constituit
1200 4187 1230 4240 et
1254 4183 1381 4252 dotavit,
1405 4189 1435 4239 et
1449 4183 1551 4254 ipsam
1568 4183 1666 4240 eccle·

438 4287 516 4342 siam
548 4285 620 4344 fecit
652 4287 790 4345 edificari
821 4295 850 4346 et
881 4290 978 4346 eciam
1010 4288 1172 4346 ecclesiam
1197 4289 1284 4345 beate
1308 4287 1404 4345 Marie
1427 4287 1610 4360 Magdalene
1635 4290 1665 4346 in

438 4393 572 4450 Chasma
596 4399 626 4450 et
650 4395 786 4467 plurima
817 4395 976 4452 meritoria
999 4410 1094 4468 opera
1121 4393 1200 4452 fecit.
1225 4393 1286 4467 Qui
1309 4395 1387 4452 obiit
1411 4393 1461 4452 Vl.
1486 4393 1555 4451 idus
1578 4395 1665 4477 Julii

439 4501 530 4556 Anno
562 4499 680 4557 domini
702 4500 908 4572 MCCXLVH,
939 4506 1079 4574 tempore
1107 4500 1224 4558 domini
1247 4501 1329 4574 regis
1353 4499 1485 4572 Andree‚
1509 4499 1567 4558 filii
1591 4499 1666 4559 Bele

437 4605 571 4664 secundi.

499 4761 575 4810 Anno
597 4761 672 4819 1287,
690 4775 714 4822 4
734 4761 836 4827 aprilis.

394 4891 473 4947 Huic
496 4883 526 4967 (i.
550 4905 574 4946 e.
598 4889 745 4964 Philippo
772 4883 1006 4969 1248-1262.)
1028 4893 1172 4950 successit
1196 4892 1340 4949 dominus
1370 4890 1582 4962 Thymotheus
1608 4906 1667 4963 per

395 4995 606 5068 provisionem
621 4997 759 5069 sumpmi
783 4996 947 5070 pontificis,
972 4998 1026 5070 qui
1042 4997 1241 5056 laudabiliter
1265 4996 1380 5071 prefuit
1403 4996 1539 5066 ecclesie,
1565 5011 1664 5068 quam
