3600 5804
368 587 409 648 54
766 567 839 624 Doc.
864 563 912 622 62.
938 563 987 642 63.
1015 597 1052 608 —-
1078 564 1133 621 An.
1159 574 1243 639 1275.

372 676 591 684 ——-—-———
624 675 657 680 --
673 675 704 680 --
1074 671 1151 676 —-
1221 671 1252 674 —
1328 669 1359 675 --

366 769 465 826 dizlai.
489 769 523 825 ln
547 782 609 840 quo
632 767 722 823 altari
746 766 940 822 continentur
962 767 1019 822 iste
1035 763 1173 836 reliquie,
1191 761 1351 819 videlicet:
1378 759 1516 817 eiusdem
1536 757 1638 816 sancti

366 875 448 947 regis
471 873 608 931 Ladizlai
631 871 823 942 confessoris,
847 872 944 928 sancti
966 869 1114 944 Stephani
1142 868 1223 940 regis
1251 867 1443 936 confessoris,
1468 865 1505 922 de
1523 865 1637 938 pannis

366 981 485 1038 domini
506 981 603 1037 nostri
626 979 720 1062 Jhesu
744 977 867 1041 Christi.
893 979 990 1035 sancti
1014 977 1161 1050 Stephani
1186 973 1423 1049 protomartiris
1440 973 1536 1029 sancti
1555 972 1636 1027 lau·

366 1087 462 1144 rencii
485 1086 629 1156 martiris
653 1084 750 1141 sancti
774 1083 916 1154 Gregorii
947 1099 1036 1157 pape,
1066 1083 1162 1139 sancti
1195 1081 1318 1138 Martini
1345 1080 1485 1152 episcopi
1507 1084 1537 1134 et
1564 1091 1637 1133 con-

367 1191 500 1262 fessoris
524 1191 621 1248 sancti
645 1189 767 1247 Andree
791 1190 933 1263 apostoli,
965 1189 1061 1246 sancti
1093 1187 1232 1259 Dyonisii
1263 1187 1402 1260 episcopi
1434 1191 1464 1242 et
1488 1183 1638 1252 martiris

366 1303 469 1356 sancte
492 1297 659 1354 Katharine
679 1295 808 1368 virginis
832 1301 862 1352 et
885 1295 1030 1364 martiris,
1065 1299 1167 1352 sancte
1194 1295 1322 1366 Agnetis
1346 1292 1476 1364 virginis
1499 1295 1529 1348 et
1555 1305 1639 1346 mar-

366 1405 442 1474 tiris,
466 1407 568 1460 sancte
593 1404 764 1474 Margarete
788 1402 917 1473 virginis
941 1408 971 1457 et
994 1401 1137 1458 martiris.

454 1540 524 1588 Nota
543 1538 569 1586 in
590 1538 757 1586 membraneo
778 1535 925 1602 fragmento
946 1536 1097 1601 perantiqui
1117 1535 1245 1584 breviarii
1265 1537 1327 1584 eccl.
1349 1535 1455 1600 zagrab.
1476 1533 1505 1582 Iu
1525 1533 1638 1581 archivo

367 1643 423 1678 ven.
445 1627 522 1692 capit.
542 1625 728 1694 zagrabiensis.
748 1626 822 1691 Joan.
843 1624 958 1674 Tkalcie.
979 1624 1048 1674 Mon.
1069 1625 1128 1674 hist.
1149 1625 1227 1689 episc.
1247 1624 1350 1688 zagrab.
1371 1623 1390 1672 1.
1412 1638 1436 1686 p.
1460 1623 1515 1676 178.

974 1821 1035 1887 62.

457 1966 533 2013 Anno
556 1971 629 2021 1275,
650 1970 690 2016 27.
711 1962 875 2026 septembris.
895 1962 1048 2028 Zagrabiae.

369 2093 450 2161 Inus,
473 2109 561 2148 comes
590 2091 792 2164 zagrobiensis,
816 2099 923 2148 terram
954 2091 1061 2147 Kobila
1088 2092 1196 2148 civibus
1216 2091 1249 2147 dc
1279 2099 1370 2147 monte
1399 2089 1504 2158 Grcclt,
1527 2089 1637 2145 statuit.

458 2235 521 2292 Nos
551 2236 628 2318 Jnus
658 2250 761 2292 comes
793 2236 1007 2308 zagrabiensis.
1041 2234 1259 2308 significamus
1291 2241 1395 2292 tenore
1432 2235 1638 2308 presencium,

366 2344 479 2416 quibus
504 2340 630 2414 expedit
653 2342 814 2412 universis,
839 2342 922 2414 quod
947 2357 1002 2399 nos
1027 2347 1119 2415 prout
1142 2359 1180 2398 ex
1204 2349 1292 2415 parte
1316 2342 1434 2398 domini
1458 2341 1557 2397 nostri
1582 2340 1638 2395 la-

367 2449 468 2518 dizlai‚
493 2448 591 2504 incliti
614 2448 695 2519 regis
719 2447 876 2520 Hungarie
893 2456 922 2504 et
939 2448 1057 2506 domini
1080 2441 1252 2530 Jtohannis)
1270 2449 1342 2504 bani
1358 2448 1456 2504 tocius
1473 2445 1638 2503 Sclauonie

367 2555 533 2612 habuimus
556 2555 587 2611 in
612 2552 773 2622 mandatis
798 2561 913 2611 terram
938 2555 1057 2610 Kebela
1082 2562 1225 2611 vocatam
1254 2570 1326 2611 curn
1351 2554 1496 2611 omnibus
1520 2567 1638 2624 appen-

367 2661 455 2718 diciis
478 2661 541 2717 suis
565 2665 595 2717 et
619 2660 806 2716 utilitatibus
829 2660 981 2716 universis
1006 2661 1064 2716 sub
1088 2661 1178 2716 metis
1195 2661 1329 2731 antiquis
1345 2665 1375 2716 et
1392 2658 1639 2716 circumstanciis

366 2768 592 2839 assignavimus
616 2775 645 2823 et
668 2767 833 2822 statuimus
856 2765 978 2823 civibus
995 2764 1033 2822 de
1049 2773 1154 2822 rnonte
1170 2763 1280 2836 Grech‚
1297 2766 1362 2822 sine
1382 2763 1637 2833 contradiccione,

366 2875 433 2931 iure
464 2881 616 2947 perpetuo
648 2870 868 2946 possidendam
903 2887 1007 2929 coram
1044 2873 1220 2930 testimonio
1256 2872 1385 2945 capituli
1420 2870 1636 2942 zagrabiensis.

366 2979 473 3050 Paulo,
497 2979 564 3036 filio
588 2977 677 3048 Vida,
701 2977 854 3050 pristaldo
878 2977 1015 3034 terrestri
1038 2978 1193 3034 existente.
1211 2979 1342 3034 lncuius
1358 2977 1403 3034 rei
1419 2976 1637 3033 certitudinem

368 3095 526 3159 presentes
557 3082 744 3142 contulimus
778 3083 875 3155 sigilli
905 3084 1002 3140 nostri
1034 3084 1205 3140 munimine
1235 3084 1404 3140 roboratas.
1438 3084 1556 3140 Datum
1583 3082 1636 3139 Za-

365 3192 473 3264 grabie
497 3192 528 3248 in
552 3190 630 3248 sesto
654 3190 766 3246 Cosme
790 3195 820 3246 et
845 3189 990 3246 Damiani
1013 3190 1185 3245 martirum.
1210 3191 1300 3246 Anno
1324 3188 1443 3247 domini
1467 3189 1553 3246 MCC
1569 3205 1638 3262 sep·

368 3298 540 3370 tuagesimo
565 3297 680 3369 quinto.

457 3433 597 3498 Originale
618 3433 643 3483 in
664 3436 822 3483 membrana.
849 3435 920 3484 Zona
944 3434 1042 3484 sericea
1067 3434 1161 3483 viridis
1187 3433 1352 3484 solummodo
1378 3439 1540 3490 conservata,
1561 3432 1636 3497 sigil-

367 3523 422 3571 lum
441 3521 564 3586 deperiit.
592 3521 621 3570 ln
647 3522 716 3570 arch.
746 3524 825 3571 Acad.
851 3523 945 3572 Scient.
976 3525 1077 3572 Slavor.
1100 3522 1191 3571 merid.
1210 3523 1303 3571 Exstat
1323 3521 1401 3570 etiam
1423 3521 1449 3570 in
1470 3528 1638 3584 transumpto

371 3609 461 3659 Caroli
480 3609 552 3675 regis
571 3609 726 3674 Hungariae
747 3612 778 3658 de
797 3625 864 3660 anno
887 3618 960 3668 1317.
986 3610 1016 3660 In
1035 3611 1105 3660 arch.
1125 3612 1142 3659 l.
1163 3625 1183 3659 r.
1204 3610 1253 3660 civ.
1273 3611 1377 3675 zagrab.

473 3896 521 3944 An·
545 3902 619 3953 1275.
639 3894 792 3960 Zagrabiae.
971 3860 1034 3926 63·

360 4021 516 4098 Johannes
539 4023 623 4078 tonas
648 4023 806 4079 Slovom'ae
826 4024 926 4092 banus,
948 4024 1096 4080 statuendo
1122 4023 1230 4079 ct'ru'bus
1248 4023 1282 4080 de
1304 4032 1396 4080 monte
1426 4023 1520 4080 Greclt
1538 4025 1639 4081 villam

400 4127 516 4197 Kabala,
538 4146 557 4184 a
581 4128 772 4186 tiarisdicttunc
793 4129 896 4186 boriali
917 4137 945 4186 et
966 4130 1074 4186 comitis
1096 4131 1243 4186 cotiritotus
1266 4130 1468 4202 aaergrabiense's,
1492 4131 1600 4187 exeina't‘.

455 4273 519 4330 Nos
541 4273 696 4356 Johannes
721 4275 818 4331 banus
843 4275 940 4332 tocius
956 4273 1126 4332 Sclauonie.
1148 4273 1365 4346 significamus
1382 4276 1496 4346 quibus
1512 4276 1640 4348 expedit

367 4379 528 4450 universis,
552 4380 702 4436 memorie
726 4379 985 4451 commendantes
1017 4379 1100 4453 quod
1125 4382 1207 4437 cives
1231 4381 1269 4437 de
1294 4389 1397 4437 monte
1420 4381 1566 4438 Grecensi
1600 4381 1640 4438 ad

367 4491 507 4542 nostram
544 4484 721 4542 accedentes
760 4487 958 4558 presenciam,
991 4487 1199 4544 exhibuerunt
1236 4487 1325 4543 nobis
1364 4487 1481 4544 litteras
1519 4486 1640 4544 domini

368 4592 465 4648 nostri
487 4590 625 4648 'Ladizlai
647 4591 779 4649 illustris
802 4593 884 4664 regis
908 4593 1075 4665 Hungarie‚
1099 4595 1129 4650 in
1154 4593 1268 4665 quibus
1290 4593 1380 4650 nobis
1409 4592 1541 4649 firmiter
1568 4610 1641 4666 pre·

368 4696 511 4769 cipiebat,
535 4696 619 4768 quod
643 4697 755 4754 villam
778 4699 870 4755 castri
893 4699 1108 4770 zagrabiensis‚
1134 4699 1259 4770 Kobyla
1283 4707 1433 4768 vocatam,
1451 4715 1522 4756 curn
1539 4702 1641 4758 omni-

367 4803 426 4860 bus
451 4802 548 4871 terris,
570 4803 767 4875 utilitatibus
792 4804 1033 4862 circumstanciis
1056 4811 1086 4861 et
1110 4805 1305 4878 pertinenciis
1328 4805 1480 4861 universis
1504 4805 1548 4861 eis
1564 4807 1641 4864 assi·

367 4924 463 4981 gnare
487 4913 516 4964 et
540 4913 672 4965 statuere
696 4908 889 4981 deberemus,
914 4926 984 4967 curn
1008 4911 1137 4968 eandem
1163 4911 1271 4967 villam
1289 4916 1418 4983 propter
1435 4911 1639 4970 commodum

368 5014 444 5071 ville
476 5011 645 5086 Grecensis‚
678 5015 719 5071 ob
750 5015 860 5073 merita
890 5017 1093 5076 serviciorum
1124 5017 1305 5074 eorumdem
1337 5017 1454 5074 civium
1485 5025 1640 5091 perpetuo
