3600 5804
534 507 607 608 Doc.
632 562 694 606 m.
719 581 762 592 -
785 549 841 610 An.
868 565 903 626 13
922 563 952 625 9.
1339 569 1378 629 95

127 747 201 804 libus
222 753 283 803 tam
305 747 502 819 presentibus
526 761 620 819 quam
644 745 764 813 futuris,
788 763 915 822 presens
939 749 1089 822 scriptum
1114 749 1307 823 inspecturis
1336 765 1382 808 sa·

127 854 213 910 tutem
235 853 264 909 in
286 852 397 910 salutis
418 852 574 924 largitore.
598 851 684 911 Sicut
706 851 744 910 ad
769 853 907 925 regalem
931 855 1064 927 pertinet
1080 855 1299 912 excellenciam
1316 857 1382 912 uni-

128 959 227 1030 cuique
249 971 305 1032 pro
328 957 447 1014 meritis
476 957 571 1030 digna
601 957 675 1016 dare
706 957 868 1032 stipendia,
899 959 943 1018 sic
973 960 1133 1018 libertates
1164 967 1194 1018 et
1222 963 1341 1033 gracias
1365 978 1382 1018 a

127 1065 182 1121 suis
202 1063 447 1137 progenitoribus
469 1064 528 1121 rite
559 1063 646 1122 datas
670 1069 700 1122 et
723 1079 889 1134 concessas,
913 1066 1093 1123 muniminis
1117 1065 1267 1124 beneficio
1292 1067 1383 1124 debet

130 1171 272 1238 innovare,
295 1173 446 1242 quatenus
468 1168 578 1228 eadem
603 1168 716 1228 futuris
739 1171 933 1243 temporibus
957 1171 1096 1228 obtinere
1128 1172 1245 1246 possint
1269 1173 1380 1229 immo·

129 1275 192 1332 bilis
220 1275 448 1349 perseverancie
480 1274 720 1334 firmamentum.
753 1275 886 1334 Proinde
916 1275 956 1334 ad
987 1278 1203 1335 universorum
1236 1279 1382 1336 noticiam

130 1381 230 1438 harum
253 1381 329 1438 serie
352 1381 528 1438 litterarum
551 1381 698 1439 volumus
721 1383 901 1455 pervenire:
926 1383 1009 1455 quod
1033 1384 1182 1455 magister
1205 1384 1382 1452 Lambinus,

130 1487 197 1544 civis
218 1487 404 1556 Gerecensis,
428 1486 531 1546 fidelis
554 1493 666 1557 noster,
690 1487 729 1545 ad
753 1495 891 1546 nostram
924 1489 1071 1546 accedens
1099 1490 1290 1564 presenciam
1317 1490 1382 1546 vice

130 1599 155 1649 et
175 1594 293 1651 nomine
315 1594 531 1651 universorum
553 1595 669 1651 civium
693 1592 732 1650 de
754 1593 872 1664 eadem,
900 1595 1041 1652 exhibuit
1057 1595 1147 1652 nobis
1162 1595 1382 1670 transcriptum

130 1700 187 1756 sire
208 1705 343 1757 tenorem
366 1699 525 1772 privilegii
548 1699 666 1758 domini
698 1699 779 1770 Bele‚
804 1700 960 1773 quondam
984 1701 1065 1774 regis
1094 1701 1259 1774 ilungarie,
1284 1701 1382 1758 felicis

129 1806 274 1876 memorie,
297 1805 448 1879 patruelis
471 1805 566 1862 nostri
591 1807 750 1876 carissimi,
767 1807 826 1862 sub
841 1807 946 1878 sigillo
963 1805 1087 1864 discreti
1103 1808 1232 1881 capituli
1255 1807 1383 1864 ecclesie

131 1911 331 1982 zagrabiensiS,
362 1909 504 1968 fidelium
527 1917 704 1969 nostrorum
727 1927 821 1987 super
848 1912 992 1970 libertate
1015 1918 1045 1970 et
1067 1913 1171 1985 gracia
1194 1915 1238 1971 eis
1261 1930 1383 1972 conces·

130 2023 240 2074 sumet
262 2015 444 2087 conlectum,
469 2023 575 2090 petens
597 2033 616 2075 a
637 2019 727 2075 nobis
758 2018 869 2075 humili
900 2033 971 2076 eum
1002 2019 1157 2090 instancia,
1187 2025 1222 2077 ut
1247 2026 1384 2078 tenorem

131 2120 194 2178 dicti
227 2123 391 2195 privilegii,
422 2123 461 2180 ad
495 2125 646 2182 maiorem
681 2125 950 2182 conservacionem
986 2125 1101 2183 iurium
1135 2131 1165 2183 et
1202 2126 1383 2184 libertatum

131 2228 298 2286 eorumdem
332 2230 363 2286 in
400 2228 532 2286 sormam
568 2229 726 2303 privilegii
757 2231 853 2288 nostri
884 2230 982 2302 redigi
1015 2231 1116 2289 facere
1146 2237 1176 2290 et
1205 2231 1384 2290 libertatem

132 2347 227 2390 eorum
256 2335 404 2392 innovare
435 2350 470 2392 ac
498 2341 604 2393 nostro
639 2335 839 2408 dignaremur
869 2337 1036 2410 privilegio
1066 2337 1258 2396 confirmare.
1290 2338 1384 2396 Cuius

132 2447 209 2497 tenor
228 2442 297 2498 talis
320 2448 383 2500 est:
407 2436 480 2519 (vid.
503 2459 547 2500 nr.
568 2443 635 2499 108.
652 2442 691 2499 de
707 2457 787 2499 anno
814 2443 905 2515 1318,
926 2457 971 2509 15.
988 2437 1188 2518 novembris).
1215 2443 1302 2502 Unde
1319 2459 1382 2514 nos,

133 2547 178 2618 qui
199 2563 233 2603 ex
254 2545 360 2604 officio
384 2548 517 2621 suscepti
549 2549 707 2620 regiminis
737 2563 991 2620 unumquemque
1021 2549 1052 2606 in
1083 2564 1138 2606 suo
1170 2550 1235 2607 iure
1263 2565 1383 2608 conser-

132 2666 204 2722 vare,
226 2661 253 2710 et
276 2654 364 2711 iustis
389 2654 563 2727 petencium
587 2653 747 2711 desideriis
770 2669 860 2712 aures
883 2655 1031 2726 benignas
1051 2655 1199 2713 inclinare
1226 2655 1384 2727 debemus,

133 2758 292 2829 predictum
316 2761 537 2835 transcriptum
560 2775 619 2817 non
644 2761 800 2830 abrasum,
824 2775 885 2818 non
909 2760 1123 2826 cancellatum,
1147 2777 1202 2818 nec
1226 2763 1256 2818 in
1279 2763 1385 2836 aliqua

133 2866 174 2921 sui
194 2871 277 2938 parte
300 2867 457 2936 viciatum,
481 2867 685 2940 peticionibus
708 2865 839 2940 predicti
863 2866 1003 2936 magistri
1026 2866 1169 2924 Lambini
1191 2875 1220 2924 et
1243 2867 1385 2926 fidelium

133 2969 236 3028 civium
257 2978 435 3030 nostrorum
459 2973 544 3044 regio
567 2973 705 3030 inclinati
739 2987 810 3030 eum
842 2972 958 3043 favore,
981 2971 1020 3030 ad
1051 2973 1201 3030 malorem
1225 2987 1386 3032 conserva-

135 3074 240 3134 cionem
261 3078 441 3135 libertatum
473 3079 613 3151 ipsorum
645 3078 683 3135 de
713 3079 811 3135 verbo
841 3077 880 3135 ad
911 3079 1044 3135 verbum
1076 3079 1271 3151 presentibus
1295 3080 1387 3137 inseri

135 3178 269 3252 iaciendo,
282 3183 481 3250 ratificamus,
494 3183 708 3257 approbamus
724 3189 752 3240 et
768 3185 868 3258 ipsam
886 3184 1061 3241 libertatem
1079 3199 1186 3242 eorum
1203 3185 1386 3242 innovamus

136 3291 160 3343 et
179 3290 348 3347 testimonio
372 3290 565 3362 presencium
589 3289 817 3347 confirmamus
843 3291 874 3347 ln
895 3291 981 3347 cuius
997 3291 1041 3346 rei
1064 3292 1257 3361 memoriam,
1278 3307 1387 3364 perpe-

136 3398 268 3468 tuamque
291 3395 473 3454 firmitatem
495 3401 653 3470 presentes
677 3397 884 3453 concessimus
908 3397 1025 3453 litteras
1048 3396 1205 3470 dupplicis
1222 3398 1317 3468 sigilli
1333 3413 1387 3456 no-

136 3500 183 3555 stri
205 3501 371 3559 munimine
402 3501 606 3559 confirmatas.
638 3501 754 3558 Datum
778 3517 834 3576 per
865 3517 974 3559 manus
1006 3502 1128 3559 discreti
1161 3504 1219 3560 viri
1247 3505 1387 3576 magistri

136 3603 277 3685 Johannis,
299 3608 436 3665 albensis
458 3607 585 3664 ecclesie
607 3607 766 3680 prepositi,
791 3607 862 3664 aule
884 3614 988 3664 nostre
1005 3609 1258 3678 vicecancellarii,
1282 3608 1387 3668 dilecti

137 3719 162 3767 et
191 3712 288 3771 fidelis
327 3716 432 3772 nostri.
466 3716 555 3772 Anno
592 3713 711 3771 domini
752 3713 890 3770 MCCCX
924 3729 1013 3785 nono,
1045 3714 1209 3772 undecimo
1248 3714 1388 3772 kalendis

137 3819 240 3888 aprilis.
264 3820 361 3892 Regni
382 3827 485 3878 autem
505 3821 602 3881 nostri
626 3835 705 3876 anno
729 3820 873 3878 similiter
896 3819 1018 3878 decimo
1041 3835 1129 3878 nono.

214 3952 350 4018 Originale
371 3955 396 4004 in
416 3955 573 4012 membrana,
593 3955 711 4021 sigillum
731 3955 819 4020 periit,
838 3972 902 4006 zona
928 3957 1026 4006 sericea
1046 3956 1107 4007 flavi
1128 3963 1153 4006 et
1172 3957 1268 4006 viridis
1288 3959 1386 4008 coloris

139 4049 277 4092 conservata
295 4044 433 4108 appendet.
454 4044 484 4093 ln
503 4043 612 4094 archivo
632 4043 677 4094 lib.
698 4060 753 4109 reg.
774 4045 844 4094 civit.
865 4046 1049 4110 zagrabiensis.

724 4278 795 4343 111.

233 4401 306 4451 Anno
329 4409 403 4463 1319,
429 4411 448 4450 1.
469 4401 593 4451 octobris.
613 4401 737 4452 viterbii.

137 4522 261 4596 Johannes
285 4527 388 4585 XXII.
405 4537 489 4603 popa
512 4529 637 4604 episcopo
667 4529 783 4603 nogrob.
807 4530 969 4602 Augustino
990 4539 1202 4591 commutares
1222 4541 1323 4591 contra
1345 4535 1388 4590 in-

173 4649 277 4691 nosores
299 4643 328 4691 et
347 4635 501 4694 detentores
521 4636 656 4693 bonorum
680 4637 926 4693 ecclesiasticorum
949 4638 1011 4694 eccl.
1042 4639 1157 4710 zagrub.
1182 4639 1350 4698 denominat.

216 4776 367 4858 Johannes
390 4781 685 4852 episcopusservus
708 4795 870 4838 servorum
895 4781 953 4838 dei.
978 4782 1215 4841 venerabilibus
1240 4783 1387 4844 fratribus

144 4878 444 4954 Quinqueecclesiensi
468 4891 497 4941 et
523 4884 666 4943 Bonnensi
693 4901 728 4942 ac
755 4885 888 4944 Tiniensi
921 4888 1074 4962 episcopis
1104 4889 1236 4946 salutem
1261 4895 1290 4946 et
1313 4907 1386 4964 apo·

144 4985 268 5044 stolicam
291 4989 541 5048 benedictionem,
566 4989 615 5048 Ad
640 4993 697 5048 hoc
719 5007 775 5049 nos
798 4991 873 5050 deus
896 4993 1024 5064 pretulit
1047 4995 1077 5050 in
1101 4993 1254 5052 familiam
1273 4994 1384 5054 domus
