3600 5804
591 549 665 606 Dor.
688 560 759 625 242.
787 578 824 590 -
849 546 906 604 An.
930 542 1018 622 1361.
1379 563 1435 607 aar

163 754 285 807 terram
311 747 451 806 eiusdem
473 747 602 822 capituli
623 746 767 805 similiter
783 743 907 802 Cobilia
929 743 1045 802 dictam
1068 759 1104 802 ac
1119 741 1345 818 possessionem
1364 743 1440 802 Cru-

164 854 343 913 ciierorum
360 853 398 912 de
413 858 519 912 sancto
535 853 668 911 Martino
685 851 866 910 existentem
883 848 1012 924 prefatis
1029 850 1151 910 civibus
1167 865 1224 924 per
1238 849 1442 922 magnificum

165 961 277 1018 virum
301 958 493 1034 Stephanum
515 959 633 1017 bauum
665 957 763 1016 tocius
794 955 958 1014 Sciauonie
989 971 1027 1013 ex
1058 961 1205 1029 precepto
1238 961 1268 1013 et
1295 955 1442 1014 mandato

164 1065 291 1124 domini
314 1065 425 1123 Karoli
447 1065 578 1124 illustris
600 1065 682 1136 regis
712 1063 879 1134 Hungarie,
910 1061 1066 1120 mediante
1095 1063 1271 1120 testimonio
1294 1061 1368 1120 dicti
1394 1078 1442 1120 ca·

165 1171 264 1245 pituli
289 1170 482 1244 assignanda,
506 1169 715 1228 contradictor
746 1168 904 1237 extitisset,
935 1183 1073 1226 asserens
1102 1184 1134 1226 se
1164 1168 1195 1226 in
1227 1169 1295 1242 ipsa
1323 1183 1442 1242 posses-

165 1278 256 1335 sione
281 1278 330 1335 ius
354 1277 469 1335 habere
492 1293 545 1334 seu
569 1275 608 1334 ad
632 1277 736 1351 ipsum
753 1291 792 1332 ex
808 1274 977 1331 collacione
997 1274 1082 1346 regia
1098 1275 1260 1348 pertinere,
1277 1275 1442 1349 ipsumque

166 1385 339 1456 negocium
370 1383 399 1441 in
433 1383 592 1457 presencia
614 1381 732 1440 domini
764 1380 911 1454 Stephani
943 1381 1015 1438 bani
1046 1379 1167 1438 diucius
1196 1382 1332 1440 extiterit
1364 1383 1443 1440 inter

167 1497 279 1563 partes
304 1489 505 1558 ventilatum;
530 1489 654 1546 tandem
679 1487 761 1546 idem
785 1502 889 1544 comes
912 1486 1076 1544 Farkasius
1099 1501 1285 1560 cognoscens
1303 1487 1440 1562 prelatos

166 1597 256 1653 cives
280 1595 472 1654 Grechenses
496 1597 526 1652 in
549 1602 721 1652 memorata
745 1593 938 1668 possessione
960 1593 1008 1650 ius
1031 1593 1184 1665 integrum
1209 1595 1332 1663 habere,
1357 1595 1443 1652 omni

169 1702 235 1759 iuri
258 1716 324 1774 su0,
348 1700 595 1768 contradiccioni‚
620 1700 666 1758 liti
686 1701 737 1757 vel
755 1700 882 1757 materie
898 1699 1063 1756 cuiuslibet
1079 1700 1248 1772 questionis
1263 1717 1358 1774 super
1375 1717 1442 1774 pre·

167 1807 238 1866 fata
263 1809 456 1882 possessione
487 1807 610 1865 Cobilia
641 1807 721 1864 dicta
752 1811 858 1863 contra
889 1803 1025 1878 prelatos
1056 1806 1140 1862 cives
1162 1806 1324 1864 suscitatas
1355 1811 1384 1863 et
1412 1807 1443 1864 in

168 1922 338 1987 posterum
363 1913 561 1984 suscitandas,
586 1928 691 1970 coram
715 1911 852 1986 capitulo
875 1927 932 1984 per
954 1927 986 1967 se
1013 1917 1043 1968 et
1075 1927 1130 1985 per
1152 1927 1225 1968 suos
1248 1927 1440 1970 successores

168 2021 298 2078 liniales
321 2021 529 2078 renunciasset
553 2035 629 2094 pure
652 2019 734 2076 etin
766 2024 839 2087 toto,
871 2017 1001 2075 eandem
1030 2017 1255 2092 possessionem
1284 2034 1354 2076 cum
1379 2019 1443 2076 suis

168 2126 356 2198 attinenciis
380 2133 474 2199 prout
497 2124 643 2199 sepasatis
667 2125 788 2182 civibus
811 2140 848 2180 ex
876 2125 980 2197 gracia
1010 2124 1124 2196 regalis
1151 2123 1342 2182 celsitudinis
1365 2125 1441 2182 exti-

167 2239 253 2289 terat
268 2233 391 2299 collata,
408 2232 536 2306 pacifice
554 2229 774 2305 possidendam
793 2229 1004 2302 relinquendo,
1023 2231 1140 2288 litteras
1156 2229 1309 2304 siquidem
1328 2231 1443 2290 iustru-

169 2344 288 2410 menta,
305 2339 332 2396 si
356 2354 417 2412 qua
435 2354 529 2412 super
545 2338 612 2412 ipsa
628 2337 820 2410 possessione
840 2337 970 2394 haberet
993 2336 1215 2410 quoquomodo
1238 2341 1372 2412 optenta,
1390 2337 1443 2396 iri·

170 2446 250 2502 vola
272 2445 382 2503 haberi
406 2445 555 2502 voluisset
578 2450 608 2502 et
630 2444 747 2501 nullius
771 2441 908 2500 efficacie
931 2442 983 2501 vel
1007 2444 1164 2507 momenti.
1185 2443 1444 2518 quandocumque

170 2551 202 2608 in
229 2551 422 2608 contrarium
445 2549 656 2625 predictorum
687 2550 804 2608 civium
835 2565 892 2623 per
922 2551 1103 2624 quempiam
1135 2548 1237 2608 forent
1260 2555 1444 2624 presentata.

173 2657 296 2714 Verum
321 2657 393 2730 quia
416 2657 499 2714 idem
523 2657 672 2729 magister
701 2656 889 2713 Laurencins
921 2656 981 2714 hiis
1007 2657 1082 2714 visis
1105 2655 1195 2713 etad
1221 2656 1350 2730 plenum
1374 2672 1445 2730 par-

171 2764 259 2820 tibus
283 2764 441 2837 expositis,
466 2761 549 2820 idem
571 2761 717 2820 Nikoleth
742 2768 772 2820 et
793 2761 872 2846 Jaxa
894 2777 949 2819 sua
964 2767 994 2820 et
1009 2763 1207 2836 cohospitum
1230 2779 1359 2821 suornm
1376 2780 1445 2837 pre-

172 2869 333 2927 dictorum
365 2870 395 2927 in
425 2883 556 2943 persona
585 2868 625 2926 de
656 2869 843 2942 transcripto
874 2869 971 2942 ipsius
1002 2869 1131 2942 capituli
1158 2870 1286 2928 ecclesie
1309 2871 1445 2928 albensis

173 2991 236 3033 non
260 2976 405 3047 contenti,
429 2975 581 3048 originale
604 2974 742 3034 eiusdem
766 2990 822 3048 per
837 2975 921 3048 ipsos
937 2976 1102 3048 magistros
1120 2975 1313 3034 Demetrium
1336 2978 1445 3048 archy-

174 3081 345 3140 diaconum
369 3087 398 3138 et
421 3081 607 3154 Dyonisium
631 3064 848 3155 procuratores
871 3081 999 3154 capituli
1030 3083 1166 3139 annotati
1190 3083 1338 3140 instanter
1361 3083 1447 3140 exhi·

174 3189 250 3246 bere
275 3187 485 3262 postulassent
508 3193 538 3245 et
561 3188 644 3245 velle
667 3186 774 3245 videre
799 3203 831 3244 se
854 3193 884 3245 et
907 3188 1044 3261 hospites
1068 3193 1246 3261 prenotatos
1266 3203 1328 3261 quo
1346 3189 1446 3259 titulo,

175 3415 248 3456 rum
273 3399 359 3456 dicto
382 3399 519 3472 capitulo
543 3399 615 3457 data
638 3399 730 3457 fuerit
755 3415 811 3472 per
834 3397 968 3466 eosdem,
993 3407 1022 3457 et
1046 3414 1108 3472 quo
1131 3400 1259 3457 homine·
1280 3400 1365 3472 regio
1392 3416 1446 3457 seu

177 3505 342 3580 prestaldo
368 3513 398 3563 et
420 3507 479 3564 sub
503 3507 678 3564 testimonio
700 3507 786 3563 cuius
810 3505 936 3580 capituli
961 3505 1013 3564 vel
1029 3511 1206 3577 conventus,
1223 3511 1257 3563 ut
1273 3507 1359 3579 regni
1376 3521 1447 3564 con·

177 3613 313 3671 suetudo
337 3614 433 3686 exigit
455 3613 495 3670 ab
518 3614 653 3687 antiqu0,
677 3620 749 3686 post
768 3612 969 3670 collacionem
987 3613 1052 3670 eius
1077 3611 1198 3684 iactam,
1222 3613 1394 3671 introierint
1417 3614 1448 3671 in

177 3719 322 3784 eandem,
354 3726 384 3777 et
414 3720 440 3777 si
472 3719 590 3777 litteras
622 3719 850 3794 prohibitorias
882 3719 1140 3792 inquisicionaleS,
1175 3719 1448 3793 protestacionales

177 3832 232 3883 aut
255 3825 380 3897 aliquas
402 3827 480 3883 alias
502 3825 647 3884 iuridicas
668 3825 829 3883 cauciones
851 3840 869 3880 a
892 3830 1033 3898 tempore
1061 3825 1326 3899 preallegatomm
1349 3824 1449 3883 domi·

178 3946 293 3988 norum
318 3929 468 4005 Stephani
491 3937 521 3989 et
544 3931 680 3989 Ladislai
703 3930 836 3989 condam
856 3930 1027 3988 illustrium
1043 3946 1153 4003 regum
1170 3931 1336 4004 Hungarie,
1353 3947 1372 3989 a
1387 3947 1449 4004 quo

180 4038 404 4110 prememorati
417 4037 594 4094 Demetrius
605 4037 848 4110 archydiaconus
860 4043 890 4093 et
902 4037 1070 4108 Dyonisius
1081 4037 1229 4110 magister
1242 4043 1339 4094 suaet
1353 4038 1450 4111 ipsius

181 4143 312 4216 capituli
344 4143 374 4200 in
406 4157 546 4217 persona,
577 4144 702 4202 eosdem
732 4143 815 4201 cives
844 4147 874 4200 et
905 4143 1042 4216 hospites
1073 4143 1110 4200 de
1146 4142 1248 4202 Grech
1275 4143 1450 4216 possedisse

181 4249 284 4322 ipsam
309 4251 534 4321 possessionem
558 4249 680 4307 Cobilia
703 4255 846 4306 vocatam
876 4255 907 4306 et
937 4249 967 4306 in
991 4248 1099 4306 eadem
1124 4247 1218 4306 fuisse
1243 4250 1372 4323 proprio
1395 4265 1449 4307 ore

182 4353 258 4411 lassi
282 4353 419 4425 fuissent,
443 4361 473 4412 et
496 4355 522 4412 si
545 4369 563 4412 a
585 4360 726 4428 tempore
752 4354 822 4412 liele
845 4355 928 4428 regis
950 4355 1064 4428 aliquis
1080 4361 1186 4412 contra
1206 4357 1290 4428 ipsos
1313 4355 1450 4428 hospites

183 4458 223 4517 de
247 4458 351 4517 Grech
375 4461 406 4518 in
429 4461 477 4518 sui
499 4461 575 4518 iuris
596 4461 804 4534 patrocinium
828 4468 858 4518 et
881 4459 1100 4531 defensionem,
1125 4461 1208 4534 quod
1227 4461 1256 4518 in
1272 4459 1381 4518 eadem
1397 4461 1450 4518 ha·

182 4565 257 4623 bere
282 4581 315 4622 se
339 4573 522 4639 sperassent,
554 4571 584 4624 et
614 4567 639 4623 si
669 4566 831 4623 obstacula
861 4567 1067 4639 prohibitoria
1096 4573 1240 4640 tempore
1272 4567 1451 4624 statucionis

182 4671 281 4744 ipsius
305 4673 507 4745 possessionis
530 4687 587 4746 per
609 4671 806 4745 prestaldum
822 4671 1011 4730 antedictum
1034 4673 1093 4730 sub
1117 4671 1293 4730 testimonio
1318 4673 1451 4730 hominis

183 4775 257 4834 dicti
284 4777 412 4850 capituli
436 4778 612 4851 hospitibus
636 4777 674 4834 de
697 4776 799 4836 Grech
823 4779 976 4836 annotatis
1000 4777 1087 4850 facte,
1111 4785 1141 4835 et
1164 4779 1191 4836 si
1214 4783 1356 4852 tempore
1379 4793 1448 4835 con·

185 4882 297 4953 cordie,
322 4899 416 4956 quam
439 4899 510 4940 cum
534 4885 734 4956 preallegatis
758 4883 878 4940 Mathee
899 4891 929 4941 et
953 4883 1099 4942 Farlrasio
1122 4899 1215 4957 super
1239 4884 1315 4956 ipsis
1330 4897 1450 4957 posses·

185 4990 324 5047 sionibus
347 4983 468 5048 Cobilia
491 4997 521 5046 et
543 4989 710 5048 Scuiblaan
734 4989 850 5047 vocatis
866 4988 994 5047 fecerint
1010 4991 1146 5064 hospites
1163 4991 1316 5064 prenotati
1342 5005 1452 5048 coram
