3728 5806
409 572 469 640 276
829 571 902 628 Doc.
926 566 1000 644 289.
1025 603 1061 612 —
1079 571 1136 627 An.
1160 567 1252 646 1380.

405 769 491 826 iuxta
515 771 739 827 continenciam
771 769 947 826 litterarum
977 769 1105 842 capituli
1128 770 1336 842 zagrabiensis
1360 770 1479 840 citatus,
1504 771 1534 827 in
1559 770 1668 826 octavis

405 875 466 932 diei
489 876 729 933 circumcisionis
751 875 870 932 domini
893 875 924 931 in
947 874 1049 946 figura
1070 875 1168 932 nostri
1190 875 1295 933 iudicii
1319 875 1538 949 comparendo,
1567 885 1668 932 contra

404 981 557 1060 Jacobum
589 981 706 1038 dictum
740 981 844 1052 Bolya‚
876 980 978 1038 filium
1010 981 1178 1052 Pangracii,
1210 982 1344 1039 iudicem
1372 982 1511 1056 predicte
1534 983 1670 1048 civitatis,

333 1067 337 1075 ¹
406 1088 569 1159 proposuit
592 1103 627 1144 eo
659 1087 762 1156 modo,
794 1087 879 1160 quod
911 1087 977 1160 ipse
1003 1087 1139 1170 Jacobus
1162 1087 1223 1144 sibi
1246 1103 1284 1144 ex
1307 1097 1396 1160 parte
1418 1088 1577 1170 johannis
1602 1086 1670 1144 dicti

404 1193 524 1264 Wasas,
548 1193 679 1251 condam
705 1194 813 1252 iudicis
838 1193 976 1267 predicte
999 1193 1133 1250 civitatis
1156 1199 1186 1250 et
1208 1193 1344 1250 aliorum
1367 1192 1545 1250 debitorum
1571 1198 1601 1249 et
1622 1192 1670 1248 ad-

404 1300 614 1357 versariorum
638 1315 767 1357 suorum
791 1300 907 1357 civium
931 1298 1085 1369 videlicet,
1110 1299 1269 1372 hospitum
1293 1299 1431 1372 predicte
1449 1299 1584 1356 civitatis
1600 1297 1671 1356 Gre

404 1406 533 1476 chensis,
559 1406 600 1462 ob
624 1404 765 1462 savorem
789 1405 920 1478 predicti
943 1405 1101 1488 JohanniS,
1125 1404 1199 1462 dicti
1223 1405 1342 1476 Wasas,
1366 1407 1452 1463 iuxta
1467 1405 1669 1462 continencias

405 1512 592 1568 litterarium
624 1513 910 1582 instrumentorum,
940 1511 1089 1568 iudicium
1117 1519 1147 1568 et
1170 1512 1323 1568 iusticiam
1346 1511 1514 1585 inpendere
1541 1527 1601 1569 non
1624 1528 1670 1568 cu·

404 1622 509 1687 rasset,
528 1623 558 1673 et
574 1618 632 1674 hoc
649 1616 765 1674 ibidem
783 1619 813 1674 in
830 1617 996 1674 continenti
1013 1617 1206 1674 exhibicione
1219 1617 1427 1690 quarumdam
1445 1623 1580 1690 quatuor
1595 1617 1669 1673 litte

404 1738 512 1780 rarum
537 1739 662 1780 suarum
688 1724 980 1796 inquisicionalium,
1003 1723 1101 1795 unius,
1124 1723 1253 1796 predicti
1270 1723 1398 1796 capituli
1419 1724 1626 1795 zagrabiensis
1642 1729 1669 1779 et

404 1829 531 1886 alterius
563 1829 690 1902 capituli
722 1830 920 1899 chasmensis,
944 1829 1153 1899 ecclesiarum,
1177 1845 1294 1886 necnon
1325 1830 1419 1886 tercie
1453 1829 1537 1886 Petri
1562 1828 1669 1886 Chirlre

404 1936 545 1992 vicebani
577 1934 858 2007 regnisclauonie
888 1942 918 1992 et
950 1936 1072 1992 comitis
1095 1936 1249 1992 crisiensis
1269 1951 1305 1992 ac
1328 1941 1437 2007 quarte
1459 1934 1597 1992 iudicum
1621 1949 1669 1991 no·

404 2043 517 2098 bilium
542 2041 672 2114 predicti
696 2043 861 2098 comitatus
884 2043 1091 2113 zagrabiensis
1121 2041 1318 2098 uniformiter
1341 2042 1551 2114 loquencium,
1575 2041 1604 2098 in
1629 2041 1670 2096 vi·

404 2148 479 2218 gilia
504 2147 572 2203 sesti
596 2148 781 2204 ascensionis
804 2147 922 2204 domini
946 2149 976 2204 in
1001 2163 1080 2204 anno
1103 2149 1247 2220 proxime
1270 2155 1424 2204 transacto
1447 2153 1665 2216 emanatarum,

404 2269 508 2310 coram
542 2254 631 2310 nobis
663 2253 840 2310 declaravit.
872 2253 942 2325 Quo
973 2259 1129 2326 percepto,
1160 2253 1334 2326 Philippus,
1362 2253 1445 2310 tilius
1470 2254 1579 2319 Mauri,
1603 2269 1669 2309 cum

405 2361 629 2432 procuratoriis
660 2360 772 2416 litteris
804 2361 937 2418 civitatis
967 2359 1117 2417 antedicto
1148 2375 1206 2434 pro
1233 2359 1342 2417 eodem
1366 2359 1483 2441 Jacobo
1508 2359 1607 2416 iudice
1640 2360 1668 2416 in

405 2473 541 2523 nostram
576 2481 728 2538 exurgens
760 2467 952 2539 presenciam
985 2465 1144 2539 respondit
1175 2482 1213 2522 ex
1243 2465 1384 2534 adverso,
1409 2465 1491 2537 quod
1517 2465 1668 2538 predictus

402 2571 537 2653 Jacobus
568 2573 660 2629 iudex
692 2579 836 2630 annotato
868 2573 991 2644 Reynar
1022 2589 1038 2628 e
1070 2577 1157 2644 parte
1189 2571 1399 2645 predictorum
1431 2571 1608 2629 debitorum
1641 2579 1669 2627 et

403 2677 651 2734 adversariorum
675 2677 820 2734 antedicti
841 2679 964 2750 Reynar
984 2679 1085 2736 eidem
1110 2677 1259 2734 iudicium
1280 2685 1309 2734 et
1326 2678 1477 2734 iusticiam
1506 2677 1668 2750 inpendere

403 2784 562 2852 voluisset,
594 2784 644 2840 sed
679 2783 762 2840 idem
794 2783 918 2855 Reynar
952 2790 1115 2857 expectare
1150 2785 1307 2852 noluisset,
1337 2791 1367 2840 et
1398 2783 1436 2840 de
1471 2784 1541 2840 loco
1577 2785 1667 2856 ipsius

402 2888 507 2946 iudicii
540 2890 715 2958 recesisset;
746 2897 776 2946 et
803 2891 861 2946 hoc
888 2891 984 2948 simili
1008 2891 1105 2947 modo
1129 2891 1158 2947 in
1184 2891 1350 2947 continenti
1375 2891 1570 2948 exhibicione
1593 2891 1666 2947 litte-

402 3011 507 3052 rarum
534 2995 664 3067 predicti
698 2997 826 3070 capituli
857 2997 1064 3068 zagrabiensis
1095 2997 1273 3054 declaravit.
1298 2995 1419 3069 Quibus
1442 2997 1486 3053 sic
1510 2998 1666 3070 perceptis,

404 3103 477 3174 quia
517 3103 657 3174 predicta
696 3103 799 3159 littera
830 3104 966 3160 annotati
1001 3103 1129 3176 capituli
1163 3103 1370 3174 zagrabiensis
1408 3119 1464 3176 per
1499 3103 1667 3176 predictum

402 3215 636 3279 procuratorem
668 3209 765 3280 ipsius
795 3208 902 3290 Jacobi
936 3207 1044 3265 iudicis
1068 3209 1214 3277 exhibita,
1240 3215 1310 3281 post
1333 3210 1565 3266 emanacionem
1590 3215 1667 3265 ante·

402 3312 554 3369 dictarum
587 3321 719 3386 quatuor
753 3315 929 3371 litterarum
960 3315 1243 3387 inquisicionalium
1276 3315 1347 3371 data
1370 3323 1400 3371 et
1423 3315 1562 3372 confecta
1586 3331 1666 3387 repe·

402 3419 548 3489 riebatur,
569 3435 626 3492 pro
649 3436 686 3476 eo
709 3435 764 3476 nos
788 3436 921 3477 unacum
940 3421 1027 3492 regni
1052 3421 1220 3478 baronibus
1243 3422 1407 3478 nobiscum
1432 3421 1546 3478 iudicio
1569 3437 1666 3478 conse

403 3523 546 3581 dentibus
563 3525 731 3582 iudicantes
748 3527 961 3583 commisimus
981 3542 1017 3584 eo
1034 3526 1137 3597 mod0,
1152 3526 1236 3599 quod
1256 3526 1413 3599 predictus
1428 3527 1564 3609 Jacobus
1579 3527 1666 3584 iudex

402 3646 439 3686 ex
463 3637 551 3704 parte
574 3633 737 3688 memorati
763 3631 912 3712 Johannis
937 3633 1034 3689 Vasas
1058 3639 1088 3689 et
1111 3633 1244 3689 aliorum
1273 3632 1449 3690 debitorum
1475 3641 1505 3690 et
1528 3633 1666 3690 adversa·

402 3737 521 3794 riorum
546 3737 676 3810 predicti
699 3737 830 3809 Reynar,
862 3753 940 3810 quos
972 3738 1053 3795 idem
1078 3739 1201 3810 Reynar
1225 3753 1330 3795 coram
1354 3738 1464 3796 eodem
1488 3739 1589 3797 iudice
1611 3738 1667 3796 sibi

404 3842 559 3900 debitores
582 3843 635 3899 vel
658 3844 832 3917 culpabiles
856 3843 922 3900 fore
945 3846 1118 3916 asseruerit,
1143 3846 1227 3902 iuxta
1251 3845 1499 3918 proposicionem
1522 3851 1552 3902 et
1568 3845 1666 3918 acqui·

401 3948 548 4005 sicionem
572 3949 710 4005 eiusdem
745 3949 867 4021 Reynar
901 3966 1018 4007 necnon
1042 3951 1227 4008 litterarium
1251 3966 1379 4008 suorum
1403 3959 1465 4009 tam
1495 3951 1665 4024 inquisicio

401 4055 518 4112 nalium
543 4070 636 4127 quam
661 4056 927 4127 obligatorialium
953 4057 1236 4124 instrumentorum,
1260 4057 1291 4115 in
1315 4058 1433 4114 octavis
1453 4057 1515 4114 diei
1532 4057 1663 4114 cinerum

401 4176 481 4216 nunc
505 4161 643 4217 venturis
666 4177 770 4217 coram
796 4163 979 4219 testimoniis
1004 4162 1116 4234 prelati
1140 4163 1268 4235 capituli
1292 4165 1509 4235 zagrabiensiS,
1534 4179 1594 4236 que
1624 4169 1663 4219 te-

401 4267 545 4323 stimonia
568 4282 624 4339 per
651 4267 754 4341 ipsum
785 4269 956 4340 capitulum
988 4267 1027 4324 ad
1060 4268 1093 4325 id
1125 4270 1331 4326 amicabiliter
1362 4271 1439 4326 serie
1474 4270 1663 4342 presencium

358 4397 362 4406 ·
402 4387 461 4444 pro
490 4373 565 4445 ipsis
596 4373 737 4445 partibus
768 4374 934 4430 transmitti
966 4374 1168 4446 postulamus,
1192 4374 1341 4432 iudicium
1365 4381 1395 4431 et
1419 4375 1573 4432 iusticiam
1597 4389 1664 4432 curn

401 4479 581 4548 gravamine
605 4479 709 4536 iudicii
734 4480 828 4537 trium
853 4494 1028 4537 marcarum
1052 4481 1142 4538 nobis
1166 4489 1196 4537 et
1219 4481 1302 4553 parti
1329 4479 1459 4537 adverse
1483 4481 1514 4537 in
1539 4481 1665 4538 termino

402 4583 599 4657 infrascripto
625 4585 900 4658 persolvendarum
926 4585 1026 4642 facere
1050 4593 1195 4643 teneatur.
1219 4586 1256 4642 Et
1280 4593 1349 4658 post
1372 4587 1427 4642 hec
1451 4586 1550 4659 ipsius
1566 4586 1664 4643 iudicii

402 4697 431 4746 et
455 4691 572 4746 iusticie
596 4691 783 4764 inpensionis
806 4693 926 4761 seriem,
950 4699 984 4748 ut
1007 4690 1099 4749 luerit
1122 4691 1298 4764 expediens,
1318 4707 1375 4765 per
1391 4698 1494 4766 partes
1511 4693 1542 4748 in
1559 4692 1666 4750 litteris

402 4795 514 4869 prefati
546 4797 674 4870 capituli
704 4799 910 4869 zagrabiensis
942 4799 971 4855 in
1004 4799 1122 4855 octavis
1153 4797 1222 4855 festi
1254 4799 1335 4855 beati
1362 4799 1489 4870 Georgii
1525 4799 1665 4866 martiris,

400 4919 481 4959 nunc
504 4904 650 4973 venturis,
674 4905 763 4960 nobis
788 4905 933 4960 volumus
954 4905 1114 4977 reportari.
1138 4905 1174 4960 Et
1191 4905 1263 4977 quia
1281 4904 1419 4978 prefatus
1436 4905 1561 4975 Reynar
1576 4919 1667 4962 anno·

401 5013 501 5066 tatum
532 5009 714 5084 Philippum
744 5025 849 5068 coram
882 5011 970 5068 nobis
1004 5011 1033 5067 in
1065 5011 1137 5068 sede
1165 5011 1325 5069 iudiciaria
1349 5013 1446 5070 verbo
1473 5011 1665 5085 vituperioso
