3600 5804
810 534 884 592 Doc.
906 546 957 607 92.
989 567 1024 576 -
1051 535 1108 592 Au.
1133 549 1220 610 1303.

988 727 1048 793 92.

486 869 562 918 Anno
588 877 660 927 1303.
680 884 703 931 9.
724 869 877 918 decembris.
898 869 1004 920 Romae.

381 997 431 1053 Fr.
456 998 637 1070 Augustinus
659 999 836 1072 praeficitur
857 998 886 1053 iu
910 998 1067 1070 episcopum
1099 995 1326 1068 aagrubr'eusem.
1357 994 1440 1051 clero
1463 1001 1492 1050 et
1512 995 1588 1051 lar‘ct's
1607 995 1636 1050 de

857 1122 934 1160 more
956 1102 1173 1160 commendatur.

471 1247 650 1305 Benedictus
680 1248 844 1322 episcopus
875 1263 983 1304 servus
1021 1262 1181 1304 servorum
1210 1245 1268 1303 dei.
1307 1239 1428 1301 Dilecto
1463 1243 1529 1300 filio
1558 1241 1636 1300 fratri

382 1354 554 1428 Augustino
593 1354 690 1410 electo
731 1353 927 1425 Zagrabiensi
970 1354 1100 1410 salutem
1148 1351 1351 1426 apostolicam
1393 1347 1635 1406 benedictionem.

380 1461 462 1518 Inter
484 1459 707 1518 sollicitudines
727 1459 813 1528 alias,
849 1476 908 1532 que
940 1460 1030 1517 nobis
1063 1475 1100 1516 ex
1134 1458 1229 1515 officii
1267 1457 1372 1515 debito
1408 1455 1569 1530 pastoralis
1598 1457 1636 1512 in-

381 1566 538 1634 cumbunt,
563 1567 618 1622 illa
641 1581 696 1622 nos
719 1567 803 1638 angit
827 1567 982 1639 precipue,
1018 1572 1050 1622 ut
1074 1564 1212 1621 ecclesiis
1236 1561 1371 1620 viduatis
1395 1562 1434 1619 de
1458 1562 1591 1618 salubris
1611 1568 1637 1617 et

382 1671 491 1728 celeris
523 1671 708 1744 provisionis
739 1670 877 1728 remedio
909 1677 1112 1728 succurratur.
1144 1686 1191 1738 ne,
1223 1668 1350 1726 illarum
1382 1668 1541 1725 vacatione
1574 1683 1637 1740 pro

382 1783 487 1846 tracta,
510 1777 677 1834 sustineant
700 1777 730 1833 in
754 1776 969 1850 spiritualibus
986 1783 1014 1834 et
1031 1776 1258 1850 temporalibus
1274 1775 1503 1832 detrimentum.
1520 1772 1638 1830 Dudum

383 1882 537 1956 siquidem
580 1883 708 1940 ecclesia
739 1882 935 1956 Zagabriensi
967 1899 1022 1957 pcr
1056 1884 1289 1941 translationem
1322 1881 1512 1939 venerabilis
1545 1879 1639 1937 fratris

382 1990 479 2046 nostri
506 1989 663 2046 Michaelis
687 1989 824 2062 episcopi
849 1989 1068 2062 Zagrabiensis,
1102 1990 1132 2046 in
1163 1989 1431 2062 archiepiscopum
1463 1985 1641 2058 Strigonien·

382 2110 448 2152 sem
485 2095 583 2159 electi,
616 2094 728 2152 factam
753 2110 809 2168 per
831 2109 886 2152 nos
910 2094 947 2151 ad
973 2095 1135 2152 ecclesiam
1159 2093 1408 2167 Strigoniensem,
1434 2099 1569 2161 vacante,
1592 2105 1640 2148 nos

384 2201 595 2274 provisionem
621 2199 701 2257 dicte
724 2199 852 2257 ecclesie
877 2200 1091 2272 Zagrabiensis
1115 2216 1149 2257 ea
1174 2201 1240 2256 vice
1263 2198 1459 2272 dispositioni
1479 2196 1559 2254 sedis
1575 2211 1640 2269 apo

383 2305 490 2362 stolice
514 2313 713 2374 reservantes,
738 2305 932 2364 decrevimus
956 2313 1066 2364 extunc
1089 2307 1212 2363 irritum
1233 2311 1262 2362 et
1285 2306 1382 2374 inane,
1407 2304 1433 2361 si
1453 2317 1541 2361 secus
1556 2317 1641 2375 super

383 2411 442 2468 hoc
472 2426 490 2468 a
521 2427 680 2484 quoquam
710 2412 840 2469 scienter
872 2413 921 2469 vel
956 2413 1132 2484 ignoranter
1162 2412 1351 2483 contingeret
1385 2409 1577 2481 attemptari:
1610 2423 1642 2464 ac

383 2515 511 2574 demum
534 2517 572 2574 de
597 2519 773 2590 provisione
796 2519 893 2591 ipsius
916 2519 1043 2575 ecclesie
1066 2517 1282 2590 Zagrabiensis
1305 2517 1437 2574 sollicite
1473 2516 1641 2586 cogitantes,

383 2631 453 2697 post
475 2622 739 2694 deliberationem,
764 2640 857 2696 quam
882 2641 976 2698 super
999 2625 1057 2681 hoc
1080 2624 1255 2686 habuimus,
1276 2628 1369 2697 prout
1384 2622 1500 2694 negotii
1517 2621 1643 2693 qualitas

383 2727 534 2800 exigebat,
567 2744 638 2786 cum
669 2730 781 2786 nostris
814 2729 963 2787 fratribus
994 2729 1184 2803 diligentem,
1215 2729 1255 2787 ad
1285 2736 1325 2792 te.
1348 2728 1490 2786 ordinem
1515 2726 1642 2784 fratrum

384 2833 614 2893 Predicatorum
647 2834 831 2909 professum,
863 2853 956 2910 quem
987 2837 1162 2895 litterarum
1185 2837 1312 2894 scientia
1334 2835 1501 2909 preditum,
1525 2847 1644 2890 morum

382 2941 534 3012 gravitate
568 2940 722 3011 decorum,
747 2943 777 2999 in
800 2943 1014 3016 spiritualibus
1038 2943 1206 3018 providum
1229 2951 1258 3000 et
1274 2942 1502 3016 temporalibus
1519 2940 1644 2998 circum·

383 3053 524 3120 spectum
556 3063 594 3104 ex
627 3048 772 3106 familiari
804 3050 992 3121 experientia
1026 3051 1178 3116 novimus,
1209 3049 1380 3106 direximus
1414 3048 1522 3105 oculos
1545 3053 1644 3103 nostre

384 3154 514 3222 mentis;
545 3155 658 3226 quibus
682 3156 826 3212 omnibus
857 3155 962 3212 debita
991 3156 1189 3213 meditatione
1213 3157 1355 3229 pensatis,
1379 3154 1417 3212 de
1441 3168 1573 3226 persona
1595 3160 1645 3208 tua

385 3259 446 3332 ipsi
468 3259 665 3332 Zagrabiensi
689 3261 816 3318 ecclesie
837 3261 1047 3334 providemus,
1071 3261 1260 3334 preficiendo
1281 3271 1309 3319 te
1333 3261 1371 3318 de
1391 3261 1525 3318 fratrum
1541 3275 1645 3316 eorun-

385 3363 457 3421 dem
489 3380 636 3423 consensu
676 3371 705 3422 et
736 3368 904 3439 apostolice
935 3368 1127 3442 plenitudine
1153 3368 1313 3442 potestatis
1343 3367 1423 3424 dicte
1444 3366 1572 3422 ecclesie
1594 3363 1646 3421 Za-

383 3471 538 3544 grabiensi
563 3473 592 3529 in
616 3473 797 3545 episcopum
821 3481 851 3530 et
875 3482 1039 3546 pastorem,
1063 3475 1092 3531 in
1111 3475 1175 3544 1110,
1192 3476 1245 3546 qui
1262 3473 1313 3530 dat
1329 3473 1444 3545 gratias
1464 3477 1495 3529 et
1518 3471 1646 3542 largitur

386 3578 514 3650 premia,
548 3578 743 3646 confidentes
775 3579 858 3650 quod
886 3578 994 3636 eadem
1018 3581 1147 3636 ecclesia
1169 3579 1382 3650 Zagrabiensis
1405 3579 1464 3635 sub
1489 3585 1542 3635 tuo
1566 3576 1646 3634 felici

385 3684 544 3754 regimine,
579 3686 678 3756 gratia
709 3685 765 3742 tibi
797 3685 985 3757 suffragante
1015 3686 1128 3753 divina,
1158 3687 1325 3743 salubriter
1349 3693 1378 3742 et
1402 3700 1553 3758 prospere
1577 3684 1646 3740 diri-

384 3796 480 3860 getur.
514 3789 622 3861 lugum
651 3792 754 3864 itaque
785 3791 902 3848 domini
932 3798 1079 3865 prompta
1110 3791 1273 3849 devotione
1303 3791 1461 3864 suscipias,
1498 3797 1528 3846 et
1563 3789 1647 3847 suari

386 3895 451 3950 eius
470 3897 554 3952 oneri
578 3873 754 3953 rev'eremer
777 3898 893 3954 collum
915 3898 1088 3968 submittas,
1112 3897 1253 3970 dicteque
1281 3899 1408 3954 ecclesie
1437 3896 1648 3969 Zagrabiensis

385 4015 496 4073 sponse
520 4009 578 4070 tue,
602 4003 740 4073 regimen
762 4005 806 4060 sic
821 4020 963 4061 exercere
980 4004 1102 4062 studeas
1118 4005 1258 4074 sollicite,
1275 4003 1411 4061 fideliter
1426 4009 1454 4060 et
1472 4003 1646 4075 prudenter,

383 4120 509 4178 gregem
540 4106 730 4166 dominicum
763 4109 793 4167 in
824 4125 860 4166 ea
890 4116 942 4167 tue
973 4111 1131 4182 vigilantie
1165 4110 1317 4167 creditum
1341 4109 1482 4166 doctrina
1505 4110 1597 4166 verbi
1619 4114 1645 4164 et

384 4213 486 4285 operis
510 4213 715 4285 informando,
740 4216 823 4289 quod
847 4217 885 4274 de
908 4217 1024 4273 talento
1048 4216 1105 4272 tibi
1128 4215 1245 4273 credito
1269 4215 1394 4287 dignam
1420 4215 1521 4288 possis
1546 4215 1576 4272 in
1601 4231 1647 4270 ex·

384 4325 483 4374 tremo
514 4321 655 4377 examine
686 4321 816 4378 reddere
847 4323 1014 4390 rationem;
1043 4337 1160 4393 nosque
1188 4321 1339 4392 gratulari
1362 4322 1519 4393 possimus
1544 4323 1575 4378 in
1598 4321 1647 4378 do·

385 4424 479 4495 mino,
503 4441 573 4482 cum
598 4442 615 4482 a
639 4443 702 4500 spe,
735 4443 828 4500 quam
860 4428 898 4485 de
922 4434 974 4484 tua
997 4427 1159 4485 devotione
1183 4428 1391 4499 concepimus,
1414 4425 1568 4485 fuerimus
1592 4443 1647 4486 non

384 4529 525 4590 fraudati.
548 4534 662 4591 Datum
687 4535 837 4606 laterani,
860 4551 888 4592 v.
912 4535 980 4592 idus
1004 4534 1185 4592 decembris.
1217 4537 1306 4591 Anno
1331 4533 1442 4592 Primo

473 4634 510 4690 lu
533 4635 625 4692 eudem
647 4639 746 4694 mertia
770 4637 862 4694 zvcrlr's
884 4645 1067 4711 corupetenler
1088 4636 1232 4695 mutatis:
1255 4640 1385 4696 Dileclis
1408 4639 1482 4698 filiis
1504 4641 1647 4714 Capitulo

385 4743 511 4800 ecclesie
535 4744 763 4816 Zagrabiensis;
794 4747 886 4803 Clero
913 4747 1046 4803 civitatis
1070 4755 1098 4803 et
1123 4746 1252 4803 diocesis
1276 4745 1507 4818 Zagrabiensis;
1533 4747 1647 4821 populo

374 4849 516 4906 civitatis
532 4858 561 4907 et
573 4850 703 4909 diocesis
714 4851 941 4922 Zagrabiensis;
961 4851 1117 4909 Universis
1131 4851 1257 4908 vasallis
1280 4851 1408 4908 ecclesie
1427 4851 1647 4924 Zagrabiensis.

474 4985 496 5034 E
509 5000 563 5050 reg.
577 4985 644 5050 orig.
659 4985 793 5036 Benedicti
808 4985 855 5036 XI.
869 5002 908 5036 an.
923 4986 942 5036 1.
956 5002 996 5050 ep.
1013 4987 1069 5036 108.
1080 4989 1110 5036 Α.
1124 4985 1246 5036 Theiner.
1260 4986 1329 5036 Mon.
1345 4988 1432 5053 Hung.
1446 4988 1507 5038 hist.
1522 4987 1541 5038 1.
1553 5007 1580 5056 p.
1591 5000 1645 5052 409.
