3600 5804
624 570 697 628 Doc.
722 567 769 627 61.
798 603 834 611 -
859 571 915 628 An.
941 581 1026 648 1275.

1418 589 1457 649 53

192 765 279 824 libus
303 774 476 842 presentem
501 772 645 844 paginam
662 771 846 846 inspecturis
863 771 995 830 salutem
1020 772 1049 828 in
1066 771 1193 829 domino
1215 771 1310 854 Jhesu
1327 769 1457 829 Christo

197 871 246 930 Ad
269 877 482 934 universorum
507 877 651 934 noticiam
683 877 792 934 harum
825 879 902 936 serie
925 878 1073 936 volumus
1101 877 1271 950 pervenire,
1295 875 1379 948 quod
1402 893 1457 934 nos

201 979 392 1038 consideratis
405 981 607 1040 fidelitatibus
619 991 649 1040 et
664 983 801 1040 serviciis
814 984 980 1041 meritoriis
994 982 1134 1040 fidelium
1148 987 1325 1040 nostrorum
1338 981 1455 1040 civium

208 1083 243 1141 de
257 1093 354 1144 monte
370 1082 524 1158 Grecensi,
538 1103 598 1160 que
611 1090 700 1146 nobis
712 1089 743 1146 in
757 1089 993 1147 conservacione
1009 1087 1083 1145 dicti
1099 1087 1190 1144 castri
1206 1087 1303 1145 nostri
1324 1086 1460 1144 fideliter

211 1196 304 1248 contra
325 1193 462 1249 homines
485 1193 566 1266 regis
597 1193 721 1250 Boemie
751 1195 966 1265 exhibuerunt,
997 1199 1026 1250 et
1056 1207 1115 1268 pro
1138 1191 1257 1250 deliciis
1281 1208 1389 1250 eorum
1412 1192 1457 1250 di-

213 1297 296 1354 rersis
317 1298 401 1356 nobis
425 1298 569 1373 inpensis,
593 1299 670 1356 locis
693 1305 723 1356 et
745 1300 940 1373 temporibus
971 1299 1141 1372 oportunis
1165 1297 1321 1370 quandam
1345 1298 1456 1355 villam

216 1404 293 1460 castri
319 1404 529 1476 zagrabiensis,
561 1405 677 1462 Kohila
707 1411 856 1476 vocatam,
888 1421 958 1464 cum
990 1405 1080 1462 terris
1111 1403 1291 1475 arabilibus,
1315 1403 1404 1460 silvis
1427 1408 1457 1460 et

217 1506 306 1566 lenetis
327 1525 359 1566 ac
381 1511 450 1568 aliis
473 1511 618 1568 omnibus
641 1511 780 1569 eiusdem
802 1513 997 1583 utilitatibus
1022 1525 1115 1584 quam
1132 1508 1171 1567 ad
1188 1524 1278 1566 usum
1302 1507 1456 1566 dictorum

219 1615 315 1672 civium
335 1625 508 1674 nostrorum
532 1616 701 1675 admodum
725 1618 834 1676 utilem
858 1634 924 1675 esse
953 1617 1170 1687 intelleximus,
1195 1613 1311 1672 eisdem
1335 1614 1456 1672 civibus

219 1721 345 1794 dedimus,
367 1723 550 1782 donavimus
574 1731 604 1782 et
627 1725 814 1783 contulimus
837 1725 896 1782 sub
919 1725 1011 1782 metis
1034 1729 1064 1781 et
1086 1723 1234 1792 terminis,
1256 1721 1369 1794 quibus
1393 1720 1456 1778 dic-

218 1835 272 1888 tum
292 1835 415 1887 castrum
441 1831 570 1888 eandem
593 1831 739 1906 possedit,
763 1832 829 1889 iure
855 1837 1008 1905 perpetuo
1040 1827 1267 1904 possidendam,
1291 1826 1455 1884 eximendo

219 2042 370 2115 supradicti.
392 2042 434 2102 Ut
457 2049 560 2101 autem
583 2045 640 2102 hec
660 2051 765 2103 nostra
788 2045 918 2102 collacio
942 2045 1039 2101 robur
1063 2043 1199 2116 optineat
1231 2045 1379 2115 perpetue
1402 2039 1455 2097 fir·
1502 2095 1507 2104 ,

219 2147 321 2218 nitatis,
342 2165 394 2206 nec
414 2165 472 2223 per
496 2152 676 2224 quempiam
701 2151 803 2208 valeat
834 2151 863 2209 in
893 2151 1016 2208 irritum
1046 2147 1195 2217 revocari,
1219 2151 1375 2219 presentes
1398 2145 1455 2203 eis·

217 2251 275 2310 dem
296 2255 493 2313 concessimus
516 2256 634 2314 litteras
665 2257 799 2330 duplicis
830 2257 926 2330 sigilli
956 2255 1053 2315 nostri
1084 2253 1254 2312 munimine
1285 2252 1454 2309 roboratas.

215 2357 311 2416 Datum
333 2377 386 2434 per
415 2377 524 2420 manus
552 2364 740 2420 venerabilis
772 2364 832 2421 viri
861 2363 1001 2436 magistri
1032 2360 1196 2431 Benedicti,
1219 2363 1322 2416 sancte
1345 2358 1455 2430 strigo-

216 2463 309 2522 niensis
330 2468 452 2525 ecclesie
475 2469 573 2539 electi,
598 2469 798 2542 eiusdemque
822 2469 882 2527 loci
905 2469 1026 2526 comitis
1046 2467 1198 2543 perpetui,
1214 2465 1361 2523 badensis
1384 2479 1454 2538 pre·

217 2571 299 2642 positi,
320 2574 385 2629 aule
418 2579 522 2631 nostre
552 2575 805 2646 vicecancellarii,
837 2574 943 2632 dilecti
973 2579 1002 2631 et
1033 2572 1136 2630 fidelis
1159 2571 1263 2628 nostri.
1288 2571 1377 2627 Anno
1400 2567 1454 2626 do-

217 2676 278 2733 mini
298 2677 374 2736 MCC
397 2681 625 2752 septuagesimo
649 2681 764 2753 quinto,
789 2681 883 2746 tercio
906 2679 976 2738 idus
998 2679 1135 2752 Augusti.
1160 2677 1257 2750 Regni
1273 2681 1377 2734 autem
1400 2691 1453 2734 no-

215 2782 259 2838 stri
279 2798 351 2840 anno
366 2786 468 2842 tercie.
485 2785 724 2842 Venerabilibus
741 2787 897 2860 patribus:
915 2785 1071 2859 Stephano
1095 2783 1248 2841 colocensi
1266 2787 1297 2840 et
1313 2781 1453 2866 Johanne

216 2879 366 2962 spalatensi,
400 2893 649 2966 archiepiscopis,
672 2893 734 2974 Job
764 2892 1085 2966 quinqueecclesiensi,
1120 2890 1268 2963 Philippo
1301 2889 1452 2957 waciensi

216 2994 273 3051 aule
293 2995 408 3055 domine
431 2999 536 3070 regine
560 2999 751 3069 cancellario,
776 2998 950 3070 Tymotheo
981 2996 1179 3070 zagrabiensi,
1209 2995 1359 3066 Dyonisio
1387 2991 1452 3070 jau·

214 3101 297 3174 riensi,
326 3103 411 3162 Petro
443 3105 643 3176 transilvanO,
675 3105 799 3162 Andrea
829 3105 961 3178 agriensi
997 3109 1026 3161 et
1060 3099 1212 3174 Gregorio
1246 3099 1451 3169 chanadiensi,

215 3207 352 3282 episcopis,
374 3227 409 3268 ac
433 3212 522 3269 Petro
547 3213 576 3269 in
601 3213 783 3286 episcopum
807 3211 1070 3284 wesprimiensem
1095 3209 1192 3266 electo
1215 3213 1245 3264 et
1259 3206 1451 3275 confirmato,

215 3314 336 3373 ecclesias
357 3317 405 3375 dei
436 3317 567 3376 feliciter
588 3319 848 3392 gubemantibus;
864 3316 988 3374 'Nicola
1018 3315 1164 3390 palatin0,
1194 3314 1307 3372 comite
1341 3329 1451 3386 supru-

216 3417 302 3491 niensi,
329 3423 423 3481 iudice
455 3423 674 3490 Comanorum,
705 3424 844 3505 Johanne
875 3425 956 3480 bano
992 3422 1089 3479 tocius
1120 3420 1289 3490 Sclauonie,
1323 3418 1451 3476 Nicolao

218 3524 283 3582 bano
303 3531 392 3588 tocius
416 3531 551 3600 Croacie‚
576 3530 671 3588 Paulo
695 3531 776 3588 bano
800 3530 838 3588 de
861 3529 999 3600 Zeurin0,
1024 3527 1153 3586 Nicolao
1176 3525 1276 3584 iudice
1299 3525 1383 3584 curie
1398 3541 1451 3583 no-

220 3639 311 3704 nostre,
331 3637 479 3696 lwachino
503 3639 651 3710 magistro
678 3639 915 3695 tawamicorum
947 3641 1134 3706 nostrorum,
1164 3635 1276 3693 comite
1307 3632 1345 3690 de
1369 3632 1450 3704 Plys,

221 3731 344 3803 Dyonisio
364 3744 510 3816 magistro
534 3745 771 3803 tawamicorum
803 3744 926 3802 domine
956 3743 1070 3816 regine,
1098 3741 1209 3798 comite
1232 3738 1397 3797 zaladiensi
1421 3745 1452 3796 et

225 3836 279 3895 aliis
297 3849 523 3921 quampluribus
546 3850 709 3907 comitatus
732 3850 817 3922 regni
841 3849 1015 3906 tenentibus
1039 3853 1069 3905 et
1090 3848 1231 3906 honores,

294 3957 417 4026 Originale
436 3966 463 4015 in
482 3967 640 4016 membrana.
660 3967 845 4033 Fragmentum
871 3967 954 4032 sigilli
980 3967 1112 4032 dependet
1130 3981 1144 4014 e
1162 3980 1226 4014 zoua
1251 3963 1350 4014 sericea
1369 3963 1451 4014 rubra

229 4043 247 4086 tt
261 4042 332 4096 viridi.
348 4051 373 4103 ln
392 4055 462 4104 arch.
481 4057 561 4104 Acad.
582 4055 676 4106 Scieut.
696 4056 765 4106 slav.
792 4056 884 4106 merid.
910 4055 989 4105 Extat
1015 4054 1097 4104 eciam
1122 4054 1150 4104 in
1175 4057 1339 4118 transumpto
1359 4051 1448 4101 Caroli

226 4141 266 4192 fid·
281 4133 353 4204 Hung‚
371 4159 409 4194 an.
432 4153 506 4202 1317.
526 4143 556 4194 Iu
575 4145 645 4194 arch.
664 4145 681 4193 1.
697 4161 719 4193 r.
739 4144 788 4194 civ.
808 4145 911 4210 zagrab.

788 4322 844 4387 61.

284 4451 367 4512 Anno
389 4471 463 4522 1275,
484 4473 524 4512 21.
544 4463 665 4530 Augusti.
685 4463 838 4529 Zagrabiae.

202 4545 381 4632 &⁷²¹0le
403 4575 547 4647 episcopus
569 4574 685 4647 zagrab.
709 4575 739 4630 in
761 4574 924 4632 cathedrali
944 4575 1057 4632 ecclesia
1080 4576 1262 4648 zograbiensi
1280 4585 1426 4634 consecrat

511 4681 604 4737 altare
627 4681 658 4737 in
680 4680 812 4738 honorem
834 4699 856 4738 s.
881 4679 1018 4738 Ladiskzi
1037 4681 1120 4755 regis.

234 4783 363 4862 Anno
386 4807 505 4864 domini
529 4787 696 4864 Mc'chx
720 4809 836 4881 quinto,
867 4807 925 4865 XII
954 4807 1102 4865 kalendas
1126 4811 1321 4882 septembris
1345 4825 1449 4868 conse·

158 4880 267 4942 Qum
306 4915 375 4969 est
397 4913 496 4970 altare
519 4923 588 4970 ante
611 4914 780 4972 sacristiam
813 4931 869 4988 per
899 4913 1110 4972 venerabilem
1141 4921 1263 4988 patrem
1287 4916 1448 4975 dominum

165 4975 416 5076 Thymotheum
439 5019 621 5093 episcopum
649 5021 880 5092 zagrabiensem
912 5021 950 5078 ad
980 5021 1130 5078 honorem
1161 5022 1256 5078 sancti
1286 5023 1368 5095 regis
1390 5023 1448 5082 La-
