<?xml version="1.0" encoding="UTF-8"?>
<!DOCTYPE html PUBLIC "-//W3C//DTD XHTML 1.0 Transitional//EN"
    "http://www.w3.org/TR/xhtml1/DTD/xhtml1-transitional.dtd">
<html xmlns="http://www.w3.org/1999/xhtml" xml:lang="en" lang="en">
 <head>
  <title>
</title>
<meta http-equiv="Content-Type" content="text/html;charset=utf-8" />
  <meta name='ocr-system' content='tesseract 3.04.00' />
  <meta name='ocr-capabilities' content='ocr_page ocr_carea ocr_par ocr_line ocrx_word'/>
</head>
<body>
  <div class='ocr_page' id='page_1' title='image "./monumentahistor18laszgoog_0597.png"; bbox 0 0 3824 5806; ppageno 0'>
   <div class='ocr_carea' id='block_1_1' title="bbox 680 590 1518 676">
    <p class='ocr_par' dir='ltr' id='par_1_1' title="bbox 680 590 1518 676">
     <span class='ocr_line' id='line_1_1' title="bbox 680 590 1518 676; baseline 0.013 -27"><span class='ocrx_word' id='word_1_1' title='bbox 680 592 753 650; x_wconf 82' lang='lat' dir='ltr'><strong>Dor.</strong></span> <span class='ocrx_word' id='word_1_2' title='bbox 771 590 847 670; x_wconf 77' lang='lat'><em>382.</em></span> <span class='ocrx_word' id='word_1_3' title='bbox 874 629 910 638; x_wconf 90' lang='lat'><em>-</em></span> <span class='ocrx_word' id='word_1_4' title='bbox 930 597 985 652; x_wconf 87' lang='lat' dir='ltr'><strong>An.</strong></span> <span class='ocrx_word' id='word_1_5' title='bbox 1009 607 1097 672; x_wconf 71' lang='lat' dir='ltr'><em>1j95.</em></span> <span class='ocrx_word' id='word_1_6' title='bbox 1463 605 1518 676; x_wconf 84' lang='lat'><strong>361</strong></span> 
     </span>
    </p>
   </div>
   <div class='ocr_carea' id='block_1_2' title="bbox 1089 699 1524 714">
    <p class='ocr_par' dir='ltr' id='par_1_2' title="bbox 1089 699 1524 714">
     <span class='ocr_line' id='line_1_2' title="bbox 1089 699 1524 714; baseline 0.009 -4"><span class='ocrx_word' id='word_1_7' title='bbox 1089 699 1524 714; x_wconf 62' lang='lat' dir='ltr'>——-—-—--—a-.—--———</span> 
     </span>
    </p>
   </div>
   <div class='ocr_carea' id='block_1_3' title="bbox 851 825 937 891">
    <p class='ocr_par' dir='ltr' id='par_1_3' title="bbox 851 825 937 891">
     <span class='ocr_line' id='line_1_3' title="bbox 851 825 937 891; baseline 0 -1"><span class='ocrx_word' id='word_1_8' title='bbox 851 825 937 891; x_wconf 82' lang='lat'><strong>382.</strong></span> 
     </span>
    </p>
   </div>
   <div class='ocr_carea' id='block_1_4' title="bbox 362 983 933 1048">
    <p class='ocr_par' dir='ltr' id='par_1_4' title="bbox 362 983 933 1048">
     <span class='ocr_line' id='line_1_4' title="bbox 362 983 933 1048; baseline 0.009 -19"><span class='ocrx_word' id='word_1_9' title='bbox 362 983 439 1030; x_wconf 82' lang='lat' dir='ltr'><strong>Anno</strong></span> <span class='ocrx_word' id='word_1_10' title='bbox 461 991 534 1044; x_wconf 83' lang='lat'><strong>1395,</strong></span> <span class='ocrx_word' id='word_1_11' title='bbox 559 991 578 1030; x_wconf 91' lang='lat'><strong>1.</strong></span> <span class='ocrx_word' id='word_1_12' title='bbox 599 983 763 1047; x_wconf 83' lang='lat' dir='ltr'>septembris.</span> <span class='ocrx_word' id='word_1_13' title='bbox 781 983 933 1048; x_wconf 83' lang='lat' dir='ltr'><strong>Zagrabiae.</strong></span> 
     </span>
    </p>
   </div>
   <div class='ocr_carea' id='block_1_5' title="bbox 258 1127 1525 1418">
    <p class='ocr_par' dir='ltr' id='par_1_5' title="bbox 258 1127 1525 1418">
     <span class='ocr_line' id='line_1_5' title="bbox 258 1127 1523 1206; baseline 0.004 -23"><span class='ocrx_word' id='word_1_14' title='bbox 258 1127 410 1183; x_wconf 80' lang='lat' dir='ltr'><strong>Martinus</strong></span> <span class='ocrx_word' id='word_1_15' title='bbox 436 1129 525 1196; x_wconf 78' lang='lat' dir='ltr'><strong>Ders,</strong></span> <span class='ocrx_word' id='word_1_16' title='bbox 559 1127 708 1185; x_wconf 81' lang='lat' dir='ltr'><strong>nr&#39;cebnnus</strong></span> <span class='ocrx_word' id='word_1_17' title='bbox 738 1129 856 1203; x_wconf 78' lang='lat' dir='ltr'><strong>nefaria</strong></span> <span class='ocrx_word' id='word_1_18' title='bbox 880 1131 1022 1206; x_wconf 81' lang='lat' dir='ltr'><strong>sucinoru</strong></span> <span class='ocrx_word' id='word_1_19' title='bbox 1051 1133 1214 1205; x_wconf 69' lang='lat' dir='ltr'><strong>ulaepuurum</strong></span> <span class='ocrx_word' id='word_1_20' title='bbox 1245 1132 1469 1190; x_wconf 77' lang='lat' dir='ltr'><em>inhabitatorum</em></span> <span class='ocrx_word' id='word_1_21' title='bbox 1493 1133 1523 1188; x_wconf 86' lang='lat' dir='ltr'><strong>in</strong></span> 
     </span>
     <span class='ocr_line' id='line_1_6' title="bbox 259 1231 1525 1310; baseline 0.004 -21"><span class='ocrx_word' id='word_1_22' title='bbox 259 1231 407 1304; x_wconf 82' lang='lat' dir='ltr'><strong>Lomnr&#39;cu,</strong></span> <span class='ocrx_word' id='word_1_23' title='bbox 440 1233 547 1291; x_wconf 74' lang='lat' dir='ltr'><strong>crnibus</strong></span> <span class='ocrx_word' id='word_1_24' title='bbox 575 1233 782 1292; x_wconf 74' lang='lat' dir='ltr'><strong>Greclrensibus</strong></span> <span class='ocrx_word' id='word_1_25' title='bbox 804 1253 957 1310; x_wconf 83' lang='lat' dir='ltr'><strong>eurumque</strong></span> <span class='ocrx_word' id='word_1_26' title='bbox 979 1236 1173 1310; x_wconf 72' lang='lat' dir='ltr'><strong>iobugr&#39;uuibus</strong></span> <span class='ocrx_word' id='word_1_27' title='bbox 1196 1238 1229 1295; x_wconf 86' lang='lat' dir='ltr'><strong>de</strong></span> <span class='ocrx_word' id='word_1_28' title='bbox 1250 1233 1408 1296; x_wconf 83' lang='lat' dir='ltr'><strong>Petrouinu</strong></span> <span class='ocrx_word' id='word_1_29' title='bbox 1430 1239 1525 1308; x_wconf 84' lang='lat' dir='ltr'><strong>illata,</strong></span> 
     </span>
     <span class='ocr_line' id='line_1_7' title="bbox 844 1344 940 1418; baseline -0.01 -18"><span class='ocrx_word' id='word_1_30' title='bbox 844 1344 940 1418; x_wconf 80' lang='lat' dir='ltr'><em>refert.</em></span> 
     </span>
    </p>
   </div>
   <div class='ocr_carea' id='block_1_6' title="bbox 253 1502 1583 4653">
    <p class='ocr_par' dir='ltr' id='par_1_6' title="bbox 253 1502 1583 4653">
     <span class='ocr_line' id='line_1_8' title="bbox 346 1502 1522 1578; baseline 0.003 -19"><span class='ocrx_word' id='word_1_31' title='bbox 346 1502 410 1560; x_wconf 92' lang='lat' dir='ltr'><strong>Nos</strong></span> <span class='ocrx_word' id='word_1_32' title='bbox 433 1504 580 1575; x_wconf 87' lang='lat' dir='ltr'><strong>magister</strong></span> <span class='ocrx_word' id='word_1_33' title='bbox 603 1505 753 1562; x_wconf 88' lang='lat' dir='ltr'><strong>Martinus</strong></span> <span class='ocrx_word' id='word_1_34' title='bbox 784 1506 864 1563; x_wconf 92' lang='lat' dir='ltr'><strong>Ders</strong></span> <span class='ocrx_word' id='word_1_35' title='bbox 887 1506 1054 1564; x_wconf 88' lang='lat' dir='ltr'><strong>vicebanus</strong></span> <span class='ocrx_word' id='word_1_36' title='bbox 1077 1511 1107 1563; x_wconf 92' lang='lat' dir='ltr'><strong>et</strong></span> <span class='ocrx_word' id='word_1_37' title='bbox 1129 1521 1233 1562; x_wconf 88' lang='lat' dir='ltr'><strong>comes</strong></span> <span class='ocrx_word' id='word_1_38' title='bbox 1255 1505 1464 1578; x_wconf 89' lang='lat' dir='ltr'><strong>zagrabiensis</strong></span> <span class='ocrx_word' id='word_1_39' title='bbox 1487 1522 1522 1563; x_wconf 87' lang='lat' dir='ltr'><strong>ac</strong></span> 
     </span>
     <span class='ocr_line' id='line_1_9' title="bbox 258 1609 1521 1684; baseline 0.002 -19"><span class='ocrx_word' id='word_1_40' title='bbox 258 1609 373 1666; x_wconf 88' lang='lat' dir='ltr'><strong>iudices</strong></span> <span class='ocrx_word' id='word_1_41' title='bbox 404 1609 558 1668; x_wconf 89' lang='lat' dir='ltr'>nobilium</span> <span class='ocrx_word' id='word_1_42' title='bbox 589 1609 727 1668; x_wconf 88' lang='lat' dir='ltr'><strong>eiusdem</strong></span> <span class='ocrx_word' id='word_1_43' title='bbox 762 1613 934 1669; x_wconf 81' lang='lat' dir='ltr'><strong>comitatus.</strong></span> <span class='ocrx_word' id='word_1_44' title='bbox 965 1613 1114 1670; x_wconf 88' lang='lat' dir='ltr'><strong>Memorie</strong></span> <span class='ocrx_word' id='word_1_45' title='bbox 1145 1611 1410 1683; x_wconf 89' lang='lat' dir='ltr'><strong>commendamus,</strong></span> <span class='ocrx_word' id='word_1_46' title='bbox 1438 1611 1521 1684; x_wconf 90' lang='lat' dir='ltr'><strong>quod</strong></span> 
     </span>
     <span class='ocr_line' id='line_1_10' title="bbox 257 1715 1521 1790; baseline 0.002 -18"><span class='ocrx_word' id='word_1_47' title='bbox 257 1730 327 1772; x_wconf 90' lang='lat' dir='ltr'><strong>cum</strong></span> <span class='ocrx_word' id='word_1_48' title='bbox 352 1729 407 1772; x_wconf 92' lang='lat' dir='ltr'><strong>nos</strong></span> <span class='ocrx_word' id='word_1_49' title='bbox 430 1715 654 1784; x_wconf 89' lang='lat' dir='ltr'><strong>adinstantem</strong></span> <span class='ocrx_word' id='word_1_50' title='bbox 678 1718 865 1790; x_wconf 88' lang='lat' dir='ltr'><strong>peticionem</strong></span> <span class='ocrx_word' id='word_1_51' title='bbox 896 1717 1014 1788; x_wconf 89' lang='lat' dir='ltr'><strong>iudicis,</strong></span> <span class='ocrx_word' id='word_1_52' title='bbox 1045 1718 1231 1776; x_wconf 81' lang='lat' dir='ltr'><strong>iuratorum¹</strong></span> <span class='ocrx_word' id='word_1_53' title='bbox 1249 1726 1279 1774; x_wconf 89' lang='lat' dir='ltr'><strong>et</strong></span> <span class='ocrx_word' id='word_1_54' title='bbox 1305 1717 1521 1774; x_wconf 90' lang='lat' dir='ltr'><strong>universorum</strong></span> 
     </span>
     <span class='ocr_line' id='line_1_11' title="bbox 258 1821 1522 1896; baseline 0.002 -19"><span class='ocrx_word' id='word_1_55' title='bbox 258 1822 372 1879; x_wconf 91' lang='lat' dir='ltr'><strong>civium</strong></span> <span class='ocrx_word' id='word_1_56' title='bbox 397 1821 510 1878; x_wconf 88' lang='lat' dir='ltr'><strong>montis</strong></span> <span class='ocrx_word' id='word_1_57' title='bbox 533 1821 724 1882; x_wconf 87' lang='lat' dir='ltr'><strong>Grechensis.</strong></span> <span class='ocrx_word' id='word_1_58' title='bbox 757 1822 890 1892; x_wconf 89' lang='lat' dir='ltr'><strong>Petrum,</strong></span> <span class='ocrx_word' id='word_1_59' title='bbox 923 1823 1024 1880; x_wconf 87' lang='lat' dir='ltr'><strong>tilium</strong></span> <span class='ocrx_word' id='word_1_60' title='bbox 1054 1822 1211 1896; x_wconf 86' lang='lat' dir='ltr'><strong>Stephani,</strong></span> <span class='ocrx_word' id='word_1_61' title='bbox 1243 1837 1340 1880; x_wconf 90' lang='lat' dir='ltr'><strong>unum</strong></span> <span class='ocrx_word' id='word_1_62' title='bbox 1362 1838 1400 1880; x_wconf 92' lang='lat' dir='ltr'><strong>ex</strong></span> <span class='ocrx_word' id='word_1_63' title='bbox 1423 1824 1522 1894; x_wconf 88' lang='lat' dir='ltr'><strong>nobis,</strong></span> 
     </span>
     <span class='ocr_line' id='line_1_12' title="bbox 257 1926 1522 2003; baseline 0.003 -20"><span class='ocrx_word' id='word_1_64' title='bbox 257 1928 373 1985; x_wconf 91' lang='lat' dir='ltr'><strong>scilicet</strong></span> <span class='ocrx_word' id='word_1_65' title='bbox 395 1926 550 1986; x_wconf 91' lang='lat' dir='ltr'><strong>iudicibus</strong></span> <span class='ocrx_word' id='word_1_66' title='bbox 584 1928 737 1986; x_wconf 90' lang='lat' dir='ltr'><strong>nobilium</strong></span> <span class='ocrx_word' id='word_1_67' title='bbox 769 1927 807 1985; x_wconf 94' lang='lat' dir='ltr'><strong>ad</strong></span> <span class='ocrx_word' id='word_1_68' title='bbox 840 1928 1070 2003; x_wconf 86' lang='lat' dir='ltr'><strong>infrascriptam</strong></span> <span class='ocrx_word' id='word_1_69' title='bbox 1094 1929 1326 2002; x_wconf 88' lang='lat' dir='ltr'><strong>inquisicionem</strong></span> <span class='ocrx_word' id='word_1_70' title='bbox 1351 1928 1522 1988; x_wconf 89' lang='lat' dir='ltr'><strong>faciendam</strong></span> 
     </span>
     <span class='ocr_line' id='line_1_13' title="bbox 259 2033 1522 2107; baseline 0.002 -18"><span class='ocrx_word' id='word_1_71' title='bbox 259 2033 396 2105; x_wconf 85' lang='lat' dir='ltr'><strong>legitime</strong></span> <span class='ocrx_word' id='word_1_72' title='bbox 418 2034 673 2103; x_wconf 86' lang='lat' dir='ltr'><strong>destinassemus;</strong></span> <span class='ocrx_word' id='word_1_73' title='bbox 697 2034 823 2092; x_wconf 91' lang='lat' dir='ltr'><strong>tandem</strong></span> <span class='ocrx_word' id='word_1_74' title='bbox 854 2033 936 2092; x_wconf 88' lang='lat' dir='ltr'><strong>idem</strong></span> <span class='ocrx_word' id='word_1_75' title='bbox 967 2033 1078 2093; x_wconf 88' lang='lat' dir='ltr'><strong>exinde</strong></span> <span class='ocrx_word' id='word_1_76' title='bbox 1108 2035 1147 2092; x_wconf 95' lang='lat' dir='ltr'><strong>ad</strong></span> <span class='ocrx_word' id='word_1_77' title='bbox 1180 2050 1234 2092; x_wconf 91' lang='lat' dir='ltr'><strong>nos</strong></span> <span class='ocrx_word' id='word_1_78' title='bbox 1258 2051 1409 2107; x_wconf 69' lang='lat' dir='ltr'><strong>reversus</strong></span> <span class='ocrx_word' id='word_1_79' title='bbox 1432 2035 1522 2093; x_wconf 91' lang='lat' dir='ltr'><strong>nobis</strong></span> 
     </span>
     <span class='ocr_line' id='line_1_14' title="bbox 257 2138 1523 2213; baseline 0.002 -17"><span class='ocrx_word' id='word_1_80' title='bbox 257 2139 364 2196; x_wconf 88' lang='lat' dir='ltr'><strong>retulit</strong></span> <span class='ocrx_word' id='word_1_81' title='bbox 387 2140 446 2196; x_wconf 91' lang='lat' dir='ltr'><strong>isto</strong></span> <span class='ocrx_word' id='word_1_82' title='bbox 469 2138 578 2197; x_wconf 91' lang='lat' dir='ltr'><strong>modo:</strong></span> <span class='ocrx_word' id='word_1_83' title='bbox 603 2139 687 2213; x_wconf 93' lang='lat' dir='ltr'><strong>quod</strong></span> <span class='ocrx_word' id='word_1_84' title='bbox 708 2141 775 2213; x_wconf 90' lang='lat' dir='ltr'><strong>ipse</strong></span> <span class='ocrx_word' id='word_1_85' title='bbox 798 2140 839 2197; x_wconf 92' lang='lat' dir='ltr'><strong>ab</strong></span> <span class='ocrx_word' id='word_1_86' title='bbox 862 2142 1007 2199; x_wconf 91' lang='lat' dir='ltr'><strong>omnibus</strong></span> <span class='ocrx_word' id='word_1_87' title='bbox 1030 2141 1144 2212; x_wconf 90' lang='lat' dir='ltr'><strong>quibus</strong></span> <span class='ocrx_word' id='word_1_88' title='bbox 1167 2141 1316 2199; x_wconf 88' lang='lat' dir='ltr'><strong>decuisset</strong></span> <span class='ocrx_word' id='word_1_89' title='bbox 1333 2147 1362 2198; x_wconf 93' lang='lat' dir='ltr'><strong>et</strong></span> <span class='ocrx_word' id='word_1_90' title='bbox 1378 2141 1523 2212; x_wconf 89' lang='lat' dir='ltr'><strong>licuisset,</strong></span> 
     </span>
     <span class='ocr_line' id='line_1_15' title="bbox 258 2246 1524 2320; baseline 0.001 -17"><span class='ocrx_word' id='word_1_91' title='bbox 258 2247 363 2319; x_wconf 90' lang='lat' dir='ltr'><strong>palam</strong></span> <span class='ocrx_word' id='word_1_92' title='bbox 386 2253 415 2304; x_wconf 92' lang='lat' dir='ltr'><strong>et</strong></span> <span class='ocrx_word' id='word_1_93' title='bbox 438 2246 540 2304; x_wconf 88' lang='lat' dir='ltr'><strong>oculte</strong></span> <span class='ocrx_word' id='word_1_94' title='bbox 563 2246 727 2320; x_wconf 92' lang='lat' dir='ltr'><strong>diligenter</strong></span> <span class='ocrx_word' id='word_1_95' title='bbox 749 2246 942 2320; x_wconf 90' lang='lat' dir='ltr'><strong>inquirend0,</strong></span> <span class='ocrx_word' id='word_1_96' title='bbox 973 2248 1051 2304; x_wconf 90' lang='lat' dir='ltr'><strong>hanc</strong></span> <span class='ocrx_word' id='word_1_97' title='bbox 1081 2247 1120 2304; x_wconf 89' lang='lat' dir='ltr'><strong>de</strong></span> <span class='ocrx_word' id='word_1_98' title='bbox 1150 2246 1355 2320; x_wconf 81' lang='lat' dir='ltr'><strong>infrascriptis</strong></span> <span class='ocrx_word' id='word_1_99' title='bbox 1385 2247 1524 2305; x_wconf 87' lang='lat' dir='ltr'><strong>scivisset</strong></span> 
     </span>
     <span class='ocr_line' id='line_1_16' title="bbox 259 2351 1524 2424; baseline 0.002 -17"><span class='ocrx_word' id='word_1_100' title='bbox 259 2351 428 2420; x_wconf 82' lang='lat' dir='ltr'><strong>veritatem,</strong></span> <span class='ocrx_word' id='word_1_101' title='bbox 454 2352 537 2424; x_wconf 90' lang='lat' dir='ltr'><strong>quod</strong></span> <span class='ocrx_word' id='word_1_102' title='bbox 571 2352 742 2424; x_wconf 87' lang='lat' dir='ltr'><strong>Ladislaus,</strong></span> <span class='ocrx_word' id='word_1_103' title='bbox 772 2353 856 2410; x_wconf 88' lang='lat' dir='ltr'><strong>filius</strong></span> <span class='ocrx_word' id='word_1_104' title='bbox 879 2353 1035 2410; x_wconf 91' lang='lat' dir='ltr'><strong>Valentini</strong></span> <span class='ocrx_word' id='word_1_105' title='bbox 1058 2360 1089 2410; x_wconf 90' lang='lat' dir='ltr'><strong>et</strong></span> <span class='ocrx_word' id='word_1_106' title='bbox 1112 2351 1234 2422; x_wconf 88' lang='lat' dir='ltr'><strong>Paulus,</strong></span> <span class='ocrx_word' id='word_1_107' title='bbox 1266 2353 1351 2424; x_wconf 85' lang='lat' dir='ltr'><strong>filius</strong></span> <span class='ocrx_word' id='word_1_108' title='bbox 1374 2353 1464 2424; x_wconf 85' lang='lat' dir='ltr'><strong>Petri,</strong></span> <span class='ocrx_word' id='word_1_109' title='bbox 1488 2369 1524 2410; x_wconf 93' lang='lat' dir='ltr'><strong>ac</strong></span> 
     </span>
     <span class='ocr_line' id='line_1_17' title="bbox 259 2456 1523 2532; baseline 0.003 -20"><span class='ocrx_word' id='word_1_110' title='bbox 259 2456 412 2528; x_wconf 87' lang='lat' dir='ltr'><strong>Nicotaus,</strong></span> <span class='ocrx_word' id='word_1_111' title='bbox 437 2457 520 2515; x_wconf 91' lang='lat' dir='ltr'><strong>filius</strong></span> <span class='ocrx_word' id='word_1_112' title='bbox 544 2458 643 2530; x_wconf 75' lang='lat' dir='ltr'><strong>Nouis,</strong></span> <span class='ocrx_word' id='word_1_113' title='bbox 671 2473 787 2517; x_wconf 90' lang='lat' dir='ltr'><strong>necnon</strong></span> <span class='ocrx_word' id='word_1_114' title='bbox 818 2459 1004 2531; x_wconf 90' lang='lat' dir='ltr'><strong>Dyonisyus‚</strong></span> <span class='ocrx_word' id='word_1_115' title='bbox 1035 2458 1119 2518; x_wconf 88' lang='lat' dir='ltr'><strong>filius</strong></span> <span class='ocrx_word' id='word_1_116' title='bbox 1150 2459 1232 2517; x_wconf 91' lang='lat' dir='ltr'><strong>Petri</strong></span> <span class='ocrx_word' id='word_1_117' title='bbox 1263 2458 1301 2516; x_wconf 94' lang='lat' dir='ltr'><strong>de</strong></span> <span class='ocrx_word' id='word_1_118' title='bbox 1332 2459 1523 2532; x_wconf 91' lang='lat' dir='ltr'><strong>Lompnicha</strong></span> 
     </span>
     <span class='ocr_line' id='line_1_18' title="bbox 258 2563 1522 2639; baseline 0.002 -19"><span class='ocrx_word' id='word_1_119' title='bbox 258 2579 390 2621; x_wconf 90' lang='lat' dir='ltr'><strong>unacum</strong></span> <span class='ocrx_word' id='word_1_120' title='bbox 415 2563 563 2622; x_wconf 90' lang='lat' dir='ltr'><strong>fratribus</strong></span> <span class='ocrx_word' id='word_1_121' title='bbox 587 2565 726 2637; x_wconf 89' lang='lat' dir='ltr'><strong>ipsorum</strong></span> <span class='ocrx_word' id='word_1_122' title='bbox 750 2565 788 2622; x_wconf 91' lang='lat' dir='ltr'><strong>de</strong></span> <span class='ocrx_word' id='word_1_123' title='bbox 811 2563 929 2635; x_wconf 90' lang='lat' dir='ltr'><strong>eadem,</strong></span> <span class='ocrx_word' id='word_1_124' title='bbox 954 2563 1031 2622; x_wconf 86' lang='lat' dir='ltr'><strong>feria</strong></span> <span class='ocrx_word' id='word_1_125' title='bbox 1053 2569 1139 2622; x_wconf 92' lang='lat' dir='ltr'><strong>sexta</strong></span> <span class='ocrx_word' id='word_1_126' title='bbox 1162 2566 1306 2639; x_wconf 89' lang='lat' dir='ltr'><strong>proxima</strong></span> <span class='ocrx_word' id='word_1_127' title='bbox 1323 2572 1393 2639; x_wconf 92' lang='lat' dir='ltr'><strong>post</strong></span> <span class='ocrx_word' id='word_1_128' title='bbox 1410 2563 1522 2622; x_wconf 88' lang='lat' dir='ltr'><strong>festum</strong></span> 
     </span>
     <span class='ocr_line' id='line_1_19' title="bbox 258 2669 1524 2745; baseline 0.002 -20"><span class='ocrx_word' id='word_1_129' title='bbox 258 2669 480 2740; x_wconf 90' lang='lat' dir='ltr'><strong>Penthecostes,</strong></span> <span class='ocrx_word' id='word_1_130' title='bbox 504 2687 584 2728; x_wconf 91' lang='lat' dir='ltr'><strong>nunc</strong></span> <span class='ocrx_word' id='word_1_131' title='bbox 608 2672 799 2743; x_wconf 92' lang='lat' dir='ltr'><strong>preteritum,</strong></span> <span class='ocrx_word' id='word_1_132' title='bbox 824 2670 968 2728; x_wconf 89' lang='lat' dir='ltr'><strong>manibus</strong></span> <span class='ocrx_word' id='word_1_133' title='bbox 990 2671 1118 2728; x_wconf 86' lang='lat' dir='ltr'><strong>armatis</strong></span> <span class='ocrx_word' id='word_1_134' title='bbox 1149 2678 1178 2728; x_wconf 89' lang='lat' dir='ltr'><strong>et</strong></span> <span class='ocrx_word' id='word_1_135' title='bbox 1211 2671 1407 2745; x_wconf 88' lang='lat' dir='ltr'><strong>potenciariis</strong></span> <span class='ocrx_word' id='word_1_136' title='bbox 1430 2685 1524 2745; x_wconf 90' lang='lat' dir='ltr'><strong>super</strong></span> 
     </span>
     <span class='ocr_line' id='line_1_20' title="bbox 257 2775 1519 2850; baseline 0 -18"><span class='ocrx_word' id='word_1_137' title='bbox 257 2777 340 2849; x_wconf 90' lang='lat' dir='ltr'><strong>ipsos</strong></span> <span class='ocrx_word' id='word_1_138' title='bbox 363 2775 506 2837; x_wconf 85' lang='lat' dir='ltr'><strong>iudicem.</strong></span> <span class='ocrx_word' id='word_1_139' title='bbox 532 2777 647 2833; x_wconf 92' lang='lat' dir='ltr'><strong>iuratos</strong></span> <span class='ocrx_word' id='word_1_140' title='bbox 669 2783 698 2834; x_wconf 90' lang='lat' dir='ltr'><strong>et</strong></span> <span class='ocrx_word' id='word_1_141' title='bbox 719 2777 880 2834; x_wconf 87' lang='lat' dir='ltr'><strong>universos</strong></span> <span class='ocrx_word' id='word_1_142' title='bbox 903 2778 987 2834; x_wconf 90' lang='lat' dir='ltr'><strong>cives</strong></span> <span class='ocrx_word' id='word_1_143' title='bbox 1003 2776 1158 2848; x_wconf 89' lang='lat' dir='ltr'><strong>irruendo,</strong></span> <span class='ocrx_word' id='word_1_144' title='bbox 1175 2777 1259 2850; x_wconf 91' lang='lat' dir='ltr'><strong>ipsos</strong></span> <span class='ocrx_word' id='word_1_145' title='bbox 1282 2776 1453 2834; x_wconf 89' lang='lat' dir='ltr'><strong>interficere</strong></span> <span class='ocrx_word' id='word_1_146' title='bbox 1469 2791 1519 2833; x_wconf 93' lang='lat' dir='ltr'><strong>vo·</strong></span> 
     </span>
     <span class='ocr_line' id='line_1_21' title="bbox 257 2881 1583 2955; baseline 0.002 -17"><span class='ocrx_word' id='word_1_147' title='bbox 257 2881 385 2938; x_wconf 91' lang='lat' dir='ltr'><strong>luissent</strong></span> <span class='ocrx_word' id='word_1_148' title='bbox 416 2888 445 2940; x_wconf 91' lang='lat' dir='ltr'><strong>et</strong></span> <span class='ocrx_word' id='word_1_149' title='bbox 468 2882 590 2954; x_wconf 91' lang='lat' dir='ltr'><strong>aliquos</strong></span> <span class='ocrx_word' id='word_1_150' title='bbox 613 2899 651 2939; x_wconf 92' lang='lat' dir='ltr'><strong>ex</strong></span> <span class='ocrx_word' id='word_1_151' title='bbox 674 2883 749 2955; x_wconf 89' lang='lat' dir='ltr'><strong>ipsis</strong></span> <span class='ocrx_word' id='word_1_152' title='bbox 782 2883 893 2940; x_wconf 91' lang='lat' dir='ltr'><strong>ictibus</strong></span> <span class='ocrx_word' id='word_1_153' title='bbox 923 2883 1092 2955; x_wconf 88' lang='lat' dir='ltr'><strong>sagitarum</strong></span> <span class='ocrx_word' id='word_1_154' title='bbox 1123 2883 1311 2940; x_wconf 86' lang='lat' dir='ltr'><strong>affecissent:</strong></span> <span class='ocrx_word' id='word_1_155' title='bbox 1343 2881 1381 2939; x_wconf 92' lang='lat' dir='ltr'><strong>de</strong></span> <span class='ocrx_word' id='word_1_156' title='bbox 1403 2897 1439 2940; x_wconf 91' lang='lat' dir='ltr'><strong>eo</strong></span> <span class='ocrx_word' id='word_1_157' title='bbox 1463 2898 1522 2941; x_wconf 92' lang='lat' dir='ltr'><strong>non</strong></span> <span class='ocrx_word' id='word_1_158' title='bbox 1577 2911 1583 2922; x_wconf 93' lang='lat'><em>·</em></span> 
     </span>
     <span class='ocr_line' id='line_1_22' title="bbox 256 2987 1523 3062; baseline 0.002 -18"><span class='ocrx_word' id='word_1_159' title='bbox 256 2989 398 3058; x_wconf 89' lang='lat' dir='ltr'><strong>contenti,</strong></span> <span class='ocrx_word' id='word_1_160' title='bbox 423 2989 503 3044; x_wconf 90' lang='lat' dir='ltr'><strong>circa</strong></span> <span class='ocrx_word' id='word_1_161' title='bbox 527 2987 639 3045; x_wconf 89' lang='lat' dir='ltr'><strong>festum</strong></span> <span class='ocrx_word' id='word_1_162' title='bbox 664 2989 752 3045; x_wconf 87' lang='lat' dir='ltr'><strong>beate</strong></span> <span class='ocrx_word' id='word_1_163' title='bbox 776 2989 969 3060; x_wconf 90' lang='lat' dir='ltr'><strong>Margarethe</strong></span> <span class='ocrx_word' id='word_1_164' title='bbox 993 2988 1122 3060; x_wconf 88' lang='lat' dir='ltr'><strong>virginis</strong></span> <span class='ocrx_word' id='word_1_165' title='bbox 1138 2988 1281 3061; x_wconf 88' lang='lat' dir='ltr'><strong>proxime</strong></span> <span class='ocrx_word' id='word_1_166' title='bbox 1304 2989 1446 3062; x_wconf 85' lang='lat' dir='ltr'><strong>elapsum</strong></span> <span class='ocrx_word' id='word_1_167' title='bbox 1462 3002 1523 3046; x_wconf 89' lang='lat' dir='ltr'><strong>non</strong></span> 
     </span>
     <span class='ocr_line' id='line_1_23' title="bbox 257 3092 1523 3168; baseline 0.001 -18"><span class='ocrx_word' id='word_1_168' title='bbox 257 3093 394 3150; x_wconf 91' lang='lat' dir='ltr'><strong>modicas</strong></span> <span class='ocrx_word' id='word_1_169' title='bbox 426 3092 530 3166; x_wconf 89' lang='lat' dir='ltr'><strong>fruges</strong></span> <span class='ocrx_word' id='word_1_170' title='bbox 560 3093 715 3152; x_wconf 93' lang='lat' dir='ltr'><strong>dictorum</strong></span> <span class='ocrx_word' id='word_1_171' title='bbox 746 3095 861 3152; x_wconf 90' lang='lat' dir='ltr'><strong>civium</strong></span> <span class='ocrx_word' id='word_1_172' title='bbox 892 3095 973 3151; x_wconf 90' lang='lat' dir='ltr'><strong>intra</strong></span> <span class='ocrx_word' id='word_1_173' title='bbox 1003 3099 1100 3152; x_wconf 91' lang='lat' dir='ltr'><strong>metas</strong></span> <span class='ocrx_word' id='word_1_174' title='bbox 1131 3093 1291 3151; x_wconf 91' lang='lat' dir='ltr'><strong>cuiusdam</strong></span> <span class='ocrx_word' id='word_1_175' title='bbox 1322 3095 1523 3168; x_wconf 88' lang='lat' dir='ltr'><strong>possessionis</strong></span> 
     </span>
     <span class='ocr_line' id='line_1_24' title="bbox 257 3199 1521 3273; baseline 0.001 -18"><span class='ocrx_word' id='word_1_176' title='bbox 257 3201 397 3272; x_wconf 91' lang='lat' dir='ltr'><strong>ipsorum</strong></span> <span class='ocrx_word' id='word_1_177' title='bbox 421 3200 535 3257; x_wconf 88' lang='lat' dir='ltr'><strong>civium</strong></span> <span class='ocrx_word' id='word_1_178' title='bbox 561 3199 722 3258; x_wconf 82' lang='lat' dir='ltr'><strong>Petrouina</strong></span> <span class='ocrx_word' id='word_1_179' title='bbox 750 3201 913 3257; x_wconf 85' lang='lat' dir='ltr'><strong>existentes</strong></span> <span class='ocrx_word' id='word_1_180' title='bbox 944 3205 1060 3257; x_wconf 90' lang='lat' dir='ltr'><strong>metere</strong></span> <span class='ocrx_word' id='word_1_181' title='bbox 1083 3207 1112 3256; x_wconf 90' lang='lat' dir='ltr'><strong>et</strong></span> <span class='ocrx_word' id='word_1_182' title='bbox 1135 3206 1294 3273; x_wconf 90' lang='lat' dir='ltr'><strong>asportare</strong></span> <span class='ocrx_word' id='word_1_183' title='bbox 1317 3205 1347 3256; x_wconf 91' lang='lat' dir='ltr'><strong>et</strong></span> <span class='ocrx_word' id='word_1_184' title='bbox 1370 3199 1521 3272; x_wconf 89' lang='lat' dir='ltr'><strong>quosdam</strong></span> 
     </span>
     <span class='ocr_line' id='line_1_25' title="bbox 257 3304 1519 3379; baseline 0 -16"><span class='ocrx_word' id='word_1_185' title='bbox 257 3306 435 3377; x_wconf 86' lang='lat' dir='ltr'><strong>iobagiones</strong></span> <span class='ocrx_word' id='word_1_186' title='bbox 459 3304 611 3362; x_wconf 91' lang='lat' dir='ltr'><strong>dictorum</strong></span> <span class='ocrx_word' id='word_1_187' title='bbox 636 3306 751 3362; x_wconf 89' lang='lat' dir='ltr'><strong>civium</strong></span> <span class='ocrx_word' id='word_1_188' title='bbox 776 3306 805 3362; x_wconf 91' lang='lat' dir='ltr'><strong>in</strong></span> <span class='ocrx_word' id='word_1_189' title='bbox 836 3305 944 3363; x_wconf 89' lang='lat' dir='ltr'><strong>eadem</strong></span> <span class='ocrx_word' id='word_1_190' title='bbox 976 3306 1167 3379; x_wconf 87' lang='lat' dir='ltr'><strong>possessione</strong></span> <span class='ocrx_word' id='word_1_191' title='bbox 1195 3305 1358 3363; x_wconf 84' lang='lat' dir='ltr'><strong>l’etrouina</strong></span> <span class='ocrx_word' id='word_1_192' title='bbox 1382 3319 1519 3363; x_wconf 91' lang='lat' dir='ltr'><strong>commo·</strong></span> 
     </span>
     <span class='ocr_line' id='line_1_26' title="bbox 257 3411 1521 3485; baseline 0.001 -17"><span class='ocrx_word' id='word_1_193' title='bbox 257 3419 358 3469; x_wconf 86' lang='lat' dir='ltr'><strong>rantes</strong></span> <span class='ocrx_word' id='word_1_194' title='bbox 381 3411 480 3483; x_wconf 84' lang='lat' dir='ltr'><strong>rigide</strong></span> <span class='ocrx_word' id='word_1_195' title='bbox 503 3412 631 3485; x_wconf 91' lang='lat' dir='ltr'><strong>spoliari</strong></span> <span class='ocrx_word' id='word_1_196' title='bbox 654 3417 684 3468; x_wconf 91' lang='lat' dir='ltr'><strong>et</strong></span> <span class='ocrx_word' id='word_1_197' title='bbox 707 3411 789 3484; x_wconf 90' lang='lat' dir='ltr'><strong>quod</strong></span> <span class='ocrx_word' id='word_1_198' title='bbox 814 3413 895 3469; x_wconf 91' lang='lat' dir='ltr'><strong>circa</strong></span> <span class='ocrx_word' id='word_1_199' title='bbox 919 3411 1033 3468; x_wconf 88' lang='lat' dir='ltr'><strong>festum</strong></span> <span class='ocrx_word' id='word_1_200' title='bbox 1057 3413 1140 3469; x_wconf 90' lang='lat' dir='ltr'><strong>beati</strong></span> <span class='ocrx_word' id='word_1_201' title='bbox 1162 3411 1372 3470; x_wconf 90' lang='lat' dir='ltr'><strong>Bartholomei</strong></span> <span class='ocrx_word' id='word_1_202' title='bbox 1387 3413 1521 3485; x_wconf 91' lang='lat' dir='ltr'><strong>apostoli</strong></span> 
     </span>
     <span class='ocr_line' id='line_1_27' title="bbox 256 3517 1523 3592; baseline 0.001 -18"><span class='ocrx_word' id='word_1_203' title='bbox 256 3518 294 3574; x_wconf 93' lang='lat' dir='ltr'><strong>de</strong></span> <span class='ocrx_word' id='word_1_204' title='bbox 318 3533 399 3574; x_wconf 90' lang='lat' dir='ltr'><strong>novo</strong></span> <span class='ocrx_word' id='word_1_205' title='bbox 422 3523 654 3589; x_wconf 88' lang='lat' dir='ltr'><strong>retrogressum‚</strong></span> <span class='ocrx_word' id='word_1_206' title='bbox 678 3518 829 3576; x_wconf 89' lang='lat' dir='ltr'><strong>nonnulla</strong></span> <span class='ocrx_word' id='word_1_207' title='bbox 853 3517 958 3575; x_wconf 84' lang='lat' dir='ltr'><strong>senilia</strong></span> <span class='ocrx_word' id='word_1_208' title='bbox 980 3533 1034 3574; x_wconf 90' lang='lat' dir='ltr'><strong>seu</strong></span> <span class='ocrx_word' id='word_1_209' title='bbox 1058 3523 1147 3592; x_wconf 88' lang='lat' dir='ltr'><strong>prata</strong></span> <span class='ocrx_word' id='word_1_210' title='bbox 1167 3517 1322 3576; x_wconf 92' lang='lat' dir='ltr'><strong>dictorum</strong></span> <span class='ocrx_word' id='word_1_211' title='bbox 1339 3519 1454 3575; x_wconf 91' lang='lat' dir='ltr'><strong>civium</strong></span> <span class='ocrx_word' id='word_1_212' title='bbox 1471 3517 1523 3575; x_wconf 90' lang='lat' dir='ltr'><strong>de·</strong></span> 
     </span>
     <span class='ocr_line' id='line_1_28' title="bbox 257 3622 1523 3698; baseline 0.001 -18"><span class='ocrx_word' id='word_1_213' title='bbox 257 3623 365 3680; x_wconf 88' lang='lat' dir='ltr'><strong>falcari</strong></span> <span class='ocrx_word' id='word_1_214' title='bbox 396 3630 425 3680; x_wconf 93' lang='lat' dir='ltr'><strong>et</strong></span> <span class='ocrx_word' id='word_1_215' title='bbox 456 3625 607 3697; x_wconf 87' lang='lat' dir='ltr'><strong>asportari</strong></span> <span class='ocrx_word' id='word_1_216' title='bbox 639 3631 669 3681; x_wconf 89' lang='lat' dir='ltr'><strong>et</strong></span> <span class='ocrx_word' id='word_1_217' title='bbox 700 3622 856 3697; x_wconf 89' lang='lat' dir='ltr'><strong>quandam</strong></span> <span class='ocrx_word' id='word_1_218' title='bbox 887 3629 1002 3680; x_wconf 90' lang='lat' dir='ltr'><strong>metam</strong></span> <span class='ocrx_word' id='word_1_219' title='bbox 1033 3624 1174 3698; x_wconf 90' lang='lat' dir='ltr'><strong>ipsorum</strong></span> <span class='ocrx_word' id='word_1_220' title='bbox 1204 3625 1320 3682; x_wconf 86' lang='lat' dir='ltr'><strong>civium</strong></span> <span class='ocrx_word' id='word_1_221' title='bbox 1351 3623 1468 3681; x_wconf 89' lang='lat' dir='ltr'><strong>destrui</strong></span> <span class='ocrx_word' id='word_1_222' title='bbox 1493 3629 1523 3681; x_wconf 89' lang='lat' dir='ltr'><strong>et</strong></span> 
     </span>
     <span class='ocr_line' id='line_1_29' title="bbox 256 3729 1522 3803; baseline 0.001 -18"><span class='ocrx_word' id='word_1_223' title='bbox 256 3730 427 3787; x_wconf 87' lang='lat' dir='ltr'><strong>annihilari.</strong></span> <span class='ocrx_word' id='word_1_224' title='bbox 452 3730 580 3803; x_wconf 88' lang='lat' dir='ltr'><strong>Insuper</strong></span> <span class='ocrx_word' id='word_1_225' title='bbox 602 3730 780 3802; x_wconf 87' lang='lat' dir='ltr'><strong>Gregorius,</strong></span> <span class='ocrx_word' id='word_1_226' title='bbox 811 3729 963 3802; x_wconf 88' lang='lat' dir='ltr'><strong>Georgius</strong></span> <span class='ocrx_word' id='word_1_227' title='bbox 994 3737 1024 3787; x_wconf 88' lang='lat' dir='ltr'><strong>et</strong></span> <span class='ocrx_word' id='word_1_228' title='bbox 1056 3729 1171 3800; x_wconf 88' lang='lat' dir='ltr'><strong>Petrus,</strong></span> <span class='ocrx_word' id='word_1_229' title='bbox 1203 3730 1286 3788; x_wconf 89' lang='lat' dir='ltr'><strong>filius</strong></span> <span class='ocrx_word' id='word_1_230' title='bbox 1315 3731 1461 3788; x_wconf 88' lang='lat' dir='ltr'><strong>Marthini</strong></span> <span class='ocrx_word' id='word_1_231' title='bbox 1484 3729 1522 3786; x_wconf 89' lang='lat' dir='ltr'><strong>de</strong></span> 
     </span>
     <span class='ocr_line' id='line_1_30' title="bbox 255 3835 1522 3910; baseline -0.001 -16"><span class='ocrx_word' id='word_1_232' title='bbox 255 3837 395 3909; x_wconf 88' lang='lat' dir='ltr'><strong>Oressya,</strong></span> <span class='ocrx_word' id='word_1_233' title='bbox 419 3852 550 3894; x_wconf 90' lang='lat' dir='ltr'><strong>unacum</strong></span> <span class='ocrx_word' id='word_1_234' title='bbox 576 3836 723 3894; x_wconf 88' lang='lat' dir='ltr'><strong>fratribus</strong></span> <span class='ocrx_word' id='word_1_235' title='bbox 747 3837 887 3910; x_wconf 90' lang='lat' dir='ltr'><strong>ipsorum</strong></span> <span class='ocrx_word' id='word_1_236' title='bbox 911 3837 991 3894; x_wconf 90' lang='lat' dir='ltr'><strong>circa</strong></span> <span class='ocrx_word' id='word_1_237' title='bbox 1015 3835 1190 3910; x_wconf 90' lang='lat' dir='ltr'><strong>predictum</strong></span> <span class='ocrx_word' id='word_1_238' title='bbox 1214 3835 1326 3894; x_wconf 88' lang='lat' dir='ltr'><strong>festum</strong></span> <span class='ocrx_word' id='word_1_239' title='bbox 1351 3837 1432 3894; x_wconf 91' lang='lat' dir='ltr'><strong>beati</strong></span> <span class='ocrx_word' id='word_1_240' title='bbox 1450 3836 1522 3893; x_wconf 83' lang='lat' dir='ltr'><strong>Bar·</strong></span> 
     </span>
     <span class='ocr_line' id='line_1_31' title="bbox 255 3943 1521 4016; baseline 0 -18"><span class='ocrx_word' id='word_1_241' title='bbox 255 3943 404 3999; x_wconf 88' lang='lat' dir='ltr'><strong>tholomei</strong></span> <span class='ocrx_word' id='word_1_242' title='bbox 423 3943 462 3999; x_wconf 91' lang='lat' dir='ltr'><strong>ad</strong></span> <span class='ocrx_word' id='word_1_243' title='bbox 487 3944 580 4000; x_wconf 90' lang='lat' dir='ltr'><strong>aliam</strong></span> <span class='ocrx_word' id='word_1_244' title='bbox 606 3944 830 4016; x_wconf 88' lang='lat' dir='ltr'><strong>possessionem</strong></span> <span class='ocrx_word' id='word_1_245' title='bbox 846 3943 1000 4000; x_wconf 91' lang='lat' dir='ltr'><strong>dictorum</strong></span> <span class='ocrx_word' id='word_1_246' title='bbox 1017 3943 1133 4000; x_wconf 90' lang='lat' dir='ltr'><strong>civium</strong></span> <span class='ocrx_word' id='word_1_247' title='bbox 1149 3943 1288 4000; x_wconf 90' lang='lat' dir='ltr'><strong>Hrascha</strong></span> <span class='ocrx_word' id='word_1_248' title='bbox 1303 3948 1521 4015; x_wconf 88' lang='lat' dir='ltr'><strong>nuncupatam,</strong></span> 
     </span>
     <span class='ocr_line' id='line_1_32' title="bbox 256 4045 1522 4122; baseline -0.001 -17"><span class='ocrx_word' id='word_1_249' title='bbox 256 4047 414 4118; x_wconf 90' lang='lat' dir='ltr'><strong>veniend0,</strong></span> <span class='ocrx_word' id='word_1_250' title='bbox 437 4048 590 4122; x_wconf 90' lang='lat' dir='ltr'><strong>quosdam</strong></span> <span class='ocrx_word' id='word_1_251' title='bbox 613 4049 791 4121; x_wconf 90' lang='lat' dir='ltr'><strong>iobagiones</strong></span> <span class='ocrx_word' id='word_1_252' title='bbox 815 4049 955 4122; x_wconf 91' lang='lat' dir='ltr'><strong>ipsorum</strong></span> <span class='ocrx_word' id='word_1_253' title='bbox 971 4050 1002 4105; x_wconf 93' lang='lat' dir='ltr'><strong>in</strong></span> <span class='ocrx_word' id='word_1_254' title='bbox 1018 4047 1126 4105; x_wconf 87' lang='lat' dir='ltr'><strong>eadem</strong></span> <span class='ocrx_word' id='word_1_255' title='bbox 1150 4047 1317 4106; x_wconf 89' lang='lat' dir='ltr'><strong>residentes</strong></span> <span class='ocrx_word' id='word_1_256' title='bbox 1339 4045 1522 4121; x_wconf 88' lang='lat' dir='ltr'><strong>reperiendo</strong></span> 
     </span>
     <span class='ocr_line' id='line_1_33' title="bbox 255 4151 1518 4228; baseline -0.001 -18"><span class='ocrx_word' id='word_1_257' title='bbox 255 4154 422 4211; x_wconf 90' lang='lat' dir='ltr'><strong>enormiter</strong></span> <span class='ocrx_word' id='word_1_258' title='bbox 444 4155 603 4212; x_wconf 89' lang='lat' dir='ltr'><strong>verberari</strong></span> <span class='ocrx_word' id='word_1_259' title='bbox 635 4159 665 4212; x_wconf 87' lang='lat' dir='ltr'><strong>et</strong></span> <span class='ocrx_word' id='word_1_260' title='bbox 695 4155 823 4228; x_wconf 88' lang='lat' dir='ltr'><strong>spoliari</strong></span> <span class='ocrx_word' id='word_1_261' title='bbox 855 4161 885 4211; x_wconf 89' lang='lat' dir='ltr'><strong>et</strong></span> <span class='ocrx_word' id='word_1_262' title='bbox 915 4153 1049 4226; x_wconf 91' lang='lat' dir='ltr'><strong>quedam</strong></span> <span class='ocrx_word' id='word_1_263' title='bbox 1075 4153 1182 4210; x_wconf 87' lang='lat' dir='ltr'><strong>senilia</strong></span> <span class='ocrx_word' id='word_1_264' title='bbox 1205 4152 1353 4210; x_wconf 89' lang='lat' dir='ltr'><strong>defalcari</strong></span> <span class='ocrx_word' id='word_1_265' title='bbox 1377 4151 1518 4210; x_wconf 87' lang='lat' dir='ltr'><strong>fecissent</strong></span> 
     </span>
     <span class='ocr_line' id='line_1_34' title="bbox 254 4258 1520 4335; baseline -0.002 -18"><span class='ocrx_word' id='word_1_266' title='bbox 254 4261 383 4334; x_wconf 90' lang='lat' dir='ltr'><strong>propria</strong></span> <span class='ocrx_word' id='word_1_267' title='bbox 404 4262 544 4335; x_wconf 90' lang='lat' dir='ltr'><strong>ipsorum</strong></span> <span class='ocrx_word' id='word_1_268' title='bbox 562 4261 702 4334; x_wconf 91' lang='lat' dir='ltr'><strong>potencia</strong></span> <span class='ocrx_word' id='word_1_269' title='bbox 718 4260 880 4330; x_wconf 88' lang='lat' dir='ltr'><strong>mediante,</strong></span> <span class='ocrx_word' id='word_1_270' title='bbox 897 4259 997 4333; x_wconf 91' lang='lat' dir='ltr'><strong>culpis</strong></span> <span class='ocrx_word' id='word_1_271' title='bbox 1013 4275 1121 4317; x_wconf 86' lang='lat' dir='ltr'><strong>eorum</strong></span> <span class='ocrx_word' id='word_1_272' title='bbox 1138 4260 1266 4317; x_wconf 87' lang='lat' dir='ltr'><strong>minime</strong></span> <span class='ocrx_word' id='word_1_273' title='bbox 1282 4258 1520 4331; x_wconf 88' lang='lat' dir='ltr'><strong>requirentibus,</strong></span> 
     </span>
     <span class='ocr_line' id='line_1_35' title="bbox 254 4365 1522 4440; baseline -0.002 -16"><span class='ocrx_word' id='word_1_274' title='bbox 254 4367 284 4423; x_wconf 91' lang='lat' dir='ltr'><strong>in</strong></span> <span class='ocrx_word' id='word_1_275' title='bbox 308 4366 510 4440; x_wconf 52' lang='lat' dir='ltr'><strong>prei‘udicium</strong></span> <span class='ocrx_word' id='word_1_276' title='bbox 536 4366 716 4424; x_wconf 87' lang='lat' dir='ltr'><strong>eorumdem</strong></span> <span class='ocrx_word' id='word_1_277' title='bbox 740 4365 832 4422; x_wconf 90' lang='lat' dir='ltr'><strong>valde</strong></span> <span class='ocrx_word' id='word_1_278' title='bbox 848 4381 1012 4437; x_wconf 90' lang='lat' dir='ltr'><strong>magnum;</strong></span> <span class='ocrx_word' id='word_1_279' title='bbox 1037 4367 1090 4422; x_wconf 91' lang='lat' dir='ltr'><strong>lite</strong></span> <span class='ocrx_word' id='word_1_280' title='bbox 1113 4371 1216 4422; x_wconf 91' lang='lat' dir='ltr'><strong>tamen</strong></span> <span class='ocrx_word' id='word_1_281' title='bbox 1241 4366 1319 4422; x_wconf 91' lang='lat' dir='ltr'><strong>inter</strong></span> <span class='ocrx_word' id='word_1_282' title='bbox 1342 4365 1426 4438; x_wconf 89' lang='lat' dir='ltr'><strong>ipsos</strong></span> <span class='ocrx_word' id='word_1_283' title='bbox 1449 4380 1522 4437; x_wconf 87' lang='lat' dir='ltr'><strong>pen·</strong></span> 
     </span>
     <span class='ocr_line' id='line_1_36' title="bbox 255 4469 1522 4546; baseline -0.002 -18"><span class='ocrx_word' id='word_1_284' title='bbox 255 4471 352 4530; x_wconf 90' lang='lat' dir='ltr'><strong>dente.</strong></span> <span class='ocrx_word' id='word_1_285' title='bbox 366 4473 481 4530; x_wconf 89' lang='lat' dir='ltr'><strong>Datum</strong></span> <span class='ocrx_word' id='word_1_286' title='bbox 494 4471 651 4546; x_wconf 88' lang='lat' dir='ltr'><strong>Zagrabie‚</strong></span> <span class='ocrx_word' id='word_1_287' title='bbox 669 4471 793 4530; x_wconf 91' lang='lat' dir='ltr'><strong>infesto</strong></span> <span class='ocrx_word' id='word_1_288' title='bbox 811 4472 892 4528; x_wconf 90' lang='lat' dir='ltr'><strong>beati</strong></span> <span class='ocrx_word' id='word_1_289' title='bbox 911 4471 1012 4544; x_wconf 89' lang='lat' dir='ltr'><strong>Egidii</strong></span> <span class='ocrx_word' id='word_1_290' title='bbox 1024 4472 1153 4528; x_wconf 86' lang='lat' dir='ltr'><strong>abbatis.</strong></span> <span class='ocrx_word' id='word_1_291' title='bbox 1172 4473 1260 4528; x_wconf 89' lang='lat' dir='ltr'><strong>Anno</strong></span> <span class='ocrx_word' id='word_1_292' title='bbox 1277 4469 1395 4528; x_wconf 90' lang='lat' dir='ltr'><strong>domini</strong></span> <span class='ocrx_word' id='word_1_293' title='bbox 1413 4469 1522 4526; x_wconf 83' lang='lat' dir='ltr'>MCCC</span> 
     </span>
     <span class='ocr_line' id='line_1_37' title="bbox 253 4580 1520 4653; baseline 0.001 -17"><span class='ocrx_word' id='word_1_294' title='bbox 253 4580 453 4652; x_wconf 89' lang='lat' dir='ltr'><strong>nonagesimo</strong></span> <span class='ocrx_word' id='word_1_295' title='bbox 476 4581 590 4653; x_wconf 91' lang='lat' dir='ltr'><strong>quinto.</strong></span> <span class='ocrx_word' id='word_1_296' title='bbox 1516 4591 1520 4600; x_wconf 93' lang='grc'><strong><em>·</em></strong></span> 
     </span>
    </p>
   </div>
   <div class='ocr_carea' id='block_1_7' title="bbox 255 4728 1524 4884">
    <p class='ocr_par' dir='ltr' id='par_1_7' title="bbox 255 4728 1524 4884">
     <span class='ocr_line' id='line_1_38' title="bbox 345 4728 1524 4798; baseline -0.003 -17"><span class='ocrx_word' id='word_1_297' title='bbox 345 4731 484 4798; x_wconf 85' lang='lat' dir='ltr'><strong>Originalc</strong></span> <span class='ocrx_word' id='word_1_298' title='bbox 505 4733 531 4784; x_wconf 91' lang='lat' dir='ltr'><strong>in</strong></span> <span class='ocrx_word' id='word_1_299' title='bbox 551 4733 649 4790; x_wconf 85' lang='lat' dir='ltr'><strong>charta,</strong></span> <span class='ocrx_word' id='word_1_300' title='bbox 669 4734 722 4782; x_wconf 91' lang='lat' dir='ltr'><strong>duo</strong></span> <span class='ocrx_word' id='word_1_301' title='bbox 742 4731 832 4797; x_wconf 82' lang='lat' dir='ltr'><strong>sigilla</strong></span> <span class='ocrx_word' id='word_1_302' title='bbox 852 4746 866 4780; x_wconf 87' lang='lat' dir='ltr'><strong>a</strong></span> <span class='ocrx_word' id='word_1_303' title='bbox 887 4736 962 4796; x_wconf 85' lang='lat' dir='ltr'><strong>tergo</strong></span> <span class='ocrx_word' id='word_1_304' title='bbox 985 4745 1117 4795; x_wconf 75' lang='lat' dir='ltr'><strong>appresso.</strong></span> <span class='ocrx_word' id='word_1_305' title='bbox 1144 4731 1174 4780; x_wconf 93' lang='lat' dir='ltr'><strong>In</strong></span> <span class='ocrx_word' id='word_1_306' title='bbox 1201 4730 1310 4780; x_wconf 82' lang='lat' dir='ltr'><strong>archivo</strong></span> <span class='ocrx_word' id='word_1_307' title='bbox 1330 4730 1377 4779; x_wconf 91' lang='lat' dir='ltr'><strong>lib.</strong></span> <span class='ocrx_word' id='word_1_308' title='bbox 1407 4744 1460 4793; x_wconf 77' lang='lat' dir='ltr'><strong>reg.</strong></span> <span class='ocrx_word' id='word_1_309' title='bbox 1481 4728 1524 4778; x_wconf 88' lang='lat' dir='ltr'><strong>civ</strong></span> 
     </span>
     <span class='ocr_line' id='line_1_39' title="bbox 255 4821 360 4884; baseline 0.01 -15"><span class='ocrx_word' id='word_1_310' title='bbox 255 4821 360 4884; x_wconf 80' lang='lat' dir='ltr'><strong>zagrab.</strong></span> 
     </span>
    </p>
   </div>
   <div class='ocr_carea' id='block_1_8' title="bbox 0 0 1916 5806">
    <p class='ocr_par' dir='ltr' id='par_1_8' title="bbox 0 0 1916 5806">
     <span class='ocr_line' id='line_1_40' title="bbox 0 0 1916 5806; baseline 0 0"><span class='ocrx_word' id='word_1_311' title='bbox 0 0 1916 5806; x_wconf 95' lang='lat' dir='ltr'><strong> </strong></span> 
     </span>
    </p>
   </div>
  </div>
 </body>
</html>
