3600 5804
524 563 598 620 Doc.
622 574 690 640 237.
713 559 784 641 238.
811 597 848 607 —
872 565 928 623 An.
952 561 1163 644 1356—1357.
1414 587 1473 645 2¹3

210 758 290 815 hano
313 757 352 814 de
377 759 525 831 Machow,
548 761 699 833 magistro
732 761 915 820 [eustachio
946 763 1043 820 tocius
1075 763 1238 822 Sclauonie
1262 767 1411 823 banatum
1436 775 1477 824 te·

206 871 296 920 nente
319 871 349 922 et
371 867 485 924 comite
508 867 696 939 symigiensi,
720 868 852 924 tolnensi
883 876 911 925 et
942 870 1089 940 crisiensi,
1123 871 1271 942 Dyonisio
1297 887 1479 944 agazonum2

208 968 330 1026 Leukus
353 969 568 1044 dapiferorum
589 980 619 1029 et
643 973 870 1046 pincernarum,
894 991 930 1031 ac
952 974 1081 1046 Thoma,
1106 976 1172 1033 filio
1194 977 1283 1040 Petri,
1308 976 1476 1053 janitorum

206 1083 384 1134 nostrorum
409 1079 575 1150 magistris,
599 1087 629 1136 et
653 1078 796 1152 Symone‚
821 1080 889 1138 filio
909 1083 1057 1142 Mauricii.
1074 1085 1186 1140 comite
1202 1085 1380 1157 posoniensi
1396 1086 1479 1142 aliis-

206 1199 266 1255 que
289 1199 385 1256 quam
408 1184 553 1258 pluribus
575 1185 662 1258 regni
686 1187 782 1243 nostri
805 1188 968 1245 comitatus
992 1190 1165 1246 tenentibus
1189 1197 1218 1246 et
1242 1191 1379 1248 honores.

295 1319 436 1384 Originale
455 1319 482 1369 iu
502 1321 661 1380 membrana,
681 1319 801 1386 sigillum
820 1325 947 1374 avulsum.
969 1324 999 1374 lu
1018 1325 1088 1374 arch.
1108 1341 1165 1376 ven.
1186 1326 1263 1392 capit.
1283 1327 1387 1391 zagrab.
1412 1325 1465 1376 lasc

208 1411 247 1462 70.
267 1423 306 1457 nr.
331 1409 368 1458 16.

794 1573 880 1641 237.

312 1718 388 1766 Anno
410 1717 483 1774 1356.
505 1727 544 1774 25.
564 1714 686 1780 Augusti.
707 1718 786 1781 Apud
806 1717 907 1766 Villam
925 1733 1026 1766 novam.

359 1842 522 1917 Stephanus
546 1845 605 1901 III.
629 1845 730 1902 electus
752 1845 896 1919 ept'scapas
918 1845 1122 1918 zagrabiensis,
1144 1854 1324 1904 menearatur.
1427 1885 1433 1896 ·

297 1987 491 2045 Innocentius
516 1989 811 2062 episcopusservus
834 2004 996 2046 servorum
1020 1987 1077 2046 dei.
1106 1989 1275 2046 Carissimo
1297 1988 1328 2046 in
1353 1987 1477 2048 Christo

210 2095 277 2152 filio
300 2095 460 2153 Ludouico
482 2096 549 2168 regi
572 2095 708 2168 Vngarie
738 2097 862 2166 illustri,
893 2097 1026 2153 salutem
1051 2105 1081 2154 et
1105 2097 1311 2169 apostolicam
1335 2095 1478 2153 benedic·

209 2203 332 2260 tionem.
356 2201 498 2260 Dilectus
529 2202 613 2259 filius
643 2201 827 2276 Stephanus
859 2204 974 2260 electus
1001 2203 1217 2275 zagrabiensis,
1243 2209 1426 2276 procurator
1448 2207 1478 2260 et

211 2309 336 2366 nuntius
361 2313 439 2378 tuus,
463 2307 502 2365 ad
527 2307 694 2383 petendum
717 2308 842 2366 nomine
866 2313 919 2365 tuo
936 2310 1069 2366 verbum
1086 2310 1186 2366 crucis
1202 2307 1356 2383 predicari
1372 2313 1477 2366 contra

209 2413 360 2471 hereticos
383 2421 413 2470 et
436 2412 577 2472 infideles
600 2413 687 2486 regni
711 2414 816 2472 Rassie
841 2414 871 2472 in
897 2413 1039 2472 favorem
1062 2415 1114 2486 tui,
1139 2415 1193 2487 qui
1216 2415 1367 2473 hereticos
1387 2423 1417 2472 et
1434 2415 1477 2472 in·

207 2519 316 2578 fideles
340 2521 424 2594 ipsos
448 2519 479 2576 in
503 2520 617 2577 virtute
648 2519 766 2578 domini
798 2536 976 2594 expugnare
1010 2521 1166 2594 proponis,
1190 2536 1226 2578 ac
1250 2519 1416 2578 delendam
1439 2519 1477 2577 de

207 2642 303 2698 regno
327 2626 396 2700 ipso
419 2626 589 2683 hereticam
612 2627 807 2700 pravitatem,
841 2625 933 2684 etad
957 2626 1124 2684 iurandum
1148 2627 1262 2699 aliqua,
1287 2642 1347 2698 que
1371 2626 1476 2683 huius·

207 2731 292 2789 modi
316 2731 536 2806 predicationis
557 2733 721 2805 negocium
744 2733 931 2806 requirebat,
956 2749 1012 2806 per
1035 2733 1152 2790 litteras
1168 2733 1269 2806 regias
1284 2732 1476 2805 constitutus,

207 2845 374 2912 postquam
399 2854 442 2908 ea,
466 2837 505 2895 ad
530 2854 591 2910 qua
606 2837 736 2896 iuranda
752 2838 935 2896 constitutus
951 2838 1059 2910 iuerat,
1077 2839 1199 2909 iuravit,
1223 2841 1302 2896 sicut
1326 2839 1476 2896 habuerat

208 2946 237 3002 in
261 2945 423 3015 mandatis,
448 2944 573 3002 easdem
597 2945 716 3002 litteras
738 2944 915 3002 referendas
940 2945 1004 3016 tibi,
1029 2945 1149 3003 restitui
1169 2946 1229 3003 sibi
1245 2961 1316 3003 cum
1334 2946 1476 3003 instantia

206 3051 386 3125 postulavit.
411 3051 474 3108 Nos
497 3057 601 3108 autern
634 3051 706 3124 quia
733 3051 772 3108 de
795 3067 882 3108 more
905 3051 988 3109 curie
1012 3067 1139 3108 romane
1163 3052 1339 3109 huiusmodi
1363 3057 1393 3109 et
1415 3051 1476 3109 alie

207 3157 326 3215 similes
349 3158 502 3231 scripture
525 3163 750 3215 consveverunt
773 3159 803 3215 in
826 3157 965 3214 archivio
993 3157 1090 3231 ipsius
1114 3158 1198 3214 curie
1221 3158 1398 3214 conservari
1427 3158 1476 3214 lit·

207 3271 288 3322 teras
312 3265 395 3338 ipsas
418 3263 565 3322 duximus
596 3263 777 3322 retinendas.
812 3263 927 3320 Datum
952 3263 1035 3337 apud
1061 3264 1177 3320 Villam
1202 3279 1324 3334 novam,
1349 3265 1475 3320 Avinio-

208 3372 309 3428 nensis
335 3371 473 3442 diocesis,
505 3370 584 3427 Vlll.
607 3369 748 3428 kalendis
770 3370 964 3442 septembris.
989 3371 1078 3427 Anno
1102 3371 1152 3428 IV.

298 3507 320 3556 E
340 3521 395 3573 reg.
415 3505 483 3572 orig.
502 3521 541 3556 an.
561 3506 607 3556 IV.
626 3521 690 3556 secr.
710 3505 756 3555 fol.
778 3507 834 3564 165.
860 3508 890 3555 A.
911 3505 1033 3556 Theiner.
1054 3506 1122 3555 Mon.
1144 3505 1232 3570 Hung.
1252 3505 1312 3554 hist.
1333 3503 1366 3554 ll.
1388 3521 1411 3569 p.
1433 3505 1472 3554 28.

794 3756 881 3821 238.

314 3903 391 3950 Anno
413 3907 487 3958 1357,
510 3898 550 3948 26.
569 3897 691 3964 Augusti.
711 3897 863 3964 Zagrabiae.

211 4029 375 4104 Stephanus
398 4029 457 4086 Ill.
480 4029 560 4103 episc.
583 4028 700 4102 zagrab.
724 4027 925 4085 archideacano
945 4027 1087 4101 Dionysia
1106 4035 1163 4100 pra
1185 4027 1311 4084 dutmala
1335 4027 1429 4082 altari
1449 4026 1472 4082 b.

210 4136 329 4193 Mariae
351 4134 551 4213 Magdalenae
581 4135 611 4191 in
638 4134 700 4192 ecel.
734 4133 901 4190 cathedrali.
935 4132 1107 4190 merlietalem
1129 4132 1225 4207 flendi
1257 4133 1360 4206 „catha
1383 4130 1471 4187 baae'“

506 4241 581 4311 dicti,
603 4240 749 4314 applicari
761 4247 854 4314 passe,
877 4256 1039 4296 consensum
1054 4238 1183 4311 praebet.

295 4385 359 4443 Nos
391 4384 565 4458 Stephanus
595 4384 645 4442 dei
676 4389 705 4442 et
729 4383 898 4458 apostolice
928 4381 1009 4440 sedis
1032 4383 1137 4456 gracia
1159 4382 1323 4454 episcopus
1346 4379 1473 4437 ecclesie

210 4492 421 4566 zagrabiensis.
445 4490 564 4548 Tenore
588 4491 782 4564 presencium
805 4490 1014 4564 significamus
1038 4489 1152 4562 quibus
1172 4487 1296 4562 expedit
1313 4487 1472 4558 universis,

211 4597 291 4671 quod
315 4597 389 4655 licet
412 4597 557 4654 dominus
580 4596 751 4668 Ladislaus,
782 4597 869 4668 olym
892 4597 1057 4671 episcopus
1080 4593 1217 4668 predicte
1241 4593 1376 4658 ecclesie,
1403 4609 1472 4666 pre-

210 4703 349 4762 decessor
372 4711 477 4761 noster
500 4701 599 4762 felicis
622 4703 780 4773 memorie,
805 4703 974 4775 quemdam
998 4701 1130 4758 fundum
1153 4700 1238 4757 curia
1257 4699 1329 4757 bani
1345 4697 1471 4770 dictum,

210 4811 247 4868 ad
277 4809 479 4868 reficiendum
510 4809 660 4882 magistro
690 4808 848 4880 Dyonisio,
879 4825 960 4866 nunc
990 4807 1205 4865 archidiacono
1236 4806 1275 4862 de
1307 4803 1471 4876 Kemlyuk,

210 4923 279 4975 tunc
310 4932 385 4975 vero
417 4916 530 4975 clerico
561 4923 591 4974 et
621 4916 742 4974 notario
772 4915 937 4989 capitulari
968 4929 1026 4989 pro
1057 4914 1120 4970 suis
1152 4911 1300 4970 fidelibus
1334 4911 1472 4968 serviciis

211 5021 296 5082 factis
319 5028 350 5081 et
372 5022 528 5094 iaciendis,
560 5023 709 5096 magistro
740 5021 889 5095 Dyouisio
916 5020 1094 5096 supradicto
1117 5035 1264 5092 generose
1287 5019 1473 5076 consenserit
