3782 5812
539 548 612 606 Dor.
636 561 684 622 19.
708 561 757 606 20.
779 562 825 606 21.
854 582 890 590 -
917 548 972 604 An.
997 545 1213 627 1242—1246.

299 771 301 776 ’
346 775 424 825 Circa
443 789 483 825 an.
506 784 685 836 1242-1250.
845 740 903 806 19·

326 887 402 945 Bela
424 887 483 958 lv,
508 888 693 959 Hungariae,
716 887 899 958 Dalmatiae,
923 887 1064 946 Croatiae
1080 895 1134 946 ete.
1152 905 1214 958 rex,
1232 891 1394 947 conventui
1418 905 1439 948 s,
1456 889 1508 948 Ni-

234 995 325 1064 colai,
350 993 467 1052 ordinis
491 992 723 1050 Predicatorum
746 992 784 1050 de
800 992 959 1066 Zagrabia,
976 993 1094 1052 confert
1110 995 1267 1067 quandam
1283 997 1508 1070 possessionem

235 1099 342 1156 Blizna
366 1106 507 1158 vocatam
532 1113 603 1155 cum
626 1099 784 1156 montibus
807 1099 945 1172 Warheg
968 1101 1084 1157 vocatis
1107 1101 1138 1157 in
1153 1102 1266 1157 tenutis
1282 1103 1373 1159 castri
1390 1101 1509 1160 Medwe

234 1207 327 1262 sitam
352 1211 383 1262 et
405 1204 595 1272 existentem,
619 1221 654 1261 ac
684 1204 872 1277 quibusdam
903 1205 1028 1279 prediis,
1055 1206 1120 1266 sive
1144 1207 1233 1264 tem's
1256 1207 1437 1278 arabilibus,
1464 1210 1509 1266 vi·

234 1311 350 1368 delicet
372 1309 556 1368 Crathlridol
580 1318 609 1368 et
631 1311 733 1369 Lonea
757 1313 881 1382 vocatis,
913 1313 943 1369 in
968 1313 1122 1370 territorio
1152 1312 1279 1369 eusdem
1308 1313 1510 1386 possessionis

235 1416 345 1475 Blizna
370 1419 483 1476 habitis
507 1424 537 1475 et
560 1418 769 1475 existentibus.

326 1535 414 1584 Huius
439 1535 589 1585 donationis
613 1535 740 1584 memoria
766 1534 794 1584 lit
819 1535 845 1584 in
870 1535 961 1585 charta
987 1535 1134 1602 pignoritia
1154 1535 1272 1584 eiusdem
1292 1542 1449 1593 conventus,
1478 1538 1509 1585 de

236 1639 306 1673 anno
330 1633 404 1682 1315,
425 1634 465 1682 31.
486 1623 557 1682 maii,
578 1624 637 1674 vide
657 1623 725 1673 inira
744 1623 814 1673 hunc
832 1639 934 1674 annum.

250 1767 253 1774 ’
346 1807 395 1854 a...
418 1814 491 1866 1244
844 1787 909 1854 ao.

238 1911 405 1987 Stephanus
428 1915 471 1972 Il.
495 1915 639 1989 episcopus
661 1915 778 1988 aagrab.
802 1913 959 1988 hospitibus
977 1916 1031 1989 „dc
1046 1916 1107 1972 oc'co
1123 1915 1296 1974 Latinorum
1314 1915 1510 1989 Zagrubiae“,

651 2022 791 2096 quosdam
817 2021 961 2078 libertates
982 2023 1100 2096 confert.

330 2146 505 2222 Stephanus
534 2149 702 2219 secundus,
734 2149 784 2207 dei
808 2150 912 2222 gracia
935 2150 1098 2223 episcopus
1122 2149 1328 2221 zagrabiensis
1345 2193 1511 2208 ........

239 2253 333 2327 Quod
365 2271 436 2312 curn
470 2257 676 2329 zagrabiensis
708 2257 837 2314 ecclesia
860 2271 877 2313 a
901 2262 1006 2314 sancto
1037 2271 1109 2329 rege
1140 2255 1306 2314 Ladislauo
1330 2255 1457 2314 lundata
1480 2263 1510 2312 et

240 2377 279 2418 ex
311 2363 396 2433 regia
429 2363 618 2420 liberalitate
650 2363 777 2432 donata,
813 2363 928 2420 insultu
962 2362 1163 2420 Tartarorum
1196 2363 1443 2420 inenarrabiliter
1473 2362 1512 2419 sit

240 2465 388 2540 desolata,
412 2476 442 2524 et
465 2475 529 2525 tarn
552 2469 646 2526 rebus
670 2484 765 2541 quam
789 2468 897 2525 incolis
921 2469 1144 2527 miserabiliter
1166 2469 1308 2542 spoliata,
1333 2475 1362 2525 et
1383 2466 1512 2525 edificiis

240 2573 421 2642 combustis,
444 2573 621 2647 hospitibus
644 2573 757 2647 sugatis
781 2581 811 2631 et
827 2573 1001 2644 interfectis,
1026 2573 1155 2632 ecclesie
1172 2574 1360 2634 desolacioni
1375 2573 1511 2631 maxime

241 2679 448 2749 condolentes,
458 2695 575 2738 necnon
591 2681 764 2738 incolarum
779 2681 1026 2752 zagrabiensium
1043 2679 1227 2755 dispersioni
1243 2687 1273 2738 et
1290 2679 1513 2754 periclitacioni

241 2785 387 2842 omnibus
411 2784 514 2843 modis
538 2787 773 2860 compacientes,
804 2787 871 2842 zelo
891 2786 1014 2859 pietatis
1037 2785 1161 2858 inducti,
1194 2794 1261 2845 turn
1284 2787 1436 2844 honestati
1465 2801 1513 2842 ec·

243 2892 343 2961 clesie‚
360 2897 428 2948 tum
445 2891 603 2966 hospitum
622 2893 746 2950 utilitati
763 2891 929 2966 providere
946 2891 1094 2963 volentes,
1113 2891 1307 2951 condiciones
1323 2893 1512 2962 libertatum,

244 2997 357 3068 quibus
373 2997 474 3054 incole
493 2998 627 3055 civitatis
647 2998 688 3054 ab
711 2999 838 3070 antiquo
861 2997 1051 3068 fruebantur,
1075 2997 1208 3072 provida
1231 2997 1457 3056 deliberacione
1474 3013 1513 3053 ex

244 3111 348 3160 nostro
372 3119 524 3161 consensu
547 3104 649 3162 taliter
673 3120 705 3161 se
728 3103 885 3162 ordinatas
908 3103 1099 3174 admisimus,
1125 3105 1335 3178 approbantes
1355 3112 1384 3160 et
1401 3102 1511 3161 confir·

246 3215 368 3266 mantes
394 3208 464 3280 Que
488 3210 563 3266 tales
587 3216 672 3267 sunt:
697 3209 781 3282 quod
805 3209 949 3267 videlicet
974 3211 1052 3266 villa
1075 3211 1291 3282 zagrabiensis,
1315 3224 1431 3267 necnon
1456 3209 1510 3266 ho·

246 3317 339 3390 spites
363 3315 403 3373 de
419 3317 489 3372 vico
507 3317 687 3374 Latinorum
703 3315 740 3373 ad
759 3317 859 3389 ipsam
875 3317 1071 3389 pertinentes
1087 3315 1205 3373 nullius
1225 3315 1339 3373 iudicio
1355 3325 1454 3373 astare
1470 3323 1513 3372 te-

246 3430 393 3478 nerentur
408 3423 467 3479 nisi
483 3421 597 3479 iudicio
612 3421 722 3480 iudicis
737 3423 823 3492 ville,
845 3423 896 3494 qui
915 3421 1006 3478 luerit
1022 3437 1080 3495 pro
1097 3429 1237 3496 tempore
1261 3423 1443 3479 constitutus
1460 3469 1465 3478 .
1483 3467 1488 3479 .
1508 3467 1513 3478 .

247 3555 250 3562 ·
332 3539 475 3604 Originale
492 3539 613 3603 deperiit.
634 3538 742 3588 Initium
759 3539 808 3590 hoc
828 3539 994 3603 praenotavit
1008 3539 1165 3589 Benedictus
1180 3539 1313 3589 Vinlrovic
1334 3539 1359 3588 in
1379 3554 1426 3589 suo
1446 3537 1513 3589 MSC

248 3641 341 3691 opere:
363 3626 499 3686 „Notitiae
518 3628 685 3692 episcopatus
699 3635 724 3676 et
738 3628 928 3693 episcoporum
941 3627 1175 3692 zagrabiensium.“
1196 3627 1280 3694 Typis
1300 3627 1422 3693 vulgavit
1440 3628 1514 3693 Joan.

246 3714 411 3780 Kukuljevic
431 3715 472 3764 in:
492 3714 580 3765 Borba
598 3715 700 3766 Hrvata
721 3731 732 3765 s
751 3715 871 3782 Mongoli
891 3715 899 3764 i
918 3715 1010 3766 Tatari
1029 3733 1054 3782 p.
1069 3728 1108 3780 29.
1123 3723 1186 3766 nota
1202 3727 1244 3780 93.

854 3911 909 3978 21.

352 4019 402 4066 An.
427 4016 500 4078 1246,
521 4027 561 4064 22.
581 4016 682 4080 aprilis.
704 4015 836 4082 Lugduni.

247 4126 431 4184 Innocentius
462 4126 517 4183 IV.
549 4127 637 4200 Papa
667 4127 792 4200 cpr'scopo
823 4128 1007 4200 aagrobcensi
1034 4129 1157 4196 nuntiat,
1188 4147 1223 4184 ne
1252 4130 1318 4202 quis
1348 4128 1421 4186 sedc's
1444 4137 1514 4202 apo-

245 4233 360 4289 stolicae
383 4229 533 4305 delegatus
564 4233 612 4289 uel
638 4230 837 4305 subdelegatus
867 4241 966 4290 contra
997 4253 1059 4290 cum
1089 4242 1144 4292 aut
1175 4235 1317 4291 ecclesiam
1348 4236 1514 4292 sententiam

245 4338 546 4394 excommunicationis
566 4315 625 4394 'vel
651 4337 801 4407 intercincti,
830 4339 934 4413 absque
963 4339 1036 4395 sedis
1067 4340 1238 4412 apostolicae
1263 4340 1415 4408 mandato,
1444 4349 1515 4414 pro-

750 4445 881 4517 mulgare
904 4446 1008 4502 voleat.

335 4570 533 4628 Innocencius
557 4570 720 4644 episcopus
743 4586 850 4627 servus
874 4586 1037 4628 servorum
1060 4571 1117 4629 dei.
1137 4572 1312 4629 Venerabili
1332 4571 1419 4630 fratri
1438 4567 1515 4652 (Ste-

245 4673 364 4753 phano)
377 4677 525 4750 episcopo
541 4677 732 4748 zagrabiensi
749 4657 880 4734 salutem
897 4684 926 4733 et
942 4678 1146 4750 apostolicam
1164 4677 1415 4736 benedictionem.
1432 4685 1515 4754 Apo·

245 4783 354 4840 stolice
371 4781 453 4838 sedis
469 4779 641 4854 benignitas
657 4765 773 4839 sincere
793 4783 1034 4855 obsequendum
1051 4791 1123 4841 vota
1138 4783 1280 4841 fidelium
1300 4782 1406 4841 favore
1430 4785 1515 4844 beni·

248 4889 322 4946 volo
338 4888 486 4961 prosequi
507 4887 665 4944 consuevit
688 4895 717 4944 et
741 4886 926 4948 devotorum
942 4903 1097 4961 personas,
1114 4905 1190 4962 quas
1214 4891 1245 4947 in
1268 4905 1322 4947 sua
1346 4889 1513 4951 devocione

246 4999 412 5068 promptas
436 4993 587 5050 invenerit
607 4998 637 5049 et
660 4990 822 5064 ferventes,
847 4993 1034 5066 quibusdam
1058 4995 1157 5053 titulis
1180 4995 1336 5054 decentius
1360 4996 1513 5057 decorare.

1396 5113 1411 5144 t
