<?xml version="1.0" encoding="UTF-8"?>
<!DOCTYPE html PUBLIC "-//W3C//DTD XHTML 1.0 Transitional//EN"
    "http://www.w3.org/TR/xhtml1/DTD/xhtml1-transitional.dtd">
<html xmlns="http://www.w3.org/1999/xhtml" xml:lang="en" lang="en">
 <head>
  <title>
</title>
<meta http-equiv="Content-Type" content="text/html;charset=utf-8" />
  <meta name='ocr-system' content='tesseract 3.04.00' />
  <meta name='ocr-capabilities' content='ocr_page ocr_carea ocr_par ocr_line ocrx_word'/>
</head>
<body>
  <div class='ocr_page' id='page_1' title='image "./monumentahistor18laszgoog_0685.png"; bbox 0 0 3854 5806; ppageno 0'>
   <div class='ocr_carea' id='block_1_1' title="bbox 723 550 1557 633">
    <p class='ocr_par' dir='ltr' id='par_1_1' title="bbox 723 550 1557 633">
     <span class='ocr_line' id='line_1_1' title="bbox 723 550 1557 633; baseline 0.012 -21"><span class='ocrx_word' id='word_1_1' title='bbox 723 551 875 612; x_wconf 84' lang='lat' dir='ltr'><strong>Addenda.</strong></span> <span class='ocrx_word' id='word_1_2' title='bbox 902 586 938 594; x_wconf 95' lang='lat'>-</span> <span class='ocrx_word' id='word_1_3' title='bbox 965 553 1020 611; x_wconf 86' lang='lat' dir='ltr'><strong>An.</strong></span> <span class='ocrx_word' id='word_1_4' title='bbox 1044 550 1136 630; x_wconf 74' lang='lat'><em>1346.</em></span> <span class='ocrx_word' id='word_1_5' title='bbox 1496 576 1557 633; x_wconf 90' lang='lat'><strong>449</strong></span> 
     </span>
    </p>
   </div>
   <div class='ocr_carea' id='block_1_2' title="bbox 291 753 1564 5062">
    <p class='ocr_par' dir='ltr' id='par_1_2' title="bbox 291 753 1564 5062">
     <span class='ocr_line' id='line_1_2' title="bbox 293 753 1560 830; baseline -0.001 -16"><span class='ocrx_word' id='word_1_6' title='bbox 293 771 367 830; x_wconf 89' lang='lat' dir='ltr'><strong>pore</strong></span> <span class='ocrx_word' id='word_1_7' title='bbox 391 756 556 813; x_wconf 90' lang='lat' dir='ltr'><strong>constituto</strong></span> <span class='ocrx_word' id='word_1_8' title='bbox 579 754 744 824; x_wconf 85' lang='lat' dir='ltr'><strong>soluturas,</strong></span> <span class='ocrx_word' id='word_1_9' title='bbox 769 761 798 811; x_wconf 90' lang='lat' dir='ltr'><strong>et</strong></span> <span class='ocrx_word' id='word_1_10' title='bbox 822 753 904 826; x_wconf 93' lang='lat' dir='ltr'><strong>quod</strong></span> <span class='ocrx_word' id='word_1_11' title='bbox 930 754 1042 810; x_wconf 89' lang='lat' dir='ltr'><strong>silvam</strong></span> <span class='ocrx_word' id='word_1_12' title='bbox 1066 755 1134 810; x_wconf 89' lang='lat' dir='ltr'><strong>usui</strong></span> <span class='ocrx_word' id='word_1_13' title='bbox 1151 769 1258 810; x_wconf 89' lang='lat' dir='ltr'><strong>eorum</strong></span> <span class='ocrx_word' id='word_1_14' title='bbox 1275 761 1500 828; x_wconf 88' lang='lat' dir='ltr'><strong>competentem</strong></span> <span class='ocrx_word' id='word_1_15' title='bbox 1524 771 1560 813; x_wconf 90' lang='lat' dir='ltr'><strong>ac</strong></span> 
     </span>
     <span class='ocr_line' id='line_1_3' title="bbox 292 859 1559 934; baseline 0 -16"><span class='ocrx_word' id='word_1_16' title='bbox 292 861 448 934; x_wconf 89' lang='lat' dir='ltr'><strong>quandam</strong></span> <span class='ocrx_word' id='word_1_17' title='bbox 472 868 587 918; x_wconf 91' lang='lat' dir='ltr'><strong>terram</strong></span> <span class='ocrx_word' id='word_1_18' title='bbox 615 859 762 917; x_wconf 88' lang='lat' dir='ltr'><strong>Scibilian</strong></span> <span class='ocrx_word' id='word_1_19' title='bbox 788 865 995 932; x_wconf 79' lang='lat' dir='ltr'>nuncupatam</span> <span class='ocrx_word' id='word_1_20' title='bbox 1021 875 1091 916; x_wconf 93' lang='lat' dir='ltr'><strong>cum</strong></span> <span class='ocrx_word' id='word_1_21' title='bbox 1115 860 1204 916; x_wconf 90' lang='lat' dir='ltr'><strong>silvis</strong></span> <span class='ocrx_word' id='word_1_22' title='bbox 1227 869 1257 917; x_wconf 92' lang='lat' dir='ltr'><strong>et</strong></span> <span class='ocrx_word' id='word_1_23' title='bbox 1281 861 1474 932; x_wconf 86' lang='lat' dir='ltr'><strong>quibuslibet</strong></span> <span class='ocrx_word' id='word_1_24' title='bbox 1490 863 1559 920; x_wconf 91' lang='lat' dir='ltr'><strong>aliis</strong></span> 
     </span>
     <span class='ocr_line' id='line_1_4' title="bbox 291 965 1560 1040; baseline 0 -16"><span class='ocrx_word' id='word_1_25' title='bbox 291 968 354 1026; x_wconf 89' lang='lat' dir='ltr'><strong>suis</strong></span> <span class='ocrx_word' id='word_1_26' title='bbox 377 966 572 1040; x_wconf 90' lang='lat' dir='ltr'><strong>apendenciis</strong></span> <span class='ocrx_word' id='word_1_27' title='bbox 596 966 751 1038; x_wconf 83' lang='lat' dir='ltr'><strong>requisitis</strong></span> <span class='ocrx_word' id='word_1_28' title='bbox 775 965 991 1037; x_wconf 83' lang='lat' dir='ltr'><strong>iobagionibus</strong></span> <span class='ocrx_word' id='word_1_29' title='bbox 1024 966 1116 1022; x_wconf 88' lang='lat' dir='ltr'><strong>castri</strong></span> <span class='ocrx_word' id='word_1_30' title='bbox 1146 966 1353 1036; x_wconf 85' lang='lat' dir='ltr'><strong>zagrabiensis</strong></span> <span class='ocrx_word' id='word_1_31' title='bbox 1376 968 1560 1040; x_wconf 81' lang='lat' dir='ltr'><strong>assignasset</strong></span> 
     </span>
     <span class='ocr_line' id='line_1_5' title="bbox 291 1070 1557 1146; baseline 0 -16"><span class='ocrx_word' id='word_1_32' title='bbox 291 1073 466 1145; x_wconf 88' lang='lat' dir='ltr'><strong>hospitibus</strong></span> <span class='ocrx_word' id='word_1_33' title='bbox 489 1071 527 1129; x_wconf 89' lang='lat' dir='ltr'><strong>de</strong></span> <span class='ocrx_word' id='word_1_34' title='bbox 551 1071 653 1129; x_wconf 90' lang='lat' dir='ltr'><strong>Grech</strong></span> <span class='ocrx_word' id='word_1_35' title='bbox 677 1071 861 1143; x_wconf 88' lang='lat' dir='ltr'><strong>prenotatis;</strong></span> <span class='ocrx_word' id='word_1_36' title='bbox 886 1070 1108 1143; x_wconf 91' lang='lat' dir='ltr'><strong>quamquidem</strong></span> <span class='ocrx_word' id='word_1_37' title='bbox 1129 1071 1358 1138; x_wconf 84' lang='lat' dir='ltr'><strong>ordinacionem</strong></span> <span class='ocrx_word' id='word_1_38' title='bbox 1377 1088 1431 1144; x_wconf 89' lang='lat' dir='ltr'><strong>per</strong></span> <span class='ocrx_word' id='word_1_39' title='bbox 1456 1074 1557 1146; x_wconf 91' lang='lat' dir='ltr'><strong>ipsum</strong></span> 
     </span>
     <span class='ocr_line' id='line_1_6' title="bbox 291 1175 1558 1250; baseline 0.002 -15"><span class='ocrx_word' id='word_1_40' title='bbox 291 1177 452 1235; x_wconf 91' lang='lat' dir='ltr'><strong>dominum</strong></span> <span class='ocrx_word' id='word_1_41' title='bbox 476 1177 668 1250; x_wconf 91' lang='lat' dir='ltr'><strong>Stephanum</strong></span> <span class='ocrx_word' id='word_1_42' title='bbox 692 1175 964 1249; x_wconf 90' lang='lat' dir='ltr'><strong>banumprovide</strong></span> <span class='ocrx_word' id='word_1_43' title='bbox 997 1175 1110 1232; x_wconf 85' lang='lat' dir='ltr'><strong>factam</strong></span> <span class='ocrx_word' id='word_1_44' title='bbox 1141 1177 1208 1248; x_wconf 90' lang='lat' dir='ltr'><strong>ipse</strong></span> <span class='ocrx_word' id='word_1_45' title='bbox 1239 1175 1383 1234; x_wconf 92' lang='lat' dir='ltr'><strong>dominus</strong></span> <span class='ocrx_word' id='word_1_46' title='bbox 1407 1177 1481 1235; x_wconf 90' lang='lat' dir='ltr'><strong>Bela</strong></span> <span class='ocrx_word' id='word_1_47' title='bbox 1505 1197 1558 1237; x_wconf 89' lang='lat' dir='ltr'><strong>rex</strong></span> 
     </span>
     <span class='ocr_line' id='line_1_7' title="bbox 291 1281 1559 1357; baseline 0.004 -18"><span class='ocrx_word' id='word_1_48' title='bbox 291 1283 491 1357; x_wconf 86' lang='lat' dir='ltr'><strong>preallegatis</strong></span> <span class='ocrx_word' id='word_1_49' title='bbox 514 1281 662 1339; x_wconf 88' lang='lat' dir='ltr'><strong>fidelibus</strong></span> <span class='ocrx_word' id='word_1_50' title='bbox 686 1282 748 1339; x_wconf 91' lang='lat' dir='ltr'><strong>suis</strong></span> <span class='ocrx_word' id='word_1_51' title='bbox 774 1281 949 1354; x_wconf 90' lang='lat' dir='ltr'><strong>hospitibus</strong></span> <span class='ocrx_word' id='word_1_52' title='bbox 966 1289 1116 1354; x_wconf 90' lang='lat' dir='ltr'><strong>perpetuo</strong></span> <span class='ocrx_word' id='word_1_53' title='bbox 1133 1281 1345 1338; x_wconf 87' lang='lat' dir='ltr'><strong>confirmasset</strong></span> <span class='ocrx_word' id='word_1_54' title='bbox 1369 1283 1559 1344; x_wconf 90' lang='lat' dir='ltr'><strong>duraturam.</strong></span> 
     </span>
     <span class='ocr_line' id='line_1_8' title="bbox 293 1386 1560 1466; baseline 0.003 -20"><span class='ocrx_word' id='word_1_55' title='bbox 293 1389 457 1446; x_wconf 88' lang='lat' dir='ltr'><strong>Presertim</strong></span> <span class='ocrx_word' id='word_1_56' title='bbox 488 1389 695 1445; x_wconf 83' lang='lat' dir='ltr'><strong>exhibuerunt</strong></span> <span class='ocrx_word' id='word_1_57' title='bbox 725 1388 815 1444; x_wconf 92' lang='lat' dir='ltr'><strong>nobis</strong></span> <span class='ocrx_word' id='word_1_58' title='bbox 846 1386 930 1443; x_wconf 91' lang='lat' dir='ltr'><strong>aliud</strong></span> <span class='ocrx_word' id='word_1_59' title='bbox 962 1388 1164 1459; x_wconf 85' lang='lat' dir='ltr'><strong>privilegium</strong></span> <span class='ocrx_word' id='word_1_60' title='bbox 1197 1389 1382 1446; x_wconf 86' lang='lat' dir='ltr'><strong>serenissimi</strong></span> <span class='ocrx_word' id='word_1_61' title='bbox 1411 1392 1560 1466; x_wconf 90' lang='lat' dir='ltr'><strong>principis</strong></span> 
     </span>
     <span class='ocr_line' id='line_1_9' title="bbox 291 1493 1560 1566; baseline 0.002 -14"><span class='ocrx_word' id='word_1_62' title='bbox 291 1495 408 1552; x_wconf 90' lang='lat' dir='ltr'><strong>domini</strong></span> <span class='ocrx_word' id='word_1_63' title='bbox 445 1495 559 1564; x_wconf 76' lang='lat' dir='ltr'><strong>Karoli</strong></span> <span class='ocrx_word' id='word_1_64' title='bbox 595 1493 752 1566; x_wconf 91' lang='lat' dir='ltr'><strong>quondam</strong></span> <span class='ocrx_word' id='word_1_65' title='bbox 788 1494 918 1550; x_wconf 89' lang='lat' dir='ltr'><strong>illustris</strong></span> <span class='ocrx_word' id='word_1_66' title='bbox 954 1494 1035 1566; x_wconf 83' lang='lat' dir='ltr'><strong>regis</strong></span> <span class='ocrx_word' id='word_1_67' title='bbox 1071 1494 1237 1565; x_wconf 86' lang='lat' dir='ltr'><strong>Hungarie,</strong></span> <span class='ocrx_word' id='word_1_68' title='bbox 1273 1495 1303 1551; x_wconf 92' lang='lat' dir='ltr'><strong>in</strong></span> <span class='ocrx_word' id='word_1_69' title='bbox 1338 1510 1418 1552; x_wconf 91' lang='lat' dir='ltr'><strong>anno</strong></span> <span class='ocrx_word' id='word_1_70' title='bbox 1442 1495 1560 1555; x_wconf 92' lang='lat' dir='ltr'><strong>domini</strong></span> 
     </span>
     <span class='ocr_line' id='line_1_10' title="bbox 292 1598 1561 1673; baseline 0.003 -16"><span class='ocrx_word' id='word_1_71' title='bbox 292 1599 461 1657; x_wconf 84' lang='lat' dir='ltr'>MCCCXX</span> <span class='ocrx_word' id='word_1_72' title='bbox 484 1607 595 1656; x_wconf 90' lang='lat' dir='ltr'><strong>octavo</strong></span> <span class='ocrx_word' id='word_1_73' title='bbox 618 1605 803 1668; x_wconf 88' lang='lat' dir='ltr'><strong>emanatum‚</strong></span> <span class='ocrx_word' id='word_1_74' title='bbox 836 1598 1022 1656; x_wconf 89' lang='lat' dir='ltr'><strong>confirmans</strong></span> <span class='ocrx_word' id='word_1_75' title='bbox 1053 1599 1254 1672; x_wconf 87' lang='lat' dir='ltr'><strong>privilegium</strong></span> <span class='ocrx_word' id='word_1_76' title='bbox 1286 1615 1376 1656; x_wconf 90' lang='lat' dir='ltr'><strong>suum</strong></span> <span class='ocrx_word' id='word_1_77' title='bbox 1400 1602 1497 1673; x_wconf 91' lang='lat' dir='ltr'><strong>priori</strong></span> <span class='ocrx_word' id='word_1_78' title='bbox 1531 1609 1561 1661; x_wconf 91' lang='lat' dir='ltr'><strong>et</strong></span> 
     </span>
     <span class='ocr_line' id='line_1_11' title="bbox 291 1705 1560 1780; baseline 0.002 -17"><span class='ocrx_word' id='word_1_79' title='bbox 291 1709 418 1780; x_wconf 87' lang='lat' dir='ltr'><strong>antiquo</strong></span> <span class='ocrx_word' id='word_1_80' title='bbox 440 1705 546 1778; x_wconf 85' lang='lat' dir='ltr'><strong>sigillo</strong></span> <span class='ocrx_word' id='word_1_81' title='bbox 569 1721 624 1763; x_wconf 90' lang='lat' dir='ltr'><strong>suo</strong></span> <span class='ocrx_word' id='word_1_82' title='bbox 648 1705 870 1777; x_wconf 85' lang='lat' dir='ltr'><strong>consignatum,</strong></span> <span class='ocrx_word' id='word_1_83' title='bbox 895 1720 974 1761; x_wconf 92' lang='lat' dir='ltr'><strong>anno</strong></span> <span class='ocrx_word' id='word_1_84' title='bbox 997 1705 1056 1761; x_wconf 90' lang='lat' dir='ltr'><strong>sub</strong></span> <span class='ocrx_word' id='word_1_85' title='bbox 1080 1705 1291 1762; x_wconf 85' lang='lat' dir='ltr'><strong>incarnacione</strong></span> <span class='ocrx_word' id='word_1_86' title='bbox 1316 1705 1433 1765; x_wconf 88' lang='lat' dir='ltr'><strong>domini</strong></span> <span class='ocrx_word' id='word_1_87' title='bbox 1451 1708 1560 1766; x_wconf 86' lang='lat' dir='ltr'>MCCC</span> 
     </span>
     <span class='ocr_line' id='line_1_12' title="bbox 293 1809 1560 1886; baseline 0.001 -16"><span class='ocrx_word' id='word_1_88' title='bbox 293 1812 413 1870; x_wconf 89' lang='lat' dir='ltr'><strong>decimo</strong></span> <span class='ocrx_word' id='word_1_89' title='bbox 433 1813 567 1886; x_wconf 89' lang='lat' dir='ltr'><strong>septimo</strong></span> <span class='ocrx_word' id='word_1_90' title='bbox 591 1810 773 1881; x_wconf 85' lang='lat' dir='ltr'><strong>confectum,</strong></span> <span class='ocrx_word' id='word_1_91' title='bbox 805 1811 886 1883; x_wconf 93' lang='lat' dir='ltr'><strong>quod</strong></span> <span class='ocrx_word' id='word_1_92' title='bbox 920 1809 1118 1868; x_wconf 87' lang='lat' dir='ltr'><strong>confirmasse</strong></span> <span class='ocrx_word' id='word_1_93' title='bbox 1149 1811 1315 1868; x_wconf 88' lang='lat' dir='ltr'><strong>videbatur</strong></span> <span class='ocrx_word' id='word_1_94' title='bbox 1338 1813 1488 1884; x_wconf 89' lang='lat' dir='ltr'><strong>quasdam</strong></span> <span class='ocrx_word' id='word_1_95' title='bbox 1510 1815 1560 1871; x_wconf 89' lang='lat' dir='ltr'><strong>lit-</strong></span> 
     </span>
     <span class='ocr_line' id='line_1_13' title="bbox 293 1914 1557 1992; baseline 0.001 -16"><span class='ocrx_word' id='word_1_96' title='bbox 293 1926 374 1976; x_wconf 88' lang='lat' dir='ltr'><strong>teras</strong></span> <span class='ocrx_word' id='word_1_97' title='bbox 404 1917 616 1992; x_wconf 84' lang='lat' dir='ltr'><strong>privilegiales</strong></span> <span class='ocrx_word' id='word_1_98' title='bbox 646 1916 765 1973; x_wconf 92' lang='lat' dir='ltr'><strong>domini</strong></span> <span class='ocrx_word' id='word_1_99' title='bbox 796 1914 943 1988; x_wconf 90' lang='lat' dir='ltr'><strong>Stephani</strong></span> <span class='ocrx_word' id='word_1_100' title='bbox 976 1916 1056 1986; x_wconf 88' lang='lat' dir='ltr'><strong>bani,</strong></span> <span class='ocrx_word' id='word_1_101' title='bbox 1089 1923 1227 1973; x_wconf 86' lang='lat' dir='ltr'><strong>tenorem</strong></span> <span class='ocrx_word' id='word_1_102' title='bbox 1250 1918 1408 1990; x_wconf 83' lang='lat' dir='ltr'><strong>privilegii</strong></span> <span class='ocrx_word' id='word_1_103' title='bbox 1440 1917 1557 1977; x_wconf 91' lang='lat' dir='ltr'><strong>domini</strong></span> 
     </span>
     <span class='ocr_line' id='line_1_14' title="bbox 292 2021 1561 2096; baseline 0.002 -16"><span class='ocrx_word' id='word_1_104' title='bbox 292 2024 438 2093; x_wconf 88' lang='lat' dir='ltr'><strong>Ladizlai,</strong></span> <span class='ocrx_word' id='word_1_105' title='bbox 462 2023 619 2096; x_wconf 90' lang='lat' dir='ltr'><strong>quondam</strong></span> <span class='ocrx_word' id='word_1_106' title='bbox 643 2022 773 2078; x_wconf 85' lang='lat' dir='ltr'><strong>illustris</strong></span> <span class='ocrx_word' id='word_1_107' title='bbox 797 2023 878 2094; x_wconf 85' lang='lat' dir='ltr'><strong>regis</strong></span> <span class='ocrx_word' id='word_1_108' title='bbox 902 2021 1068 2094; x_wconf 84' lang='lat' dir='ltr'><strong>Hungarie,</strong></span> <span class='ocrx_word' id='word_1_109' title='bbox 1093 2021 1191 2078; x_wconf 84' lang='lat' dir='ltr'><strong>felicis</strong></span> <span class='ocrx_word' id='word_1_110' title='bbox 1215 2025 1372 2093; x_wconf 91' lang='lat' dir='ltr'><strong>memorie,</strong></span> <span class='ocrx_word' id='word_1_111' title='bbox 1400 2025 1459 2081; x_wconf 89' lang='lat' dir='ltr'><strong>sub</strong></span> <span class='ocrx_word' id='word_1_112' title='bbox 1482 2041 1561 2083; x_wconf 87' lang='lat' dir='ltr'><strong>anno</strong></span> 
     </span>
     <span class='ocr_line' id='line_1_15' title="bbox 293 2128 1559 2201; baseline 0.001 -14"><span class='ocrx_word' id='word_1_113' title='bbox 293 2131 410 2188; x_wconf 92' lang='lat' dir='ltr'><strong>domini</strong></span> <span class='ocrx_word' id='word_1_114' title='bbox 438 2128 518 2186; x_wconf 78' lang='lat' dir='ltr'><strong>MCC</strong></span> <span class='ocrx_word' id='word_1_115' title='bbox 543 2129 771 2201; x_wconf 83' lang='lat' dir='ltr'><strong>septuagesimo</strong></span> <span class='ocrx_word' id='word_1_116' title='bbox 796 2129 902 2199; x_wconf 88' lang='lat' dir='ltr'><strong>quinto</strong></span> <span class='ocrx_word' id='word_1_117' title='bbox 919 2143 1012 2199; x_wconf 89' lang='lat' dir='ltr'><strong>super</strong></span> <span class='ocrx_word' id='word_1_118' title='bbox 1028 2129 1198 2185; x_wconf 77' lang='lat' dir='ltr'><strong>collacione</strong></span> <span class='ocrx_word' id='word_1_119' title='bbox 1218 2131 1420 2200; x_wconf 90' lang='lat' dir='ltr'><strong>possessionis</strong></span> <span class='ocrx_word' id='word_1_120' title='bbox 1437 2129 1559 2188; x_wconf 89' lang='lat' dir='ltr'><strong>Cobilia</strong></span> 
     </span>
     <span class='ocr_line' id='line_1_16' title="bbox 292 2234 1561 2310; baseline -0.001 -16"><span class='ocrx_word' id='word_1_121' title='bbox 292 2243 474 2310; x_wconf 88' lang='lat' dir='ltr'><strong>nuncupate,</strong></span> <span class='ocrx_word' id='word_1_122' title='bbox 498 2235 574 2292; x_wconf 87' lang='lat' dir='ltr'><strong>ville</strong></span> <span class='ocrx_word' id='word_1_123' title='bbox 599 2234 742 2290; x_wconf 87' lang='lat' dir='ltr'><strong>videlicet</strong></span> <span class='ocrx_word' id='word_1_124' title='bbox 765 2234 839 2290; x_wconf 92' lang='lat' dir='ltr'><strong>dicti</strong></span> <span class='ocrx_word' id='word_1_125' title='bbox 863 2235 954 2290; x_wconf 85' lang='lat' dir='ltr'><strong>castri</strong></span> <span class='ocrx_word' id='word_1_126' title='bbox 970 2235 1185 2304; x_wconf 73' lang='lat' dir='ltr'><strong>zagrabiensis</strong></span> <span class='ocrx_word' id='word_1_127' title='bbox 1205 2237 1440 2306; x_wconf 89' lang='lat' dir='ltr'><strong>prememoratis</strong></span> <span class='ocrx_word' id='word_1_128' title='bbox 1457 2237 1561 2310; x_wconf 92' lang='lat' dir='ltr'><strong>hospi-</strong></span> 
     </span>
     <span class='ocr_line' id='line_1_17' title="bbox 292 2340 1562 2424; baseline 0 -24"><span class='ocrx_word' id='word_1_129' title='bbox 292 2344 376 2400; x_wconf 85' lang='lat' dir='ltr'><strong>tibus</strong></span> <span class='ocrx_word' id='word_1_130' title='bbox 401 2342 439 2398; x_wconf 92' lang='lat' dir='ltr'><strong>de</strong></span> <span class='ocrx_word' id='word_1_131' title='bbox 462 2341 565 2399; x_wconf 86' lang='lat' dir='ltr'><strong>Grech</strong></span> <span class='ocrx_word' id='word_1_132' title='bbox 590 2340 677 2409; x_wconf 85' lang='lat' dir='ltr'><strong>lacta,</strong></span> <span class='ocrx_word' id='word_1_133' title='bbox 701 2341 843 2408; x_wconf 78' lang='lat' dir='ltr'><strong>emunah,</strong></span> <span class='ocrx_word' id='word_1_134' title='bbox 868 2341 1056 2396; x_wconf 88' lang='lat' dir='ltr'><strong>continentes</strong></span> <span class='ocrx_word' id='word_1_135' title='bbox 1080 2340 1178 2396; x_wconf 91' lang='lat' dir='ltr'><strong>eciam</strong></span> <span class='ocrx_word' id='word_1_136' title='bbox 1203 2347 1340 2398; x_wconf 88' lang='lat' dir='ltr'><strong>tenorem</strong></span> <span class='ocrx_word' id='word_1_137' title='bbox 1369 2341 1487 2400; x_wconf 92' lang='lat' dir='ltr'><strong>domini</strong></span> <span class='ocrx_word' id='word_1_138' title='bbox 1509 2343 1562 2424; x_wconf 88' lang='lat' dir='ltr'><strong>Jo-</strong></span> 
     </span>
     <span class='ocr_line' id='line_1_18' title="bbox 292 2447 1563 2520; baseline -0.001 -14"><span class='ocrx_word' id='word_1_139' title='bbox 292 2449 400 2506; x_wconf 91' lang='lat' dir='ltr'><strong>hannis</strong></span> <span class='ocrx_word' id='word_1_140' title='bbox 433 2447 504 2504; x_wconf 90' lang='lat' dir='ltr'><strong>bani</strong></span> <span class='ocrx_word' id='word_1_141' title='bbox 536 2453 566 2504; x_wconf 89' lang='lat' dir='ltr'><strong>et</strong></span> <span class='ocrx_word' id='word_1_142' title='bbox 595 2447 688 2504; x_wconf 90' lang='lat' dir='ltr'><strong>lunus</strong></span> <span class='ocrx_word' id='word_1_143' title='bbox 711 2447 832 2503; x_wconf 90' lang='lat' dir='ltr'><strong>comitis</strong></span> <span class='ocrx_word' id='word_1_144' title='bbox 856 2447 1062 2518; x_wconf 82' lang='lat' dir='ltr'><strong>zagrabiensis</strong></span> <span class='ocrx_word' id='word_1_145' title='bbox 1085 2447 1267 2516; x_wconf 89' lang='lat' dir='ltr'><strong>litterarum,</strong></span> <span class='ocrx_word' id='word_1_146' title='bbox 1292 2448 1322 2504; x_wconf 91' lang='lat' dir='ltr'><strong>in</strong></span> <span class='ocrx_word' id='word_1_147' title='bbox 1347 2449 1460 2520; x_wconf 92' lang='lat' dir='ltr'><strong>quibus</strong></span> <span class='ocrx_word' id='word_1_148' title='bbox 1484 2449 1563 2506; x_wconf 87' lang='lat' dir='ltr'><strong>inter</strong></span> 
     </span>
     <span class='ocr_line' id='line_1_19' title="bbox 292 2551 1562 2626; baseline 0.001 -15"><span class='ocrx_word' id='word_1_149' title='bbox 292 2561 392 2611; x_wconf 91' lang='lat' dir='ltr'><strong>cetera</strong></span> <span class='ocrx_word' id='word_1_150' title='bbox 416 2554 587 2626; x_wconf 90' lang='lat' dir='ltr'><strong>reperimus</strong></span> <span class='ocrx_word' id='word_1_151' title='bbox 603 2552 767 2609; x_wconf 84' lang='lat' dir='ltr'><strong>contineri:</strong></span> <span class='ocrx_word' id='word_1_152' title='bbox 793 2551 875 2624; x_wconf 92' lang='lat' dir='ltr'><strong>quod</strong></span> <span class='ocrx_word' id='word_1_153' title='bbox 901 2567 1003 2609; x_wconf 89' lang='lat' dir='ltr'><strong>comes</strong></span> <span class='ocrx_word' id='word_1_154' title='bbox 1027 2551 1199 2620; x_wconf 87' lang='lat' dir='ltr'><strong>Farhasius‚</strong></span> <span class='ocrx_word' id='word_1_155' title='bbox 1223 2568 1318 2626; x_wconf 92' lang='lat' dir='ltr'><strong>nepos</strong></span> <span class='ocrx_word' id='word_1_156' title='bbox 1341 2555 1462 2610; x_wconf 90' lang='lat' dir='ltr'><strong>comitis</strong></span> <span class='ocrx_word' id='word_1_157' title='bbox 1485 2554 1562 2612; x_wconf 86' lang='lat' dir='ltr'><strong>Gar-</strong></span> 
     </span>
     <span class='ocr_line' id='line_1_20' title="bbox 293 2657 1562 2732; baseline 0.002 -18"><span class='ocrx_word' id='word_1_158' title='bbox 293 2658 364 2726; x_wconf 88' lang='lat' dir='ltr'><strong>dun,</strong></span> <span class='ocrx_word' id='word_1_159' title='bbox 390 2660 420 2715; x_wconf 92' lang='lat' dir='ltr'><strong>in</strong></span> <span class='ocrx_word' id='word_1_160' title='bbox 446 2659 616 2715; x_wconf 89' lang='lat' dir='ltr'><strong>statucione</strong></span> <span class='ocrx_word' id='word_1_161' title='bbox 638 2657 799 2714; x_wconf 91' lang='lat' dir='ltr'><strong>cuiusdam</strong></span> <span class='ocrx_word' id='word_1_162' title='bbox 830 2658 1032 2729; x_wconf 89' lang='lat' dir='ltr'><strong>possessionis</strong></span> <span class='ocrx_word' id='word_1_163' title='bbox 1063 2657 1196 2728; x_wconf 90' lang='lat' dir='ltr'><strong>Cobilya</strong></span> <span class='ocrx_word' id='word_1_164' title='bbox 1226 2665 1400 2730; x_wconf 91' lang='lat' dir='ltr'><strong>nuncupate</strong></span> <span class='ocrx_word' id='word_1_165' title='bbox 1433 2675 1490 2732; x_wconf 91' lang='lat' dir='ltr'><strong>per</strong></span> <span class='ocrx_word' id='word_1_166' title='bbox 1513 2675 1562 2717; x_wconf 93' lang='lat' dir='ltr'><strong>co-</strong></span> 
     </span>
     <span class='ocr_line' id='line_1_21' title="bbox 293 2762 1563 2837; baseline 0.001 -16"><span class='ocrx_word' id='word_1_167' title='bbox 293 2765 399 2821; x_wconf 86' lang='lat' dir='ltr'><strong>mitem</strong></span> <span class='ocrx_word' id='word_1_168' title='bbox 436 2764 603 2821; x_wconf 91' lang='lat' dir='ltr'><strong>Martinum</strong></span> <span class='ocrx_word' id='word_1_169' title='bbox 638 2763 842 2820; x_wconf 89' lang='lat' dir='ltr'><strong>castellanum</strong></span> <span class='ocrx_word' id='word_1_170' title='bbox 873 2762 911 2819; x_wconf 92' lang='lat' dir='ltr'><strong>de</strong></span> <span class='ocrx_word' id='word_1_171' title='bbox 944 2763 1061 2831; x_wconf 85' lang='lat' dir='ltr'><strong>liedue,</strong></span> <span class='ocrx_word' id='word_1_172' title='bbox 1095 2778 1189 2835; x_wconf 91' lang='lat' dir='ltr'><strong>quem</strong></span> <span class='ocrx_word' id='word_1_173' title='bbox 1213 2763 1356 2820; x_wconf 92' lang='lat' dir='ltr'><strong>dominus</strong></span> <span class='ocrx_word' id='word_1_174' title='bbox 1389 2763 1563 2837; x_wconf 86' lang='lat' dir='ltr'><strong>Stephanus</strong></span> 
     </span>
     <span class='ocr_line' id='line_1_22' title="bbox 293 2869 1561 2952; baseline 0.001 -25"><span class='ocrx_word' id='word_1_175' title='bbox 293 2871 390 2927; x_wconf 92' lang='lat' dir='ltr'><strong>banus</strong></span> <span class='ocrx_word' id='word_1_176' title='bbox 409 2870 580 2938; x_wconf 86' lang='lat' dir='ltr'><strong>Sclauonie‚</strong></span> <span class='ocrx_word' id='word_1_177' title='bbox 604 2869 759 2952; x_wconf 88' lang='lat' dir='ltr'><strong>Johannes</strong></span> <span class='ocrx_word' id='word_1_178' title='bbox 783 2875 813 2925; x_wconf 93' lang='lat' dir='ltr'><strong>et</strong></span> <span class='ocrx_word' id='word_1_179' title='bbox 837 2869 1019 2938; x_wconf 74' lang='lat' dir='ltr'><strong>Raduzlaus</strong></span> <span class='ocrx_word' id='word_1_180' title='bbox 1044 2869 1101 2926; x_wconf 93' lang='lat' dir='ltr'><strong>filii</strong></span> <span class='ocrx_word' id='word_1_181' title='bbox 1125 2870 1247 2926; x_wconf 89' lang='lat' dir='ltr'><strong>comitis</strong></span> <span class='ocrx_word' id='word_1_182' title='bbox 1270 2869 1417 2939; x_wconf 91' lang='lat' dir='ltr'><strong>Babanik‚</strong></span> <span class='ocrx_word' id='word_1_183' title='bbox 1434 2877 1561 2943; x_wconf 91' lang='lat' dir='ltr'><strong>accepto</strong></span> 
     </span>
     <span class='ocr_line' id='line_1_23' title="bbox 295 2974 1562 3048; baseline -0.001 -15"><span class='ocrx_word' id='word_1_184' title='bbox 295 2976 412 3034; x_wconf 92' lang='lat' dir='ltr'><strong>domini</strong></span> <span class='ocrx_word' id='word_1_185' title='bbox 437 2977 519 3048; x_wconf 85' lang='lat' dir='ltr'><strong>regis</strong></span> <span class='ocrx_word' id='word_1_186' title='bbox 543 2977 649 3033; x_wconf 88' lang='lat' dir='ltr'><strong>Karoli</strong></span> <span class='ocrx_word' id='word_1_187' title='bbox 675 2975 821 3032; x_wconf 88' lang='lat' dir='ltr'><strong>mandato</strong></span> <span class='ocrx_word' id='word_1_188' title='bbox 845 2975 882 3031; x_wconf 94' lang='lat' dir='ltr'><strong>ad</strong></span> <span class='ocrx_word' id='word_1_189' title='bbox 906 2974 1100 3032; x_wconf 87' lang='lat' dir='ltr'><strong>statuendam</strong></span> <span class='ocrx_word' id='word_1_190' title='bbox 1126 2975 1226 3048; x_wconf 88' lang='lat' dir='ltr'><strong>ipsam</strong></span> <span class='ocrx_word' id='word_1_191' title='bbox 1254 2976 1480 3047; x_wconf 87' lang='lat' dir='ltr'><strong>possessionem</strong></span> <span class='ocrx_word' id='word_1_192' title='bbox 1505 2975 1562 3033; x_wconf 92' lang='lat' dir='ltr'><strong>Co-</strong></span> 
     </span>
     <span class='ocr_line' id='line_1_24' title="bbox 294 3082 1563 3154; baseline -0.001 -15"><span class='ocrx_word' id='word_1_193' title='bbox 294 3083 370 3140; x_wconf 91' lang='lat' dir='ltr'><strong>bilia</strong></span> <span class='ocrx_word' id='word_1_194' title='bbox 413 3083 645 3140; x_wconf 87' lang='lat' dir='ltr'><strong>transmiserant</strong></span> <span class='ocrx_word' id='word_1_195' title='bbox 674 3083 732 3138; x_wconf 89' lang='lat' dir='ltr'><strong>sub</strong></span> <span class='ocrx_word' id='word_1_196' title='bbox 763 3082 940 3138; x_wconf 89' lang='lat' dir='ltr'><strong>testimonio</strong></span> <span class='ocrx_word' id='word_1_197' title='bbox 972 3082 1106 3138; x_wconf 91' lang='lat' dir='ltr'><strong>hominis</strong></span> <span class='ocrx_word' id='word_1_198' title='bbox 1142 3082 1270 3154; x_wconf 90' lang='lat' dir='ltr'><strong>capituli</strong></span> <span class='ocrx_word' id='word_1_199' title='bbox 1301 3083 1428 3138; x_wconf 88' lang='lat' dir='ltr'><strong>ecclesie</strong></span> <span class='ocrx_word' id='word_1_200' title='bbox 1458 3098 1563 3154; x_wconf 85' lang='lat' dir='ltr'><strong>zagra-</strong></span> 
     </span>
     <span class='ocr_line' id='line_1_25' title="bbox 295 3187 1563 3260; baseline -0.002 -14"><span class='ocrx_word' id='word_1_201' title='bbox 295 3189 415 3257; x_wconf 90' lang='lat' dir='ltr'><strong>biensis,</strong></span> <span class='ocrx_word' id='word_1_202' title='bbox 439 3189 560 3245; x_wconf 91' lang='lat' dir='ltr'><strong>civibus</strong></span> <span class='ocrx_word' id='word_1_203' title='bbox 583 3194 613 3244; x_wconf 88' lang='lat' dir='ltr'><strong>et</strong></span> <span class='ocrx_word' id='word_1_204' title='bbox 636 3188 812 3259; x_wconf 91' lang='lat' dir='ltr'><strong>hospitibus</strong></span> <span class='ocrx_word' id='word_1_205' title='bbox 829 3187 868 3244; x_wconf 93' lang='lat' dir='ltr'><strong>de</strong></span> <span class='ocrx_word' id='word_1_206' title='bbox 888 3187 990 3246; x_wconf 88' lang='lat' dir='ltr'><strong>Grech</strong></span> <span class='ocrx_word' id='word_1_207' title='bbox 1007 3189 1174 3260; x_wconf 87' lang='lat' dir='ltr'><strong>prenotatis</strong></span> <span class='ocrx_word' id='word_1_208' title='bbox 1193 3187 1340 3257; x_wconf 83' lang='lat' dir='ltr'><strong>facienda,</strong></span> <span class='ocrx_word' id='word_1_209' title='bbox 1357 3187 1563 3244; x_wconf 90' lang='lat' dir='ltr'><strong>contradictor</strong></span> 
     </span>
     <span class='ocr_line' id='line_1_26' title="bbox 293 3292 1561 3366; baseline 0 -16"><span class='ocrx_word' id='word_1_210' title='bbox 293 3303 322 3351; x_wconf 93' lang='lat' dir='ltr'><strong>et</strong></span> <span class='ocrx_word' id='word_1_211' title='bbox 346 3309 404 3366; x_wconf 92' lang='lat' dir='ltr'><strong>pro</strong></span> <span class='ocrx_word' id='word_1_212' title='bbox 428 3308 464 3350; x_wconf 94' lang='lat' dir='ltr'><strong>eo</strong></span> <span class='ocrx_word' id='word_1_213' title='bbox 487 3293 527 3350; x_wconf 90' lang='lat' dir='ltr'><strong>ad</strong></span> <span class='ocrx_word' id='word_1_214' title='bbox 551 3294 719 3350; x_wconf 89' lang='lat' dir='ltr'><strong>terminum</strong></span> <span class='ocrx_word' id='word_1_215' title='bbox 744 3293 919 3365; x_wconf 88' lang='lat' dir='ltr'><strong>legitimum</strong></span> <span class='ocrx_word' id='word_1_216' title='bbox 943 3300 1050 3350; x_wconf 90' lang='lat' dir='ltr'><strong>contra</strong></span> <span class='ocrx_word' id='word_1_217' title='bbox 1066 3300 1254 3350; x_wconf 88' lang='lat' dir='ltr'><strong>memoratos</strong></span> <span class='ocrx_word' id='word_1_218' title='bbox 1271 3293 1353 3350; x_wconf 90' lang='lat' dir='ltr'><strong>cives</strong></span> <span class='ocrx_word' id='word_1_219' title='bbox 1370 3292 1561 3350; x_wconf 91' lang='lat' dir='ltr'><strong>Grechenses</strong></span> 
     </span>
     <span class='ocr_line' id='line_1_27' title="bbox 293 3399 1563 3473; baseline -0.001 -16"><span class='ocrx_word' id='word_1_220' title='bbox 293 3400 332 3458; x_wconf 90' lang='lat' dir='ltr'><strong>ad</strong></span> <span class='ocrx_word' id='word_1_221' title='bbox 355 3402 439 3472; x_wconf 88' lang='lat' dir='ltr'><strong>regie</strong></span> <span class='ocrx_word' id='word_1_222' title='bbox 462 3400 631 3457; x_wconf 89' lang='lat' dir='ltr'><strong>maiestatis</strong></span> <span class='ocrx_word' id='word_1_223' title='bbox 656 3401 846 3473; x_wconf 89' lang='lat' dir='ltr'><strong>presenciam</strong></span> <span class='ocrx_word' id='word_1_224' title='bbox 871 3401 981 3456; x_wconf 90' lang='lat' dir='ltr'><strong>citatus</strong></span> <span class='ocrx_word' id='word_1_225' title='bbox 1004 3400 1218 3471; x_wconf 89' lang='lat' dir='ltr'><strong>reperiebatur</strong></span> <span class='ocrx_word' id='word_1_226' title='bbox 1251 3401 1393 3457; x_wconf 84' lang='lat' dir='ltr'><strong>extitisse.</strong></span> <span class='ocrx_word' id='word_1_227' title='bbox 1423 3399 1563 3456; x_wconf 89' lang='lat' dir='ltr'><strong>Tandem</strong></span> 
     </span>
     <span class='ocr_line' id='line_1_28' title="bbox 294 3504 1564 3579; baseline -0.002 -16"><span class='ocrx_word' id='word_1_228' title='bbox 294 3505 384 3564; x_wconf 90' lang='lat' dir='ltr'><strong>dictis</strong></span> <span class='ocrx_word' id='word_1_229' title='bbox 415 3507 590 3579; x_wconf 90' lang='lat' dir='ltr'><strong>hospitibus</strong></span> <span class='ocrx_word' id='word_1_230' title='bbox 620 3521 674 3562; x_wconf 93' lang='lat' dir='ltr'><strong>sua</strong></span> <span class='ocrx_word' id='word_1_231' title='bbox 702 3506 905 3564; x_wconf 90' lang='lat' dir='ltr'><strong>instrumenta</strong></span> <span class='ocrx_word' id='word_1_232' title='bbox 935 3521 1029 3578; x_wconf 88' lang='lat' dir='ltr'><strong>super</strong></span> <span class='ocrx_word' id='word_1_233' title='bbox 1059 3504 1168 3561; x_wconf 90' lang='lat' dir='ltr'><strong>eadem</strong></span> <span class='ocrx_word' id='word_1_234' title='bbox 1201 3506 1392 3578; x_wconf 89' lang='lat' dir='ltr'><strong>possessione</strong></span> <span class='ocrx_word' id='word_1_235' title='bbox 1423 3505 1564 3562; x_wconf 81' lang='lat' dir='ltr'><strong>coniecta</strong></span> 
     </span>
     <span class='ocr_line' id='line_1_29' title="bbox 294 3609 1563 3684; baseline -0.002 -14"><span class='ocrx_word' id='word_1_236' title='bbox 294 3627 399 3670; x_wconf 91' lang='lat' dir='ltr'><strong>coram</strong></span> <span class='ocrx_word' id='word_1_237' title='bbox 423 3612 507 3682; x_wconf 80' lang='lat' dir='ltr'><strong>regia</strong></span> <span class='ocrx_word' id='word_1_238' title='bbox 532 3612 644 3684; x_wconf 91' lang='lat' dir='ltr'><strong>pietate</strong></span> <span class='ocrx_word' id='word_1_239' title='bbox 667 3612 816 3684; x_wconf 85' lang='lat' dir='ltr'><strong>regnique</strong></span> <span class='ocrx_word' id='word_1_240' title='bbox 839 3612 886 3668; x_wconf 90' lang='lat' dir='ltr'><strong>sui</strong></span> <span class='ocrx_word' id='word_1_241' title='bbox 910 3612 1068 3669; x_wconf 87' lang='lat' dir='ltr'><strong>nobilibus</strong></span> <span class='ocrx_word' id='word_1_242' title='bbox 1096 3611 1322 3680; x_wconf 87' lang='lat' dir='ltr'><strong>exhibentibus,</strong></span> <span class='ocrx_word' id='word_1_243' title='bbox 1347 3609 1429 3667; x_wconf 92' lang='lat' dir='ltr'><strong>idem</strong></span> <span class='ocrx_word' id='word_1_244' title='bbox 1451 3609 1563 3667; x_wconf 88' lang='lat' dir='ltr'><strong>Farka·</strong></span> 
     </span>
     <span class='ocr_line' id='line_1_30' title="bbox 294 3717 1562 3790; baseline -0.002 -15"><span class='ocrx_word' id='word_1_245' title='bbox 294 3719 358 3775; x_wconf 90' lang='lat' dir='ltr'><strong>sius</strong></span> <span class='ocrx_word' id='word_1_246' title='bbox 382 3720 412 3775; x_wconf 95' lang='lat' dir='ltr'><strong>in</strong></span> <span class='ocrx_word' id='word_1_247' title='bbox 436 3719 569 3774; x_wconf 90' lang='lat' dir='ltr'><strong>termino</strong></span> <span class='ocrx_word' id='word_1_248' title='bbox 592 3717 733 3790; x_wconf 87' lang='lat' dir='ltr'><strong>partibus</strong></span> <span class='ocrx_word' id='word_1_249' title='bbox 757 3717 912 3789; x_wconf 89' lang='lat' dir='ltr'><strong>assignato</strong></span> <span class='ocrx_word' id='word_1_250' title='bbox 936 3717 1154 3790; x_wconf 87' lang='lat' dir='ltr'><strong>comparendo‚</strong></span> <span class='ocrx_word' id='word_1_251' title='bbox 1179 3718 1263 3773; x_wconf 93' lang='lat' dir='ltr'><strong>omni</strong></span> <span class='ocrx_word' id='word_1_252' title='bbox 1280 3717 1347 3785; x_wconf 89' lang='lat' dir='ltr'><strong>iuri,</strong></span> <span class='ocrx_word' id='word_1_253' title='bbox 1365 3717 1420 3785; x_wconf 90' lang='lat' dir='ltr'><strong>liti,</strong></span> <span class='ocrx_word' id='word_1_254' title='bbox 1437 3718 1562 3787; x_wconf 90' lang='lat' dir='ltr'><strong>accioni,</strong></span> 
     </span>
     <span class='ocr_line' id='line_1_31' title="bbox 293 3822 1562 3895; baseline -0.001 -15"><span class='ocrx_word' id='word_1_255' title='bbox 293 3823 533 3882; x_wconf 90' lang='lat' dir='ltr'><strong>contradiccioni</strong></span> <span class='ocrx_word' id='word_1_256' title='bbox 557 3829 585 3879; x_wconf 94' lang='lat' dir='ltr'><strong>et</strong></span> <span class='ocrx_word' id='word_1_257' title='bbox 607 3823 771 3880; x_wconf 89' lang='lat' dir='ltr'><strong>cuiuslibet</strong></span> <span class='ocrx_word' id='word_1_258' title='bbox 795 3824 924 3880; x_wconf 91' lang='lat' dir='ltr'><strong>materie</strong></span> <span class='ocrx_word' id='word_1_259' title='bbox 948 3824 1117 3895; x_wconf 88' lang='lat' dir='ltr'><strong>questionis</strong></span> <span class='ocrx_word' id='word_1_260' title='bbox 1147 3827 1213 3880; x_wconf 91' lang='lat' dir='ltr'><strong>orte</strong></span> <span class='ocrx_word' id='word_1_261' title='bbox 1246 3823 1295 3878; x_wconf 93' lang='lat' dir='ltr'><strong>vel</strong></span> <span class='ocrx_word' id='word_1_262' title='bbox 1325 3822 1451 3880; x_wconf 87' lang='lat' dir='ltr'><strong>oriende</strong></span> <span class='ocrx_word' id='word_1_263' title='bbox 1475 3838 1562 3880; x_wconf 93' lang='lat' dir='ltr'><strong>occa-</strong></span> 
     </span>
     <span class='ocr_line' id='line_1_32' title="bbox 293 3929 1562 4003; baseline -0.001 -17"><span class='ocrx_word' id='word_1_264' title='bbox 293 3930 377 3987; x_wconf 91' lang='lat' dir='ltr'><strong>sione</strong></span> <span class='ocrx_word' id='word_1_265' title='bbox 400 3929 602 4003; x_wconf 88' lang='lat' dir='ltr'><strong>possessionis</strong></span> <span class='ocrx_word' id='word_1_266' title='bbox 625 3935 768 3986; x_wconf 88' lang='lat' dir='ltr'><strong>annotate</strong></span> <span class='ocrx_word' id='word_1_267' title='bbox 792 3937 898 3986; x_wconf 91' lang='lat' dir='ltr'><strong>contra</strong></span> <span class='ocrx_word' id='word_1_268' title='bbox 921 3931 1003 3986; x_wconf 91' lang='lat' dir='ltr'><strong>cives</strong></span> <span class='ocrx_word' id='word_1_269' title='bbox 1030 3935 1218 3986; x_wconf 88' lang='lat' dir='ltr'><strong>memoratos</strong></span> <span class='ocrx_word' id='word_1_270' title='bbox 1242 3943 1471 4000; x_wconf 85' lang='lat' dir='ltr'><strong>recognoscens,</strong></span> <span class='ocrx_word' id='word_1_271' title='bbox 1497 3945 1562 3986; x_wconf 92' lang='lat' dir='ltr'><strong>eos-</strong></span> 
     </span>
     <span class='ocr_line' id='line_1_33' title="bbox 294 4034 1562 4108; baseline 0 -16"><span class='ocrx_word' id='word_1_272' title='bbox 294 4035 365 4092; x_wconf 90' lang='lat' dir='ltr'><strong>dem</strong></span> <span class='ocrx_word' id='word_1_273' title='bbox 389 4035 472 4092; x_wconf 90' lang='lat' dir='ltr'><strong>cives</strong></span> <span class='ocrx_word' id='word_1_274' title='bbox 496 4035 525 4091; x_wconf 94' lang='lat' dir='ltr'><strong>in</strong></span> <span class='ocrx_word' id='word_1_275' title='bbox 549 4035 740 4108; x_wconf 91' lang='lat' dir='ltr'><strong>possessione</strong></span> <span class='ocrx_word' id='word_1_276' title='bbox 768 4034 888 4108; x_wconf 87' lang='lat' dir='ltr'><strong>prelata</strong></span> <span class='ocrx_word' id='word_1_277' title='bbox 914 4036 1068 4107; x_wconf 87' lang='lat' dir='ltr'><strong>integrum</strong></span> <span class='ocrx_word' id='word_1_278' title='bbox 1100 4037 1147 4092; x_wconf 94' lang='lat' dir='ltr'><strong>ius</strong></span> <span class='ocrx_word' id='word_1_279' title='bbox 1178 4035 1300 4102; x_wconf 87' lang='lat' dir='ltr'><strong>habere,</strong></span> <span class='ocrx_word' id='word_1_280' title='bbox 1333 4050 1387 4090; x_wconf 89' lang='lat' dir='ltr'><strong>nec</strong></span> <span class='ocrx_word' id='word_1_281' title='bbox 1418 4034 1456 4090; x_wconf 89' lang='lat' dir='ltr'><strong>ad</strong></span> <span class='ocrx_word' id='word_1_282' title='bbox 1484 4035 1562 4092; x_wconf 88' lang='lat' dir='ltr'><strong>alios</strong></span> 
     </span>
     <span class='ocr_line' id='line_1_34' title="bbox 295 4140 1564 4215; baseline -0.001 -18"><span class='ocrx_word' id='word_1_283' title='bbox 295 4151 398 4215; x_wconf 88' lang='lat' dir='ltr'><strong>preter</strong></span> <span class='ocrx_word' id='word_1_284' title='bbox 423 4141 506 4213; x_wconf 89' lang='lat' dir='ltr'><strong>ipsos</strong></span> <span class='ocrx_word' id='word_1_285' title='bbox 528 4141 611 4197; x_wconf 90' lang='lat' dir='ltr'><strong>solos</strong></span> <span class='ocrx_word' id='word_1_286' title='bbox 635 4141 718 4197; x_wconf 92' lang='lat' dir='ltr'><strong>cives</strong></span> <span class='ocrx_word' id='word_1_287' title='bbox 741 4140 834 4214; x_wconf 90' lang='lat' dir='ltr'><strong>pleno</strong></span> <span class='ocrx_word' id='word_1_288' title='bbox 858 4142 924 4198; x_wconf 90' lang='lat' dir='ltr'><strong>iure</strong></span> <span class='ocrx_word' id='word_1_289' title='bbox 949 4143 1100 4215; x_wconf 91' lang='lat' dir='ltr'><strong>pertinere</strong></span> <span class='ocrx_word' id='word_1_290' title='bbox 1124 4141 1332 4198; x_wconf 89' lang='lat' dir='ltr'><strong>renunciasset</strong></span> <span class='ocrx_word' id='word_1_291' title='bbox 1353 4157 1430 4212; x_wconf 88' lang='lat' dir='ltr'><strong>pure</strong></span> <span class='ocrx_word' id='word_1_292' title='bbox 1446 4147 1476 4196; x_wconf 90' lang='lat' dir='ltr'><strong>et</strong></span> <span class='ocrx_word' id='word_1_293' title='bbox 1492 4141 1564 4196; x_wconf 88' lang='lat' dir='ltr'><strong>sim-</strong></span> 
     </span>
     <span class='ocr_line' id='line_1_35' title="bbox 296 4247 1562 4321; baseline 0 -18"><span class='ocrx_word' id='word_1_294' title='bbox 296 4247 419 4320; x_wconf 91' lang='lat' dir='ltr'><strong>pliciter</strong></span> <span class='ocrx_word' id='word_1_295' title='bbox 450 4262 486 4303; x_wconf 92' lang='lat' dir='ltr'><strong>ac</strong></span> <span class='ocrx_word' id='word_1_296' title='bbox 509 4247 539 4303; x_wconf 91' lang='lat' dir='ltr'><strong>in</strong></span> <span class='ocrx_word' id='word_1_297' title='bbox 562 4253 627 4304; x_wconf 90' lang='lat' dir='ltr'><strong>toto</strong></span> <span class='ocrx_word' id='word_1_298' title='bbox 648 4247 778 4304; x_wconf 89' lang='lat' dir='ltr'><strong>eandem</strong></span> <span class='ocrx_word' id='word_1_299' title='bbox 803 4249 1027 4321; x_wconf 88' lang='lat' dir='ltr'><strong>possessionem</strong></span> <span class='ocrx_word' id='word_1_300' title='bbox 1051 4247 1180 4320; x_wconf 88' lang='lat' dir='ltr'><strong>pacifice</strong></span> <span class='ocrx_word' id='word_1_301' title='bbox 1211 4247 1285 4319; x_wconf 92' lang='lat' dir='ltr'><strong>ipsis</strong></span> <span class='ocrx_word' id='word_1_302' title='bbox 1317 4247 1438 4303; x_wconf 91' lang='lat' dir='ltr'><strong>civibus</strong></span> <span class='ocrx_word' id='word_1_303' title='bbox 1470 4247 1562 4303; x_wconf 91' lang='lat' dir='ltr'><strong>relin-</strong></span> 
     </span>
     <span class='ocr_line' id='line_1_36' title="bbox 294 4351 1563 4426; baseline 0.002 -18"><span class='ocrx_word' id='word_1_304' title='bbox 294 4351 417 4425; x_wconf 91' lang='lat' dir='ltr'><strong>quendo</strong></span> <span class='ocrx_word' id='word_1_305' title='bbox 443 4351 609 4426; x_wconf 88' lang='lat' dir='ltr'><strong>possidere,</strong></span> <span class='ocrx_word' id='word_1_306' title='bbox 642 4361 672 4409; x_wconf 93' lang='lat' dir='ltr'><strong>et</strong></span> <span class='ocrx_word' id='word_1_307' title='bbox 703 4353 786 4424; x_wconf 92' lang='lat' dir='ltr'><strong>quod</strong></span> <span class='ocrx_word' id='word_1_308' title='bbox 820 4354 890 4411; x_wconf 92' lang='lat' dir='ltr'><strong>lnus</strong></span> <span class='ocrx_word' id='word_1_309' title='bbox 920 4369 1023 4410; x_wconf 91' lang='lat' dir='ltr'><strong>comes</strong></span> <span class='ocrx_word' id='word_1_310' title='bbox 1055 4353 1262 4424; x_wconf 86' lang='lat' dir='ltr'><strong>zagrabiensis</strong></span> <span class='ocrx_word' id='word_1_311' title='bbox 1293 4359 1420 4426; x_wconf 87' lang='lat' dir='ltr'><strong>accepto</strong></span> <span class='ocrx_word' id='word_1_312' title='bbox 1445 4353 1563 4410; x_wconf 91' lang='lat' dir='ltr'><strong>domini</strong></span> 
     </span>
     <span class='ocr_line' id='line_1_37' title="bbox 294 4457 1563 4542; baseline 0 -27"><span class='ocrx_word' id='word_1_313' title='bbox 294 4457 433 4516; x_wconf 88' lang='lat' dir='ltr'><strong>Ladizlai</strong></span> <span class='ocrx_word' id='word_1_314' title='bbox 456 4459 538 4530; x_wconf 83' lang='lat' dir='ltr'><strong>regis</strong></span> <span class='ocrx_word' id='word_1_315' title='bbox 562 4466 591 4515; x_wconf 91' lang='lat' dir='ltr'><strong>et</strong></span> <span class='ocrx_word' id='word_1_316' title='bbox 615 4458 731 4516; x_wconf 93' lang='lat' dir='ltr'><strong>domini</strong></span> <span class='ocrx_word' id='word_1_317' title='bbox 755 4460 904 4542; x_wconf 87' lang='lat' dir='ltr'><strong>Johannis</strong></span> <span class='ocrx_word' id='word_1_318' title='bbox 932 4461 1003 4516; x_wconf 89' lang='lat' dir='ltr'><strong>bani</strong></span> <span class='ocrx_word' id='word_1_319' title='bbox 1036 4460 1133 4515; x_wconf 87' lang='lat' dir='ltr'><strong>tocius</strong></span> <span class='ocrx_word' id='word_1_320' title='bbox 1165 4457 1334 4521; x_wconf 84' lang='lat' dir='ltr'><strong>Sclauonie,</strong></span> <span class='ocrx_word' id='word_1_321' title='bbox 1367 4457 1485 4515; x_wconf 92' lang='lat' dir='ltr'><strong>domini</strong></span> <span class='ocrx_word' id='word_1_322' title='bbox 1509 4459 1563 4528; x_wconf 94' lang='lat' dir='ltr'><strong>sui,</strong></span> 
     </span>
     <span class='ocr_line' id='line_1_38' title="bbox 294 4563 1564 4637; baseline -0.002 -15"><span class='ocrx_word' id='word_1_323' title='bbox 294 4563 440 4622; x_wconf 89' lang='lat' dir='ltr'><strong>mandato</strong></span> <span class='ocrx_word' id='word_1_324' title='bbox 464 4571 493 4620; x_wconf 93' lang='lat' dir='ltr'><strong>et</strong></span> <span class='ocrx_word' id='word_1_325' title='bbox 517 4571 672 4637; x_wconf 90' lang='lat' dir='ltr'><strong>precepto,</strong></span> <span class='ocrx_word' id='word_1_326' title='bbox 704 4571 819 4621; x_wconf 90' lang='lat' dir='ltr'><strong>terram</strong></span> <span class='ocrx_word' id='word_1_327' title='bbox 852 4564 975 4622; x_wconf 91' lang='lat' dir='ltr'><strong>Cobilia</strong></span> <span class='ocrx_word' id='word_1_328' title='bbox 1007 4573 1148 4622; x_wconf 90' lang='lat' dir='ltr'><strong>vocatam</strong></span> <span class='ocrx_word' id='word_1_329' title='bbox 1181 4580 1252 4620; x_wconf 93' lang='lat' dir='ltr'><strong>cum</strong></span> <span class='ocrx_word' id='word_1_330' title='bbox 1283 4565 1469 4622; x_wconf 88' lang='lat' dir='ltr'><strong>utilitatibus</strong></span> <span class='ocrx_word' id='word_1_331' title='bbox 1502 4565 1564 4620; x_wconf 91' lang='lat' dir='ltr'><strong>suis</strong></span> 
     </span>
     <span class='ocr_line' id='line_1_39' title="bbox 294 4669 1564 4743; baseline -0.002 -17"><span class='ocrx_word' id='word_1_332' title='bbox 294 4671 455 4739; x_wconf 87' lang='lat' dir='ltr'><strong>universis,</strong></span> <span class='ocrx_word' id='word_1_333' title='bbox 479 4670 538 4726; x_wconf 92' lang='lat' dir='ltr'><strong>sub</strong></span> <span class='ocrx_word' id='word_1_334' title='bbox 563 4671 652 4728; x_wconf 91' lang='lat' dir='ltr'><strong>metis</strong></span> <span class='ocrx_word' id='word_1_335' title='bbox 676 4671 810 4742; x_wconf 80' lang='lat' dir='ltr'><strong>antiquis</strong></span> <span class='ocrx_word' id='word_1_336' title='bbox 834 4677 974 4743; x_wconf 88' lang='lat' dir='ltr'><strong>presente</strong></span> <span class='ocrx_word' id='word_1_337' title='bbox 998 4669 1103 4738; x_wconf 89' lang='lat' dir='ltr'><strong>Paulo,</strong></span> <span class='ocrx_word' id='word_1_338' title='bbox 1120 4670 1186 4727; x_wconf 89' lang='lat' dir='ltr'><strong>filio</strong></span> <span class='ocrx_word' id='word_1_339' title='bbox 1205 4671 1231 4724; x_wconf 86' lang='lat' dir='ltr'>V</span> <span class='ocrx_word' id='word_1_340' title='bbox 1234 4670 1292 4735; x_wconf 88' lang='lat' dir='ltr'><strong>ida,</strong></span> <span class='ocrx_word' id='word_1_341' title='bbox 1314 4670 1474 4743; x_wconf 88' lang='lat' dir='ltr'><strong>pristaldo,</strong></span> <span class='ocrx_word' id='word_1_342' title='bbox 1492 4677 1564 4726; x_wconf 93' lang='lat' dir='ltr'><strong>tunc</strong></span> 
     </span>
     <span class='ocr_line' id='line_1_40' title="bbox 295 4775 1564 4848; baseline 0 -16"><span class='ocrx_word' id='word_1_343' title='bbox 295 4775 435 4832; x_wconf 87' lang='lat' dir='ltr'><strong>terrestri</strong></span> <span class='ocrx_word' id='word_1_344' title='bbox 459 4777 570 4832; x_wconf 89' lang='lat' dir='ltr'><strong>comite</strong></span> <span class='ocrx_word' id='word_1_345' title='bbox 593 4777 749 4846; x_wconf 86' lang='lat' dir='ltr'><strong>existente,</strong></span> <span class='ocrx_word' id='word_1_346' title='bbox 773 4776 832 4833; x_wconf 91' lang='lat' dir='ltr'><strong>sub</strong></span> <span class='ocrx_word' id='word_1_347' title='bbox 855 4777 1031 4832; x_wconf 89' lang='lat' dir='ltr'><strong>testimonio</strong></span> <span class='ocrx_word' id='word_1_348' title='bbox 1055 4776 1189 4832; x_wconf 91' lang='lat' dir='ltr'><strong>hominis</strong></span> <span class='ocrx_word' id='word_1_349' title='bbox 1212 4776 1341 4848; x_wconf 90' lang='lat' dir='ltr'><strong>capituli</strong></span> <span class='ocrx_word' id='word_1_350' title='bbox 1368 4775 1495 4832; x_wconf 88' lang='lat' dir='ltr'><strong>ecclesie</strong></span> <span class='ocrx_word' id='word_1_351' title='bbox 1516 4791 1564 4832; x_wconf 88' lang='lat' dir='ltr'><strong>za-</strong></span> 
     </span>
     <span class='ocr_line' id='line_1_41' title="bbox 293 4880 1563 4955; baseline 0.002 -19"><span class='ocrx_word' id='word_1_352' title='bbox 293 4881 467 4952; x_wconf 85' lang='lat' dir='ltr'><strong>grabiensis</strong></span> <span class='ocrx_word' id='word_1_353' title='bbox 490 4882 556 4937; x_wconf 91' lang='lat' dir='ltr'><strong>iure</strong></span> <span class='ocrx_word' id='word_1_354' title='bbox 579 4889 731 4955; x_wconf 90' lang='lat' dir='ltr'><strong>perpetuo</strong></span> <span class='ocrx_word' id='word_1_355' title='bbox 756 4883 877 4939; x_wconf 88' lang='lat' dir='ltr'><strong>civibus</strong></span> <span class='ocrx_word' id='word_1_356' title='bbox 899 4881 937 4938; x_wconf 92' lang='lat' dir='ltr'><strong>de</strong></span> <span class='ocrx_word' id='word_1_357' title='bbox 962 4889 1066 4938; x_wconf 92' lang='lat' dir='ltr'><strong>monte</strong></span> <span class='ocrx_word' id='word_1_358' title='bbox 1089 4880 1296 4938; x_wconf 86' lang='lat' dir='ltr'><strong>Grecensibus</strong></span> <span class='ocrx_word' id='word_1_359' title='bbox 1312 4881 1376 4938; x_wconf 91' lang='lat' dir='ltr'><strong>sine</strong></span> <span class='ocrx_word' id='word_1_360' title='bbox 1393 4880 1563 4938; x_wconf 88' lang='lat' dir='ltr'><strong>contradic-</strong></span> 
     </span>
     <span class='ocr_line' id='line_1_42' title="bbox 294 4987 1564 5062; baseline 0 -18"><span class='ocrx_word' id='word_1_361' title='bbox 294 4989 380 5046; x_wconf 88' lang='lat' dir='ltr'><strong>cione</strong></span> <span class='ocrx_word' id='word_1_362' title='bbox 403 4989 558 5046; x_wconf 87' lang='lat' dir='ltr'><strong>statuisset</strong></span> <span class='ocrx_word' id='word_1_363' title='bbox 588 4989 817 5062; x_wconf 90' lang='lat' dir='ltr'><strong>possidendam.</strong></span> <span class='ocrx_word' id='word_1_364' title='bbox 848 4989 960 5046; x_wconf 91' lang='lat' dir='ltr'><strong>Adhuc</strong></span> <span class='ocrx_word' id='word_1_365' title='bbox 990 4988 1086 5046; x_wconf 88' lang='lat' dir='ltr'><strong>iidem</strong></span> <span class='ocrx_word' id='word_1_366' title='bbox 1119 4987 1240 5046; x_wconf 90' lang='lat' dir='ltr'><strong>Nicolet</strong></span> <span class='ocrx_word' id='word_1_367' title='bbox 1271 4995 1301 5045; x_wconf 91' lang='lat' dir='ltr'><strong>et</strong></span> <span class='ocrx_word' id='word_1_368' title='bbox 1330 4987 1402 5045; x_wconf 86' lang='lat' dir='ltr'><strong>laxe</strong></span> <span class='ocrx_word' id='word_1_369' title='bbox 1425 4987 1564 5046; x_wconf 89' lang='lat' dir='ltr'><strong>eiusdem</strong></span> 
     </span>
    </p>
   </div>
   <div class='ocr_carea' id='block_1_3' title="bbox 1425 5116 1460 5168">
    <p class='ocr_par' dir='ltr' id='par_1_3' title="bbox 1425 5116 1460 5168">
     <span class='ocr_line' id='line_1_43' title="bbox 1425 5116 1460 5168; baseline 0 0"><span class='ocrx_word' id='word_1_370' title='bbox 1425 5116 1460 5168; x_wconf 86' lang='lat'><strong>²9</strong></span> 
     </span>
    </p>
   </div>
   <div class='ocr_carea' id='block_1_4' title="bbox 0 0 1936 5806">
    <p class='ocr_par' dir='ltr' id='par_1_4' title="bbox 0 0 1936 5806">
     <span class='ocr_line' id='line_1_44' title="bbox 0 0 1936 5806; baseline 0 0"><span class='ocrx_word' id='word_1_371' title='bbox 0 0 1936 5806; x_wconf 95' lang='lat' dir='ltr'><strong> </strong></span> 
     </span>
    </p>
   </div>
  </div>
 </body>
</html>
