3782 5812
661 545 733 602 Dec.
758 557 785 622 7.
814 577 849 588 —
876 545 931 602 An.
957 559 1042 620 1217.
1469 562 1485 616 5

218 757 273 798 rex
296 743 328 799 in
354 749 547 816 perpetuum.
573 741 744 799 Venerandi
768 743 851 814 regie
876 742 981 816 stirpis
1004 757 1194 800 successores
1216 749 1280 800 tam
1297 742 1487 815 diligentem,

218 854 282 906 tam
307 848 563 922 circumspectam
589 848 619 904 in
642 863 769 904 suorum
793 857 1023 904 antecessorum
1046 847 1268 906 donacionibus
1288 856 1318 904 et
1335 848 1488 920 institutis,

218 963 248 1012 et
279 957 311 1012 in
342 955 402 1013 hiis
434 955 577 1024 maxime,
609 971 669 1027 que
700 954 737 1011 ad
770 954 820 1011 dei
851 955 970 1012 cultum
1001 963 1031 1010 et
1062 953 1212 1012 honorem
1239 953 1387 1027 deputata
1409 961 1488 1013 sunt,

218 1060 334 1119 debent
365 1063 480 1120 habere
507 1061 749 1134 providenciam,
781 1067 814 1117 ut
836 1062 862 1118 si
886 1076 946 1132 qua
969 1067 1066 1132 parte,
1098 1061 1148 1117 vel
1173 1075 1287 1118 annosa
1310 1067 1488 1134 temporum

217 1169 350 1236 canicie,
383 1169 434 1226 vel
464 1169 630 1241 inportuno
660 1168 902 1240 malignancium
934 1169 1039 1242 inpetu
1071 1168 1218 1225 vacillare
1246 1167 1396 1237 viderint,
1428 1184 1488 1226 non

218 1281 337 1330 tantum
370 1276 401 1331 in
434 1275 545 1330 meIius
576 1271 754 1344 immutare,
786 1290 895 1331 verum
927 1275 1023 1331 eciam
1049 1275 1199 1331 inmutata
1222 1289 1276 1331 sne
1299 1274 1489 1332 auctoritatis

219 1381 392 1436 munimine
414 1380 556 1438 studeant
579 1379 608 1437 in
635 1386 819 1453 perpetuum
841 1381 996 1438 roborare.
1022 1381 1120 1438 lluins
1140 1381 1243 1452 itaque
1258 1380 1342 1452 regie
1359 1380 1489 1438 circum·

219 1486 392 1558 speccionis
406 1486 582 1543 erudicione
595 1486 712 1554 moniti,
727 1487 919 1559 presencium
933 1491 1024 1558 atque
1041 1491 1234 1559 posterorum
1253 1487 1363 1543 noticie
1377 1486 1489 1544 clares·

218 1605 286 1647 cere
302 1592 467 1649 volumus:
491 1590 573 1664 quod
592 1607 663 1648 cum
680 1607 816 1648 essemus
832 1592 863 1648 in
883 1590 1064 1664 exequendo
1080 1591 1187 1648 itinere
1203 1596 1362 1664 assumpte
1378 1591 1487 1662 crucis,

218 1697 365 1755 iniuriam
389 1697 527 1756 crucifixi
546 1693 652 1755 ulcisci
669 1698 807 1755 volentes
823 1695 860 1754 ad
886 1705 1022 1754 sanctam
1040 1705 1155 1754 terram
1172 1695 1420 1769 profisciscendo,
1437 1713 1489 1754 ve·

218 1805 373 1861 nissemus
394 1804 434 1861 ad
457 1804 687 1876 zagrabiensem
712 1803 934 1877 episcopatum,
958 1820 994 1860 ac
1018 1803 1240 1861 monasterium
1256 1803 1490 1876 zagrabiensea

218 1919 325 1966 sancto
340 1909 488 1966 ladizlao
505 1924 589 1981 rege,¹
603 1909 792 1966 sanctissime
809 1907 1034 1966 recordacionis
1050 1907 1266 1982 predecessore
1286 1913 1400 1978 nostro,
1420 1923 1490 1966 con·

219 2023 382 2084 structum,
407 2015 460 2087 qui
486 2024 598 2072 terram
630 2013 793 2072 Sclauonie
816 2015 882 2070 sive
906 2015 1053 2071 banatum
1084 2013 1125 2070 ab
1149 2027 1253 2070 errore
1274 2011 1428 2084 ydolatrie
1450 2012 1490 2070 ad

220 2122 477 2179 christianitatem
501 2129 690 2190 convertens,
714 2136 825 2178 corone
858 2121 1015 2193 Hungarie
1042 2121 1237 2193 subiugavit;
1261 2121 1314 2193 qui
1337 2121 1435 2178 eciam
1459 2121 1489 2178 in

221 2228 331 2286 eodem
355 2229 469 2285 banatu
494 2229 708 2302 episcopatum
733 2227 871 2298 instituit,
896 2235 925 2284 ct
953 2227 1176 2284 monasterium
1199 2227 1230 2284 in
1255 2227 1370 2284 honore
1393 2227 1490 2284 sancti

219 2335 302 2407 regis
318 2333 467 2408 Stephani
482 2335 661 2402 construxit,
680 2349 735 2408 per
758 2333 952 2391 venerabiles
968 2333 1131 2407 episcopos
1147 2331 1283 2390 dedicari
1301 2331 1488 2390 fecissemus.

219 2441 393 2513 Episcopus
416 2447 446 2497 et
470 2441 642 2513 capitulum
669 2439 807 2498 euisdem
831 2439 891 2496 loci
915 2439 1005 2496 nobis
1029 2439 1188 2496 humiliter
1207 2436 1412 2512 supplicando
1436 2453 1490 2512 po-

220 2547 391 2604 stularunt:
410 2553 442 2603 ut
458 2563 514 2603 nos
531 2546 635 2603 omnia
651 2545 816 2618 privilegia
832 2561 926 2619 super
949 2544 1074 2617 prediis,
1092 2543 1337 2617 possessionibus
1350 2549 1379 2600 et
1396 2543 1489 2602 liber·

219 2653 337 2710 tatibus
357 2653 488 2725 aliisque
512 2651 691 2720 redditibus,
708 2657 771 2708 tam
788 2666 807 2707 a
825 2662 930 2708 sancto
954 2651 1098 2709 Ladizlao
1114 2665 1186 2723 rege
1202 2651 1305 2724 primo
1329 2647 1491 2706 fundatore

219 2761 358 2829 ecclesie,
375 2766 438 2816 tam
455 2759 553 2816 eciam
577 2773 594 2815 a
618 2757 889 2832 predecessoribus
905 2759 1025 2828 nostris,
1045 2757 1209 2830 presertim
1232 2772 1252 2813 a
1274 2754 1368 2813 fratre
1384 2761 1490 2813 nostro

221 2865 323 2923 felicis
340 2865 564 2923 recordacionis
587 2880 659 2937 rege
682 2863 825 2935 Henrico,
846 2879 939 2936 quam
964 2865 1061 2920 eciam
1085 2863 1135 2936 pie
1158 2879 1175 2919 a
1199 2862 1289 2920 nobis
1305 2861 1428 2932 collata,
1444 2877 1490 2919 se-

219 2972 365 3029 crecioris
395 2979 425 3028 et
452 2971 683 3045 sollempnioris
713 2970 810 3043 sigilli
842 2971 946 3038 nostri,
983 2965 1126 3026 videlicet
1153 2983 1244 3025 auree
1276 2967 1363 3024 bulle
1391 2966 1490 3025 muni-

219 3079 305 3135 mine
337 3077 599 3136 confirmaremus.
638 3076 701 3134 Nos
730 3077 824 3150 igitur
850 3091 959 3132 eorum
986 3075 1072 3132 iustis
1107 3073 1312 3148 peticionibus
1343 3073 1489 3143 inclinati,

218 3191 310 3257 grato
333 3184 473 3241 volentes
496 3156 657 3241 occurrere
680 3199 814 3253 assensu,
842 3183 949 3239 habito
981 3181 1109 3238 consilio
1138 3181 1278 3237 omniurn
1310 3185 1490 3251 magnatum

218 3299 407 3360 nostrorum,
431 3291 535 3348 omnia
558 3291 722 3364 privilegia
747 3289 884 3364 predicte
907 3288 1034 3346 ecclesie
1057 3289 1088 3345 in
1112 3285 1251 3344 medium
1279 3283 1408 3344 fecimus
1438 3285 1489 3342 de·

219 3397 301 3464 duci,
317 3402 347 3453 et
368 3413 424 3470 per
446 3397 666 3454 cancellarium
690 3405 829 3454 nostrum
846 3395 1016 3468 Vgolinum
1040 3393 1078 3451 de
1100 3393 1199 3450 verbo
1222 3392 1259 3449 ad
1283 3391 1416 3448 verbum
1440 3406 1490 3448 co-

218 3519 286 3562 ram
311 3503 511 3561 multitudine
536 3501 664 3576 perlegi,
691 3511 814 3560 etcum
838 3503 914 3560 nihil
939 3500 1183 3559 contradiccione
1216 3498 1346 3572 dignum
1368 3503 1489 3573 poterat

216 3611 350 3667 inveniri
382 3611 412 3666 in
440 3609 570 3680 eisdem,
591 3610 693 3666 omnia
718 3608 884 3681 privilegia
906 3613 1011 3665 nostra
1035 3612 1064 3663 et
1089 3605 1343 3680 predecessorum
1369 3611 1489 3662 nostro-

216 3731 289 3772 rum
313 3715 492 3772 renovando
516 3713 685 3772 secundum
710 3711 791 3787 quod
818 3714 847 3770 in
872 3711 987 3770 eisdem
1016 3712 1146 3785 singulis
1170 3711 1372 3782 continentur,
1396 3725 1489 3768 aureo

217 3823 325 3896 sigillo
348 3829 455 3879 nostro
478 3820 708 3878 confirmamus.

307 3975 418 4027 Initium
439 3974 593 4040 diplomatis
618 3975 739 4024 Andreae
764 3971 797 4022 ΙΙ.
817 3973 897 4038 regis,
923 3988 975 4037 quo
1002 3988 1041 4022 an.
1065 3982 1129 4027 1217
1150 3973 1237 4022 omnia
1259 3971 1404 4037 privilegia
1423 3973 1485 4020 eccl.

215 4065 386 4132 zagrabiensi
406 4063 551 4122 confirmat,
571 4071 597 4113 et
616 4065 730 4130 populos
749 4063 805 4112 eius
824 4077 838 4112 a
856 4061 958 4126 judicio
976 4061 1065 4111 banali
1086 4067 1111 4110 et
1130 4063 1254 4110 descensu
1274 4059 1374 4109 eximit.
1396 4058 1487 4124 Origi-

216 4157 277 4205 nale
296 4155 386 4210 huius,
405 4155 477 4218 quod
497 4159 632 4218 portatum
658 4151 744 4202 luerat
767 4151 855 4201 medio
874 4167 939 4201 saec.
960 4149 1027 4200 XIV
1047 4151 1073 4200 in
1091 4151 1229 4216 Vysegrad
1255 4165 1304 4214 per
1322 4147 1487 4198 Demetrium

216 4241 437 4292 archidiaconum
456 4242 518 4290 eccl.
538 4240 723 4305 zagrabiensis,
742 4241 775 4290 ad
796 4239 974 4288 exhibendum
994 4239 1021 4288 in
1040 4239 1095 4296 lite,
1114 4253 1193 4301 quam
1212 4237 1327 4288 habebat
1340 4236 1487 4301 capitulum

216 4331 244 4379 in
265 4329 340 4378 curia
359 4327 446 4393 regali
465 4343 524 4376 curn
544 4327 646 4377 civibus
666 4327 868 4384 Grechensibus,
889 4327 941 4376 suit
960 4328 1124 4376 combustum
1144 4341 1204 4375 cum
1223 4325 1346 4390 pluribus
1359 4324 1420 4373 aliis
1433 4323 1486 4388 pri·

217 4417 327 4482 vilegiis
344 4418 406 4466 eccl.
427 4417 531 4481 zagrab.
553 4417 579 4466 in
598 4419 677 4466 domo
690 4415 790 4466 domini
804 4415 976 4474 Thatamerii,
995 4415 1141 4480 praepositi
1155 4414 1269 4462 albensis
1282 4411 1357 4477 (vide
1370 4411 1486 4462 Tkaldid.

217 4507 289 4558 Mon.
308 4507 369 4557 hist.
391 4506 470 4571 episc.
490 4507 595 4570 zagrab.
616 4505 648 4554 ll.
669 4521 692 4570 p.
716 4505 800 4570 115.);
820 4505 865 4554 sed
886 4510 960 4553 tenor
974 4503 1031 4552 eius
1044 4504 1157 4552 insertus
1176 4502 1262 4566 adhuc
1279 4507 1397 4565 tempore
1416 4499 1486 4566 Thy·

218 4594 318 4646 mothei
338 4595 416 4660 episc.
437 4594 542 4660 zagrab.
564 4593 767 4658 (1264-1287)
786 4593 835 4642 sub
851 4592 943 4658 sigillo
963 4591 1057 4642 maiori
1071 4589 1181 4655 capituli
1196 4589 1317 4647 albensis,
1336 4595 1486 4638 asservatur

218 4685 245 4734 in
266 4684 417 4732 membrana
437 4682 463 4731 in
482 4681 592 4732 archivo
611 4683 688 4747 capit.
708 4681 813 4746 zagrab.
826 4680 886 4730 fasc.
904 4691 924 4730 1.
944 4695 982 4730 nr.
1007 4691 1027 4732 1.
1041 4679 1125 4745 Typis
1140 4677 1267 4743 vulgavit.
1289 4677 1355 4726 Balt.
1371 4675 1484 4725 Krdelic'.

218 4773 287 4822 Hist.
308 4772 375 4822 cath.
396 4773 458 4821 eccl.
478 4773 583 4838 zagrab.
605 4787 629 4836 p.
649 4779 705 4829 327¹
727 4769 834 4820 Farlati.
854 4769 921 4819 Illir.
942 4785 1006 4818 sacr.
1028 4775 1088 4818 tom.
1110 4767 1139 4816 V.
1162 4783 1185 4831 p.
1206 4769 1265 4823 358.
1284 4765 1396 4814 Katona.
1416 4764 1484 4814 Hist.

219 4860 277 4910 crit.
296 4869 358 4911 tom.
379 4861 411 4908 V.
432 4876 456 4925 p.
477 4861 534 4921 246.
558 4857 638 4924 Fejdr.
659 4860 723 4908 Cod.
744 4858 809 4924 dipl.
830 4857 876 4908 111.
900 4854 1215 4922 1.210.J0an.Tt‹attle.
1237 4853 1306 4903 Mon.
1326 4853 1385 4902 hist.
1406 4853 1484 4918 episc.

217 4951 322 5015 zagrab.
343 4957 405 4999 tom
426 4948 445 4997 l.
466 4965 489 5014 p.
509 4963 551 5009 44
