3824 5806
662 585 736 644 Doc.
754 583 833 664 380.
860 620 896 628 -
923 587 980 644 An.
1005 598 1094 663 1395.
1450 600 1510 662 359

246 784 419 842 faciendam
442 793 549 844 nostro
570 801 628 860 pro
659 786 834 843 testimonio
865 785 1060 842 duxissemus
1091 783 1315 856 destinandum,
1348 786 1401 858 qui
1429 791 1512 858 post·

246 890 375 949 modum
398 891 436 948 ad
461 906 516 949 uos
539 893 656 970 reversi
679 892 769 949 nohis
792 890 986 948 concorditer
1001 890 1188 948 retulerunt:
1205 889 1288 962 quod
1304 891 1364 964 ipsi
1380 892 1511 948 sabbato

245 997 390 1070 proximo
414 1003 484 1070 post
507 996 619 1054 festum
652 997 874 1066 penthecostes,
905 1013 985 1054 nunc
1004 995 1146 1069 proxime
1173 996 1329 1069 preterito
1354 996 1393 1053 ad
1417 995 1511 1054 facies

245 1101 403 1159 cuiusdem
428 1108 509 1159 terre
534 1102 727 1176 prefatorum
758 1101 877 1174 iudicis,
909 1103 1081 1160 iuratorum
1104 1105 1134 1158 et
1157 1102 1272 1159 civium
1295 1102 1510 1160 universorum

245 1205 325 1264 dicte
348 1207 482 1264 civitatis
506 1207 614 1265 vicinis
637 1213 666 1266 et
690 1208 908 1265 commetaneis
931 1208 994 1265 suis
1017 1207 1170 1265 universis
1192 1207 1270 1265 inibi
1286 1207 1424 1280 legitime
1440 1222 1511 1266 con-

245 1313 362 1369 vocatis
384 1321 415 1370 et
438 1313 634 1386 presentibus
666 1315 871 1382 accessissent,
902 1313 1066 1386 ipsamque
1096 1318 1212 1370 terram
1242 1329 1299 1386 per
1326 1328 1397 1370 suas
1420 1329 1510 1371 veras

248 1427 278 1475 et
301 1419 443 1491 antiquas
464 1427 563 1476 metas
587 1419 672 1476 iuxta
695 1417 994 1477 demonstracionem
1024 1418 1218 1492 prefatorum
1246 1419 1355 1477 iudicis
1378 1424 1407 1477 et
1430 1420 1510 1477 iura-

245 1534 347 1581 torum
371 1540 390 1581 a
413 1531 500 1597 parte
524 1525 725 1598 possessionis
747 1525 884 1582 Ladislai
906 1533 936 1582 et
958 1524 1115 1598 Stephani,
1140 1524 1279 1582 tiliorum
1303 1525 1457 1584 Benedicti
1474 1543 1511 1583 ac

244 1629 396 1703 Gregorii,
419 1629 477 1688 filii
494 1629 663 1702 Mychaelis
676 1631 714 1688 de
731 1629 815 1688 Odra
831 1631 889 1688 hoc
904 1631 1012 1689 ordine
1028 1631 1290 1688 reambulassent:
1307 1631 1392 1704 quod
1407 1633 1511 1704 primo

221 1777 223 1780 .
245 1736 427 1810 incepissent
450 1737 479 1792 in
504 1735 640 1809 quadam
663 1735 768 1793 mlalra
790 1751 902 1808 magna
924 1753 1019 1810 penes
1034 1744 1150 1794 terram
1165 1737 1323 1818 Johauuis,
1340 1736 1398 1794 filii
1419 1737 1509 1806 Petri,

245 1841 302 1899 filii
324 1841 410 1924 Jaxa,
440 1841 511 1900 inde
541 1841 643 1899 eundo
672 1857 781 1899 versus
811 1843 938 1916 plagam
967 1841 1202 1901 meridionalem
1238 1843 1448 1916 pervenissent
1470 1842 1508 1900 ad

244 1947 348 2004 locum
372 1947 426 2004 ubi
448 1947 517 2021 ipsa
539 1953 622 2005 terra
644 1948 856 2006 convicinatur
880 1949 969 2005 terris
992 1947 1204 2021 predictorum
1228 1947 1362 2006 ladislai
1385 1955 1415 2006 et
1443 1947 1509 2006 Ste-

244 2053 346 2126 phani,
369 2051 508 2110 filiorum
533 2051 686 2111 Benedicti
710 2063 739 2111 et
762 2053 914 2127 Gregorii,
945 2054 1002 2112 filii
1027 2055 1206 2126 Mychaelis,
1230 2069 1301 2112 cum
1325 2056 1414 2112 terris
1439 2071 1510 2129 pos·

244 2159 386 2216 sessionis
410 2159 550 2232 ipsorum
575 2157 684 2217 iudicis
707 2167 738 2217 et
762 2161 933 2218 iuratorum
959 2161 1114 2232 Hrasthya
1137 2167 1253 2230 vocate,
1277 2169 1307 2217 et
1330 2158 1440 2218 deinde
1456 2177 1508 2218 ve-

245 2264 360 2321 nissent
384 2264 424 2321 ad
448 2265 582 2339 primam
610 2264 754 2337 mlakam,
779 2272 808 2322 et
832 2266 944 2323 abhinc
972 2265 1010 2323 ad
1043 2267 1170 2339 plagam
1193 2265 1417 2324 occidentalem
1441 2283 1509 2340 per-

243 2371 397 2428 venissent
420 2370 458 2428 ad
485 2372 620 2445 primam
645 2379 777 2442 metam;
801 2381 831 2430 et
854 2387 926 2429 cum
950 2373 980 2430 in
1004 2373 1080 2430 locis
1103 2373 1249 2446 predictis
1272 2378 1369 2430 metas
1392 2373 1509 2445 erigere

243 2485 273 2532 et
293 2475 409 2534 eisdem
432 2476 534 2547 iudici,
559 2477 666 2535 iuratis
689 2483 719 2535 et
743 2478 865 2536 civibus
888 2477 1033 2551 predictis
1051 2479 1227 2552 relinquere
1242 2479 1420 2548 voluisseut,
1437 2484 1509 2536 tunc

243 2580 393 2640 discretus
415 2582 464 2640 vir
480 2581 624 2640 dominus
643 2583 827 2640 laurencius
843 2583 994 2655 sacerdos,
1011 2592 1111 2642 rector
1127 2585 1254 2643 ecclesie
1270 2586 1366 2642 sancti
1383 2584 1509 2658 Georgii

243 2687 281 2745 de
304 2687 388 2746 Odra
411 2689 440 2746 in
465 2690 604 2761 personis
627 2689 821 2763 prefatorum
845 2689 989 2762 Ladislai,
1013 2691 1161 2765 Stephani
1185 2699 1214 2749 et
1237 2689 1379 2764 Gregorii
1404 2691 1508 2748 huius·

243 2793 328 2851 modi
352 2793 562 2852 ereccionibus
597 2803 749 2852 metarum
783 2795 936 2852 velamine
969 2795 1222 2854 contradiccionis
1252 2797 1398 2868 obvisset,
1430 2811 1508 2869 quos

243 2900 361 2958 scilicet
383 2899 572 2970 Ladislaum,
597 2901 788 2974 Stephanum
819 2909 849 2958 et
881 2901 1067 2974 Gregorium
1100 2902 1150 2959 die
1180 2895 1220 2959 et
1241 2903 1310 2960 loco
1337 2903 1368 2960 in
1391 2901 1507 2960 eisdem

244 3013 350 3063 contra
373 3011 534 3063 annotatos
558 3006 700 3077 iudicem,
724 3008 840 3065 iuratos
864 3014 894 3064 et
917 3009 1077 3066 universos
1098 3009 1181 3066 cives
1197 3009 1236 3066 ad
1253 3008 1423 3082 quindenas
1439 3024 1508 3082 pre·

243 3111 316 3169 dicti
339 3112 469 3182 sabbati,
487 3129 566 3170 nunc
589 3124 741 3182 venturas
765 3117 902 3171 vestram
922 3115 1063 3171 citassent
1079 3115 1110 3172 in
1127 3098 1327 3188 presenciam,
1351 3115 1507 3171 racionem

177 3243 180 3252 ·
242 3217 494 3276 contradiccionis
517 3233 626 3275 eorum
648 3219 832 3277 reddituros.
856 3219 971 3277 Datum
988 3218 1065 3278 feria
1080 3221 1186 3293 quinta
1202 3219 1346 3293 proxima
1369 3227 1439 3292 post
1464 3218 1506 3275 fe·

242 3332 325 3382 stum
349 3333 451 3382 sancte
475 3324 639 3382 Trinitatis.
666 3329 754 3382 Anno
778 3325 896 3383 domini
920 3325 1028 3384 MCCC
1052 3327 1250 3399 nonagesimo
1273 3327 1388 3399 quinto.

332 3475 471 3541 Originale
490 3477 517 3526 iu
537 3477 669 3536 charta,a
696 3485 772 3545 tergo
797 3479 939 3545 vestigium
964 3478 1048 3544 sigilli
1074 3477 1234 3544 capitularis.
1263 3478 1292 3530 ln
1318 3479 1428 3530 archivo
1447 3481 1464 3529 1.
1485 3497 1505 3530 r¹

243 3563 292 3615 civ.
313 3565 416 3630 zagrab.

828 3777 920 3844 380.

348 3919 424 3967 Anno
447 3927 520 3980 1395,
542 3927 580 3981 ¹9·
599 3917 679 3984 Junii.
699 3919 852 3984 Zagrabiae.

241 4044 380 4101 Detricus
403 4044 502 4101 Bubek
524 4045 625 4116 bonus,
646 4063 763 4103 causam
787 4048 957 4106 interrivos
979 4048 1152 4106 Grcclrenses
1175 4057 1203 4106 et
1223 4052 1374 4107 nonnullos
1396 4061 1506 4125 posses-

666 4171 743 4210 sores
762 4153 797 4210 dc
825 4153 917 4226 Odra,
932 4163 1083 4230 prorogat.

333 4295 395 4352 Nos
417 4295 559 4353 Detricus
584 4295 698 4366 Bubek,
722 4297 809 4368 regni
832 4296 994 4356 Sclauonie
1011 4298 1116 4356 banus.
1139 4298 1257 4356 Damus
1273 4314 1331 4372 pro
1348 4301 1505 4370 memoria,

243 4401 326 4474 quod
351 4417 484 4472 causam,
508 4417 601 4475 quam
626 4401 727 4462 iudex.
762 4402 853 4460 iurati
876 4409 905 4461 et
927 4403 1063 4462 universi
1093 4405 1176 4462 cives
1201 4404 1313 4463 montis
1335 4403 1505 4475 Greceusis,

243 4521 300 4579 pro
324 4506 438 4578 quihus
460 4505 583 4578 Paulus,
606 4505 691 4565 filius
714 4507 846 4580 Andree,
870 4524 941 4566 cum
961 4510 1182 4581 procuratoriis
1198 4510 1308 4568 litteris
1324 4509 1504 4568 eorumdem

240 4599 336 4670 astitit
366 4617 472 4670 contra
501 4612 680 4670 ladislaum
708 4620 737 4671 et
761 4612 963 4688 Stephanum,
987 4614 1071 4673 filios
1093 4615 1249 4674 Benedicti
1265 4621 1294 4674 et
1310 4616 1505 4688 Gregorium,

241 4717 340 4774 tilium
366 4717 525 4776 Michaelis
546 4718 585 4775 de
608 4715 700 4790 Odra,
724 4734 782 4792 pro
805 4719 919 4792 quibus
942 4727 1119 4794 assumptor
1142 4722 1265 4780 termini
1296 4721 1505 4796 comparendo

240 4823 407 4881 terminum
441 4825 608 4898 assumpsit
636 4826 721 4882 iuxta
751 4826 974 4884 continenciam
1004 4827 1179 4885 litterarum
1214 4828 1342 4902 capituli
1378 4829 1506 4886 ecclesie

240 4929 447 5003 zagrabiensis
462 4931 673 4989 citatoriarum
690 4931 721 4989 in
737 4930 899 5004 quindenis
919 4933 1041 4991 sabbati
1058 4935 1193 5008 proximi
1211 4941 1282 5008 post
1299 4933 1412 4992 festum
1430 4935 1505 4992 Pen-

241 5035 394 5094 thecostes
416 5051 543 5094 movere
567 5036 702 5094 habebat
717 5053 821 5095 coram
838 5039 944 5109 nobis;
960 5039 1002 5096 ob
1018 5041 1142 5098 termini
1159 5041 1351 5114 prioritatem
1368 5041 1405 5098 ad
1423 5047 1504 5100 octa-
