3728 5806
571 568 644 625 Dec.
663 567 739 644 306.
758 582 833 646 307.
861 605 896 612 -
924 573 978 630 An.
1004 567 1094 648 1380.
1404 575 1463 650 289

203 761 380 821 huiusmodi
415 766 613 822 mencionem.
650 766 766 823 Datum
797 768 903 840 Rome,
933 770 1015 842 apud
1043 787 1065 827 s.
1089 770 1222 842 Petrum,
1248 771 1296 828 Vl.
1320 769 1468 828 kalendas

201 867 293 948 Junii.
317 869 515 927 Pontificatus
539 871 634 928 nostri
657 888 738 928 anno
760 875 862 931 tercio,
887 875 923 932 H.
945 875 1083 932 Wmaus.
1112 875 1142 932 P.
1167 875 1205 932 de
1228 876 1344 933 Alatro.
1376 877 1405 933 P.
1430 876 1468 933 de

204 973 380 1032 Lanzanico.
406 975 561 1034 Valascus.

291 1109 322 1159 In
341 1110 438 1158 charla.
468 1113 586 1177 htergo
608 1113 722 1162 duorum
747 1113 899 1178 sigillorum
927 1114 1045 1179 vestigia.
1075 1114 1105 1164 In
1130 1114 1239 1164 archivo
1263 1115 1308 1164 lib.
1338 1131 1392 1182 reg.
1418 1115 1467 1166 civ.

202 1198 300 1262 zagrab

792 1397 886 1464 306.
962 1397 966 1406 ’

308 1539 385 1587 Anno
408 1539 482 1598 1380,
504 1548 542 1597 13.
562 1538 642 1604 Junii.
664 1538 752 1588 Crisii.

203 1665 367 1724 Lndovicus
389 1668 566 1740 Hungnriae
595 1676 642 1726 etc.
674 1687 736 1738 rex,
766 1684 883 1724 cansam
914 1665 990 1723 inter
1015 1667 1171 1739 capi'tulnm
1200 1665 1318 1738 zagrab.
1347 1666 1469 1724 eiciens

210 1772 385 1832 Greclrenses
406 1775 440 1832 de
462 1775 548 1832 ίαν-νίς
569 1783 597 1832 et
617 1777 702 1844 tnrri,
733 1775 776 1831 ad
800 1773 1045 1846 congregationem
1070 1771 1236 1846 Zagrabine
1257 1773 1467 1830 convocandam

782 1879 890 1954 differt.

294 2023 468 2081 Lodouicus
491 2024 540 2082 dei
563 2024 669 2096 gracia
691 2040 746 2081 rex
769 2024 937 2096 Hungarie,
960 2024 1095 2094 Polonie,
1119 2024 1280 2082 Dalmacie
1303 2031 1357 2084 etc.
1380 2025 1469 2083 Fide·

204 2129 287 2187 libus
311 2131 374 2187 suis
397 2130 498 2199 iudici,
522 2131 630 2187 iuratis
653 2135 683 2187 et
707 2129 859 2187 universis
883 2130 1004 2186 civibus
1030 2145 1066 2187 ac
1096 2130 1271 2202 hospitibus
1295 2131 1406 2188 nostris
1431 2131 1469 2188 de

203 2241 309 2293 monte
332 2236 477 2294 Grecensi
501 2236 539 2293 de
563 2235 722 2308 Zagrabia,
746 2237 879 2293 salutem
910 2239 940 2292 et
970 2236 1117 2307 graciam.
1148 2235 1228 2292 Cum
1255 2251 1311 2293 nos
1334 2237 1469 2309 presenti

204 2343 445 2415 congregacione
475 2348 581 2400 nostra
604 2341 703 2414 Cn'sii
728 2358 785 2416 per
807 2341 943 2415 prelatos
967 2347 997 2399 et
1013 2343 1146 2400 barones
1163 2347 1285 2400 nostros
1308 2343 1470 2413 celebrata,

204 2448 299 2505 aliam
322 2450 596 2521 congregacionem
619 2448 797 2521 generalem
820 2449 850 2506 in
874 2448 1021 2505 comitatu
1044 2448 1235 2519 zagrabiensi
1258 2448 1411 2505 celebrari
1427 2447 1471 2504 fa-

204 2569 273 2611 cere
296 2554 500 2624 intendamus
524 2554 593 2612 ideo
617 2561 719 2611 vestre
741 2554 951 2612 universitatis
974 2553 1119 2611 fidelitati
1150 2555 1347 2628 presentibus
1371 2553 1472 2610 decla·

204 2675 319 2732 ramus,
341 2667 491 2733 quatenus
515 2675 649 2732 causam,
673 2677 733 2732 que
757 2661 836 2717 inter
860 2675 915 2716 vos
939 2659 979 2716 ab
1003 2675 1064 2716 una
1088 2665 1118 2716 et
1145 2658 1328 2717 honorabile
1354 2660 1471 2733 capitu-

205 2767 270 2822 lum
295 2765 423 2823 ecclesie
446 2766 652 2838 zagrabiensis
676 2769 764 2839 parte
788 2766 828 2823 ab
859 2767 964 2836 altera,
997 2770 1061 2822 tam
1092 2765 1123 2822 in
1155 2764 1239 2822 facto
1266 2770 1418 2823 terrarum
1442 2772 1472 2822 et

205 2871 307 2942 turris,
332 2887 426 2944 quarn
449 2872 546 2928 eciam
570 2871 601 2928 in
624 2870 695 2928 aliis
719 2871 882 2944 quibusvis
905 2869 994 2928 factis
1016 2871 1144 2928 suborta
1168 2871 1312 2944 extiterit,
1337 2871 1377 2928 ad
1401 2886 1471 2929 ean·

205 2975 276 3033 dem
299 2977 575 3049 congregacionem
598 2983 737 3034 nostram
761 2976 938 3048 generalem
961 2976 1094 3033 indicto
1115 2977 1471 3048 comitatuzagrabiensi

204 3081 424 3140 celebrandam
448 3081 594 3140 duximus
616 3081 821 3139 differendam
844 3087 874 3139 et
896 3097 953 3155 per
976 3081 1101 3139 eosdem
1126 3081 1264 3155 prelatos
1289 3088 1319 3139 et
1342 3082 1472 3139 barones

205 3195 335 3260 nostros,
358 3188 504 3245 videlicet
526 3187 819 3245 reverendissimum
843 3193 965 3261 patrem
995 3187 1158 3244 dominum
1183 3187 1387 3260 Demetrium,
1407 3203 1471 3245 car-

206 3295 352 3365 dinalem,
376 3293 619 3367 Strigoniensem
642 3299 673 3350 et
695 3292 896 3365 magnificum
914 3293 1016 3351 virum
1032 3292 1193 3350 dominum
1217 3293 1344 3351 Petrum
1359 3293 1470 3366 Zudar,

206 3401 292 3474 regni
313 3401 411 3458 nostri
434 3399 597 3458 Sclauonie
628 3399 745 3456 barrum
775 3399 942 3456 salubriter
973 3398 1207 3472 disponendam,
1239 3397 1471 3471 moderandam,

206 3506 463 3581 componendam,
487 3505 690 3563 ordinandam
707 3511 737 3563 et
753 3505 889 3562 decisivo
905 3503 966 3562 fine
982 3504 1216 3563 terminandam.
1237 3504 1356 3562 Datum
1372 3504 1471 3576 Crisii,

207 3611 283 3670 feria
308 3619 418 3685 quarta
439 3613 584 3686 proxima
606 3617 678 3685 post
708 3610 822 3669 festum
853 3611 935 3667 beati
963 3610 1101 3668 Barnabe
1133 3610 1274 3684 apostoli.
1307 3612 1396 3668 Anno
1418 3610 1472 3668 do-

206 3720 281 3776 mini
305 3719 538 3777 MCCCLXXX.

297 3853 437 3920 Originale
456 3853 483 3903 in
502 3853 600 3913 charta,
620 3868 635 3902 a
655 3859 730 3918 tergo
749 3851 906 3918 impressum
925 3867 1047 3918 magnum
1070 3851 1189 3917 sigillum
1211 3851 1289 3917 regis.
1313 3851 1343 3901 In
1362 3851 1432 3901 arch.
1453 3852 1470 3902 l.

206 3959 226 3994 r.
246 3943 296 3994 civ.
316 3943 420 4009 zagrab.

795 4138 884 4209 307.

312 4301 388 4349 Auno
409 4299 483 4358 1380,
502 4308 543 4362 29.
563 4297 684 4365 Augusti.
702 4297 733 4348 In
752 4305 838 4349 castro
858 4295 1017 4364 Vejglecsth.

206 4427 369 4486 audoveus
391 4429 568 4502 Hungariae
584 4437 632 4486 etc.
647 4448 710 4498 rex,
727 4427 876 4485 Demetrio
892 4426 1046 4496 cardinali,
1060 4425 1245 4499 strigoniensi
1257 4423 1473 4500 archiepiscopi),

207 4543 241 4593 nt
259 4554 376 4593 causam
399 4537 476 4593 inter
489 4536 562 4593 cives
584 4535 757 4593 Grechenses
773 4542 858 4607 atque
873 4533 1019 4601 Marcum,
1034 4532 1135 4606 filium
1157 4531 1282 4602 dir'keclr,
1297 4533 1340 4588 ad
1358 4540 1473 4590 octavos

556 4660 577 4700 s.
602 4641 756 4699 ildiclmclis
772 4645 918 4714 proroget,
943 4639 1119 4712 deprecatur.

294 4807 361 4863 Rex
395 4805 552 4879 Hungarie
588 4810 642 4862 etc.
676 4802 945 4861 Reverendlssime
979 4803 1081 4874 pater!
1115 4801 1199 4859 Dicit
1226 4800 1316 4858 nobis
1340 4800 1471 4858 Mathias

207 4913 283 4970 civis
306 4912 345 4969 de
368 4911 520 4984 Zagrabia
554 4912 679 4982 iuratus
716 4916 877 4981 tamquam
912 4916 1096 4981 procurator
1119 4913 1149 4964 et
1171 4906 1385 4980 procuratorio
1419 4923 1474 4964 no·

208 5019 289 5076 mirre
312 5018 445 5076 civitatis
468 5017 673 5090 zagrabiensis
702 5017 733 5072 in
763 5015 879 5072 octavis
903 5014 973 5070 festi
997 5014 1079 5070 beati
1101 5013 1210 5096 Jacobi
1235 5012 1378 5085 apostoli,
1402 5027 1473 5084 pro-

1336 5137 1367 5192 ¹9
