3824 5806
847 550 919 608 Dec.
938 548 1013 627 367.
1040 585 1076 594 -
1102 553 1158 610 An.
1182 565 1271 629 1393.

422 749 590 805 sessionem
613 763 719 806 eorum
745 749 899 820 irruendo,
926 750 1055 808 eandem
1080 752 1201 824 penitus
1225 752 1358 810 desolari
1382 769 1417 810 ac
1442 753 1607 822 devastari,
1633 755 1692 810 vii-

423 855 519 912 licum
545 870 581 911 ac
604 871 698 927 quam
723 856 829 928 plures
853 857 931 913 alios
954 857 1133 929 iobagiones
1156 859 1351 931 captivando,
1375 859 1500 916 eosdem
1521 859 1694 916 crudeliter

423 961 603 1018 tormentari
625 960 775 1032 fecissent,
800 961 945 1020 videlicet
968 963 1073 1035 spinas
1098 964 1175 1020 inter
1199 963 1306 1020 dentes
1321 971 1350 1021 et
1367 980 1485 1036 ungues
1501 964 1692 1036 infingend0,

423 1081 538 1122 necnon
574 1067 697 1124 dacium
733 1073 873 1126 nostrum
908 1070 1012 1141 regale
1042 1085 1097 1142 per
1122 1069 1277 1142 predictos
1301 1071 1383 1127 cives
1408 1071 1483 1144 ipsis
1507 1071 1694 1144 impositum

422 1175 463 1230 ab
487 1173 602 1230 eisdem
627 1175 800 1246 exigissent,
824 1176 1039 1247 aequandam
1064 1176 1192 1234 domurn
1217 1177 1247 1234 in
1273 1177 1428 1234 territorio
1451 1177 1532 1234 dicte
1555 1177 1691 1234 civitatis

426 1287 527 1337 nostre
551 1279 765 1352 Zagrabiensis
789 1283 936 1349 habitam,
963 1283 1062 1339 noctis
1085 1283 1115 1339 in
1139 1283 1266 1340 silencio
1290 1282 1409 1340 incendi
1428 1291 1457 1338 et
1473 1282 1633 1338 combum'
1650 1281 1693 1338 fe-

425 1389 544 1456 cissent,
569 1389 599 1444 in
623 1403 732 1445 eorum
756 1389 961 1462 preiudicium
985 1389 1077 1446 valde
1094 1404 1250 1462 magnum.
1267 1389 1409 1460 Cumque
1425 1393 1530 1445 nostra
1545 1389 1693 1444 serenitas

424 1495 597 1568 prelibatos
629 1495 720 1564 cives,
752 1495 889 1569 hospites
919 1513 955 1553 ac
981 1498 1117 1570 populos
1140 1495 1179 1552 de
1201 1495 1283 1552 dicta
1306 1495 1463 1566 Zagrabia,
1488 1495 1532 1552 sic
1555 1494 1693 1552 indebite

426 1616 485 1658 non
510 1601 585 1657 velit
601 1601 664 1658 suis
678 1602 798 1658 iuribus
810 1602 988 1660 defraudari
1000 1619 1052 1660 seu
1067 1602 1292 1675 dampnificari,
1307 1601 1491 1658 mandamus
1506 1601 1602 1673 igitur
1617 1599 1693 1657 fide·

426 1707 504 1764 litati
535 1713 638 1764 vestre
672 1707 811 1778 firmiter,
843 1715 994 1781 quatenus
1026 1715 1165 1765 vestrum
1193 1707 1322 1764 mittatis
1345 1707 1503 1763 hominem
1527 1721 1587 1780 pro
1610 1707 1693 1763 testi-

432 1814 536 1870 monio
559 1813 761 1886 fidedignum,
785 1829 847 1886 quo
871 1819 1020 1887 presente.
1041 1811 1201 1885 Georgius,
1226 1813 1310 1871 filius
1332 1813 1440 1895 jacobi
1460 1813 1499 1870 de
1515 1813 1692 1883 Moroueha,

425 1919 478 1976 vel
514 1919 628 1976 Paulus
663 1925 715 1976 aut
751 1921 900 1991 Mychaei,
932 1919 992 1976 filii
1023 1921 1150 1977 hiachen
1178 1919 1216 1977 de
1241 1919 1408 1992 Mykulieh,
1432 1920 1498 1976 sive
1520 1918 1692 1988 Ladislaus‚

426 2025 510 2083 filius
543 2025 695 2083 Valentini
725 2025 763 2082 de
798 2025 990 2099 Lompnicha
1009 2042 1063 2084 seu
1088 2025 1215 2098 BlasiuS,
1240 2025 1324 2083 filius
1348 2025 1453 2082 Medes
1476 2025 1515 2082 de
1538 2024 1629 2094 Zaua,
1652 2039 1690 2081 an

426 2132 531 2202 Vorih,
563 2131 648 2189 filius
681 2132 849 2189 Hermanni
882 2131 920 2188 de
943 2132 1129 2202 Zenthlazlo,
1156 2133 1225 2190 aliis
1248 2132 1436 2202 absentibus,
1460 2132 1555 2188 homo
1580 2137 1691 2200 noster,

424 2237 462 2295 ad
488 2238 624 2310 prefatos
649 2238 777 2294 Paulum
802 2244 832 2295 et
855 2237 1044 2310 Gregorium
1067 2238 1248 2308 accedend0‚
1273 2245 1379 2294 evocet
1400 2239 1484 2310 ipsos
1500 2245 1607 2294 contra
1623 2253 1693 2310 pre-

426 2345 539 2401 libatus
563 2345 655 2410 cives‚
679 2345 816 2417 hospites
838 2361 874 2401 ac
898 2345 1032 2417 populos
1062 2351 1182 2402 nostros
1206 2345 1236 2402 in
1261 2344 1451 2417 presenciam
1475 2343 1549 2400 dicti
1574 2341 1693 2398 domini

423 2451 572 2533 Johannis
605 2451 675 2508 bani
707 2452 758 2507 vel
790 2452 855 2508 eius
887 2451 1027 2508 vicebani
1059 2468 1111 2508 seu
1140 2451 1262 2508 comitis
1286 2450 1438 2508 crisiensis
1460 2448 1500 2505 ad
1524 2449 1691 2506 terminum

424 2565 660 2630 competentem,
685 2559 838 2614 racionem
863 2557 901 2615 de
924 2559 1084 2631 premissis
1100 2557 1244 2614 omnibus
1267 2555 1443 2613 reddituros
1463 2554 1637 2624 efficacem;
1663 2561 1693 2610 et

425 2671 494 2738 post
518 2664 573 2720 hec
596 2663 735 2720 omnium
761 2663 983 2735 premissorum
1007 2665 1118 2720 seriem
1142 2670 1175 2719 ut
1198 2661 1292 2719 fuerit
1315 2661 1490 2734 expediens,
1517 2659 1619 2717 eidem
1639 2659 1693 2716 do·

424 2771 509 2826 mino
547 2769 626 2826 bano
658 2777 710 2824 aut
740 2769 805 2825 eius
837 2769 986 2826 vicebano
1018 2785 1070 2826 seu
1095 2769 1159 2826 eius
1186 2769 1292 2825 comiti
1323 2767 1460 2824 crisiensi
1491 2781 1578 2823 more
1601 2766 1692 2822 solito

423 2875 607 2932 rescribatis.
638 2873 752 2930 Datum
783 2874 813 2931 in
838 2874 952 2946 Vigles,
977 2874 1053 2932 feria
1076 2883 1186 2948 quarta
1209 2875 1352 2946 proxima
1372 2879 1441 2946 post
1460 2872 1574 2930 festum
1591 2887 1693 2929 ascen-

423 2982 517 3039 sionis
542 2981 667 3038 domini.
691 2983 780 3037 Anno
804 2981 942 3038 eiusdem
968 2981 1076 3037 hiCCC
1101 2981 1299 3052 nonagesimo
1323 2979 1426 3037 tercio.

517 3099 657 3164 Originale
686 3098 712 3148 in
738 3099 835 3148 charta.
866 3101 985 3163 Atergo
1013 3098 1169 3164 impressum
1199 3097 1318 3163 sigillum
1343 3097 1421 3162 regis.
1451 3097 1481 3146 ln
1509 3096 1618 3146 archivo
1647 3096 1691 3145 lib.

427 3204 482 3252 reg.
503 3188 551 3238 civ.
571 3187 674 3252 zagrab.

1014 3314 1101 3380 367.

530 3459 606 3505 Anno
629 3465 702 3517 1393,
728 3455 764 3503 16.
785 3455 949 3520 septembris.
969 3454 1122 3518 Zagrabiae.

431 3585 534 3641 Coram
550 3585 693 3661 johanne
720 3583 875 3640 Slavoniae
901 3585 984 3648 bano.
1015 3585 1201 3656 magistratus
1231 3584 1355 3640 civitates
1384 3584 1486 3638 montis
1516 3580 1685 3639 Greclrensis

424 3699 522 3748 contra
537 3692 621 3766 filios
643 3689 770 3758 Mastcn,
786 3691 838 3763 qui
849 3691 1038 3763 possessiones
1063 3690 1221 3746 Petrovina
1244 3698 1271 3746 et
1295 3688 1446 3764 Hrostltja
1474 3694 1689 3761 occupaverant,

962 3802 1146 3868 protestatur.

514 3943 575 3999 Nos
599 3943 754 4024 Johannes
771 3957 873 3998 comes
890 3941 995 4012 Vegle,
1014 3940 1172 3997 hlodrusse
1189 3947 1252 4008 etc..
1271 3955 1499 4011 regnorumque
1523 3937 1691 4006 Dalmacie,

426 4051 552 4108 Croacie
576 4057 606 4105 et
629 4047 791 4105 Sclauonie
816 4048 920 4104 banus.
943 4047 1089 4103 hiemorie
1106 4046 1369 4116 commendamus,
1390 4044 1472 4117 quod
1490 4043 1614 4117 providi
1631 4043 1690 4098 viri

427 4157 581 4228 hiyklinus
605 4154 735 4212 condam
761 4152 851 4210 iudex
875 4161 904 4209 et
930 4155 1031 4209 Marco
1053 4153 1178 4221 iuratus,
1195 4152 1278 4208 cives
1294 4151 1426 4208 civitatis
1449 4149 1563 4222 regalis
1580 4147 1692 4205 montis

426 4262 608 4318 (irechensis
632 4262 662 4316 in
686 4261 802 4317 suiset
826 4260 1041 4315 universorum
1065 4259 1181 4314 civium
1205 4258 1243 4315 de
1267 4257 1376 4314 eadem
1400 4256 1537 4329 personis
1568 4254 1608 4311 ad
1636 4269 1688 4310 no-

426 4378 523 4426 stram
546 4367 719 4425 accedendo
743 4367 943 4440 presenciam,
968 4365 1099 4421 Paulum
1123 4371 1153 4420 et
1176 4363 1372 4436 Gregorium,
1397 4362 1479 4419 filios
1495 4362 1635 4418 Masthen
1652 4359 1689 4416 de

427 4475 564 4531 Chichan
587 4474 649 4530 alio
672 4474 796 4529 nomine
820 4471 912 4540 Selin,
935 4470 1012 4527 facie
1035 4470 1073 4526 ad
1096 4468 1207 4527 faciem
1230 4484 1336 4526 coram
1359 4468 1448 4525 nobis
1474 4473 1623 4540 repertos,
1647 4466 1688 4522 ab

427 4581 638 4652 occupacione‚
664 4579 867 4650 usurpacione
890 4585 919 4634 et
942 4577 1002 4634 sibi
1030 4577 1266 4650 perpetuacione
1296 4574 1502 4648 quarumdam
1527 4573 1693 4646 possessio·

427 4701 501 4743 num
525 4686 664 4758 ipsorum
690 4684 852 4741 Petrouina
875 4693 904 4741 et
929 4683 1067 4740 Hrascha
1089 4691 1336 4755 nuncupatarum
1360 4681 1391 4737 in
1415 4680 1563 4736 comitatu
1587 4693 1690 4749 zagra·

430 4793 525 4849 biensi
550 4791 632 4864 apud
668 4807 777 4848 manus
808 4791 961 4847 dictorum
992 4789 1107 4846 civium
1141 4788 1327 4857 habitarum,
1352 4787 1427 4860 ipsis
1451 4801 1507 4858 per
1531 4783 1693 4841 dominum

431 4897 663 4970 Sigismundum
687 4911 792 4968 regem
818 4897 974 4968 ilungarie
997 4905 1052 4954 etc.
1081 4905 1230 4968 perpetue
1254 4893 1440 4950 collatarum
1463 4899 1492 4948 et
1514 4907 1547 4948 se
1570 4891 1694 4964 quovis-

430 5004 575 5065 modoet
599 5003 718 5076 quesito
742 5002 846 5059 colore
875 5003 905 5058 in
931 5003 1053 5060 easdem
1079 5001 1316 5070 intromissione,
1344 5005 1559 5069 metarumque
1583 5002 1612 5054 et
1636 5003 1694 5052 ter·
