3854 5806
818 574 966 632 addenda.
994 607 1029 616 -
1058 576 1112 632 An.
1137 571 1226 651 1346.

390 776 634 834 contradiccione
651 775 777 849 capituli
794 776 929 833 annotati
947 775 1119 832 luculenter
1135 773 1397 840 demonstrabant,
1417 773 1596 846 dictumque
1612 789 1661 830 ca-

391 882 525 956 pitulum
550 888 613 939 tam
648 887 789 954 tempore
820 881 999 938 statucionis
1029 879 1166 936 eiusdem
1192 879 1393 952 possessionis
1417 878 1540 934 Cobilia
1564 893 1659 949 quarn

390 987 553 1045 concordie
583 993 744 1061 prenotate
775 985 868 1043 velud
901 987 946 1043 nil
978 987 1053 1043 iuris
1083 985 1190 1057 nilque
1214 985 1412 1057 proprietatis
1436 984 1467 1041 in
1493 983 1662 1056 possessio-

389 1094 481 1151 nibus
505 1094 674 1168 prenotatis
694 1091 923 1149 considerantes
946 1108 978 1148 se
1001 1092 1125 1158 habere,
1148 1090 1255 1163 aliquo
1278 1089 1532 1147 contradiccionis
1556 1091 1661 1146 obsta-

390 1199 460 1255 culo
484 1199 613 1256 minime
638 1197 871 1271 reperiebantur
895 1197 1016 1254 civibus
1040 1203 1070 1254 et
1093 1197 1269 1270 hospitibus
1293 1195 1331 1252 de
1363 1195 1464 1252 Grech
1489 1195 1661 1268 prenotatis

390 1304 541 1374 obviasse,
565 1309 595 1361 et
626 1319 664 1360 ex
688 1317 725 1359 eo
747 1304 830 1376 ipsas
859 1303 1066 1375 possessiones
1089 1301 1251 1359 admisisse
1274 1308 1303 1358 et
1327 1302 1515 1358 consensisse
1532 1308 1662 1375 propter

390 1411 436 1466 sui
462 1411 710 1476 taciturnitatem,
735 1409 820 1466 iuxta
844 1408 941 1466 illud:
967 1410 1019 1480 qui
1043 1415 1122 1465 tacet
1145 1408 1316 1464 consentire
1333 1406 1465 1470 videtur„
1486 1412 1516 1462 et
1531 1411 1662 1479 propter

391 1517 543 1587 temporis
567 1514 800 1572 diuturnitatem
826 1514 903 1570 bene
926 1515 1038 1571 merito
1069 1519 1170 1587 potest
1194 1513 1342 1578 annotari,
1366 1513 1562 1584 litterrasque
1585 1527 1659 1584 pro-

392 1623 613 1690 testacionales,
638 1621 860 1693 prohibitorias
884 1628 913 1677 et
936 1621 1013 1677 alias
1036 1621 1200 1693 quaslibet.
1225 1635 1285 1691 que
1308 1620 1438 1676 alicuius
1460 1618 1598 1676 efficacie
1613 1618 1660 1675 vi-

391 1727 537 1784 derentur
562 1728 612 1784 vel
636 1727 785 1784 momenti
810 1727 839 1783 in
862 1728 919 1782 hoc
936 1727 1017 1782 facto
1043 1726 1136 1783 iidem
1155 1731 1370 1798 procuratores
1388 1725 1515 1798 capituli
1532 1725 1662 1782 ecclesie

390 1833 597 1903 zagrabiensis
620 1847 676 1904 per
698 1847 763 1890 nos,
786 1837 820 1888 ut
836 1839 942 1888 nostro
958 1833 1117 1899 incumbit,
1135 1832 1214 1887 trina
1235 1832 1302 1888 vice
1327 1831 1467 1903 requisiti
1491 1831 1661 1902 nequibant

390 1953 446 1994 nec
469 1939 725 2009 assumpmebant
748 1937 903 1994 exhibere.
928 1937 1024 2006 Igitur
1052 1953 1107 1994 nos
1130 1953 1263 1994 unacum
1286 1937 1457 1994 venerabili
1481 1937 1511 1993 in
1533 1936 1660 1994 Christo

391 2050 480 2116 patre
503 2043 631 2099 domino
656 2043 754 2101 Petro.
776 2043 825 2100 dei
850 2051 879 2099 et
903 2045 1074 2116 apostolica
1098 2045 1200 2112 gracia
1225 2044 1371 2117 episcopo
1394 2043 1565 2114 syrmiensi,
1582 2044 1660 2098 item

391 2150 564 2221 magnificis
582 2151 670 2207 viris:
687 2149 814 2206 domino
828 2150 956 2206 Nicolao
977 2151 1114 2223 palatino
1130 2155 1159 2206 et
1175 2148 1276 2206 iudice
1292 2148 1510 2210 Cumanorum.
1527 2149 1658 2218 Thoma7

392 2255 549 2327 quondam
583 2255 726 2327 vovvoda
750 2257 956 2316 transilvano:
991 2257 1093 2325 Paula,
1111 2256 1261 2324 magistro
1284 2255 1512 2312 tavarnicorum
1538 2255 1657 2326 regina-

391 2362 484 2422 lium:
509 2361 638 2417 Nicolao
662 2361 745 2418 dicto
769 2361 907 2430 Treutul‚
932 2363 1045 2419 comite
1072 2362 1266 2434 posoniensi;
1288 2362 1435 2443 johanne,
1459 2359 1526 2416 filio
1550 2359 1660 2428 Geleti

391 2468 504 2524 comite
535 2467 573 2524 de
604 2467 746 2531 Turuch;
776 2469 888 2525 comite
912 2468 1011 2524 Deseu
1046 2467 1084 2524 de
1116 2466 1187 2536 Pol,
1219 2467 1388 2524 viceiudice
1415 2466 1536 2523 comitis
1562 2465 1659 2526 Pauli.

391 2572 500 2630 iudicis
523 2573 606 2629 curie
630 2573 729 2644 regie3
753 2574 827 2630 item
848 2573 988 2630 discretis
1007 2575 1080 2631 viris
1098 2573 1233 2632 Nicolan.
1250 2573 1333 2629 dicto
1349 2572 1431 2638 Bika,
1450 2571 1589 2628 eiusdem
1605 2571 1661 2628 do·

391 2679 467 2734 mini
492 2678 638 2750 palatini:
662 2679 745 2740 item.
770 2679 867 2734 Paulo
891 2678 929 2734 de
947 2679 1036 2749 Vgal,
1061 2678 1229 2735 castellano
1253 2677 1291 2733 de
1315 2677 1425 2736 Varna.
1449 2676 1522 2734 dicti
1539 2677 1662 2734 comitis

390 2783 478 2840 Pauli
504 2785 747 2857 prothonotariis
770 2791 799 2840 et
823 2785 893 2841 aliis
916 2785 1158 2857 quamplurimis
1188 2783 1347 2840 nobilibus
1380 2785 1467 2852 regni
1497 2783 1661 2840 nobiscum

391 2890 421 2946 in
445 2889 559 2946 iudicio
590 2889 826 2946 consedentibus
858 2889 955 2946 dictas
983 2890 1190 2962 possessiones
1214 2888 1336 2945 Cobilia
1360 2895 1389 2944 et
1414 2887 1581 2959 Scyuiblan
1606 2903 1661 2945 vo·

391 3003 474 3051 catas
498 2995 556 3050 sub
580 2993 695 3051 eisdem
728 2995 825 3063 metis,
857 2996 971 3068 quibus
998 2996 1039 3050 ab
1062 2995 1148 3066 olym
1173 2995 1231 3068 ipsi
1259 2995 1342 3051 cives
1366 2993 1487 3050 easdem
1519 2993 1660 3066 posside-

392 3106 472 3170 runt,
507 3099 546 3156 de
570 3100 761 3173 plenitudine
785 3109 887 3158 nostre
911 3100 1069 3157 iudiciarie
1093 3102 1253 3173 potestatis
1276 3098 1480 3156 adiudicando
1505 3101 1661 3172 prenomi-

391 3207 470 3263 natis
494 3207 615 3262 civibus
639 3213 668 3262 ct
693 3207 867 3279 hospitibus
891 3206 929 3262 de
952 3207 1055 3264 Grech
1082 3205 1263 3274 diffidimus
1287 3205 1472 3276 reliquimus
1507 3211 1660 3278 perpetuo

392 3310 561 3385 possidere.
585 3319 688 3368 tenere
717 3321 746 3368 et
777 3313 891 3368 habere
921 3313 1008 3384 regio
1037 3313 1161 3368 nomine
1185 3311 1349 3375 mediante,
1373 3311 1553 3383 dictumque
1575 3311 1661 3384 capi·

392 3417 493 3472 tulum
526 3417 653 3473 ecclesie
681 3418 896 3488 zagrabiensis.
927 3417 1010 3490 quod
1043 3419 1072 3474 in
1105 3419 1273 3474 statucione
1304 3417 1505 3490 possessionis
1535 3415 1660 3474 Cobilia

392 3515 560 3600 (annotate)
592 3524 651 3578 sub
682 3525 858 3580 testimonio
889 3525 1023 3580 hominis
1052 3525 1191 3596 ipsorum
1224 3523 1313 3579 dictis
1337 3523 1464 3586 civibus,
1489 3523 1563 3580 item
1588 3537 1660 3579 con·

392 3628 498 3686 cordia
521 3644 615 3701 super
638 3629 728 3686 dictis
753 3630 997 3703 possessionibus
1021 3630 1143 3685 Cobilia
1159 3639 1188 3685 et
1205 3627 1363 3686 Scluiblan
1379 3630 1459 3685 inter
1475 3629 1560 3701 ipsos
1575 3629 1661 3686 cives

393 3743 421 3790 et
445 3735 583 3806 hospites
607 3735 648 3791 ab
671 3751 740 3804 una,
765 3735 838 3792 item
871 3737 1027 3792 Matheum
1052 3741 1082 3791 et
1105 3735 1285 3792 Farkasium
1314 3741 1402 3808 parte
1425 3736 1465 3791 ab
1489 3735 1586 3792 altera
1610 3749 1660 3791 co·

392 3856 460 3896 ram
484 3841 546 3896 iam
570 3840 652 3896 dicto
676 3841 883 3911 zagrabiensis
906 3841 1034 3898 ecclesie
1057 3841 1194 3912 capitulo
1217 3840 1426 3897 mediantibus
1449 3839 1587 3896 eiusdem
1611 3855 1661 3896 ca·

393 3947 484 4019 pituli
507 3946 619 4002 litteris
643 3945 731 4016 facta,
747 3947 852 4018 aliqua
875 3961 935 4004 non
955 3947 1101 4004 obviante
1121 3946 1374 4016 contradiccione,
1391 3961 1572 4002 consensum
1590 3961 1661 4018 pre·

394 4054 495 4110 buisse
527 4059 555 4108 et
594 4067 752 4109 assensum
791 4051 960 4110 denotatur.
1000 4053 1096 4124 Igitur
1127 4053 1229 4125 ipsum
1264 4053 1436 4124 capitulum
1479 4051 1571 4108 velud
1614 4053 1660 4108 rei

393 4174 538 4214 consense
569 4164 598 4214 et
630 4156 763 4214 admisse
795 4163 825 4214 et
857 4167 986 4231 propter
1017 4160 1260 4216 taciturnitatem
1283 4165 1312 4214 et
1336 4157 1484 4232 temporis
1507 4157 1660 4215 diuturni·

392 4271 487 4320 tatem
511 4262 627 4320 eisdem
652 4264 827 4336 hospitibus
851 4265 936 4320 iuxta
960 4265 1195 4337 prescripcionis
1226 4263 1361 4320 sormam
1393 4269 1572 4337 perpetuate
1609 4279 1659 4320 su-

393 4371 568 4426 scitatorem
593 4369 623 4425 in
647 4367 728 4426 lacto
749 4371 926 4442 calumpnie
951 4385 1082 4426 unacum
1100 4371 1239 4442 prelatis
1262 4369 1432 4428 baronibus
1455 4375 1485 4425 et
1501 4369 1661 4426 nobilibus

392 4476 478 4544 regni
502 4475 653 4530 annotatis
677 4482 797 4532 mature
821 4474 1014 4531 decernendo
1037 4476 1250 4533 commisimus
1274 4474 1341 4531 sore
1361 4475 1536 4531 convictum
1552 4480 1661 4531 contra

393 4581 530 4654 hospites
554 4579 592 4636 de
615 4581 716 4636 Grech
741 4587 926 4653 prenotatos.
950 4581 1065 4637 Datum
1090 4581 1120 4637 in
1145 4581 1182 4636 W
1187 4580 1344 4652 yssegrad
1368 4581 1518 4652 vigesimo
1535 4579 1584 4637 die
1600 4585 1662 4637 ter-

392 4687 469 4744 mini
492 4686 653 4759 prenotati.
680 4688 768 4742 Anno
792 4685 909 4742 domini
930 4686 1097 4742 Mcccxc
1119 4693 1214 4743 sexto,

497 4821 573 4885 Orig.
596 4821 620 4870 in
640 4821 759 4877 membr„
780 4822 829 4886 sig.
845 4823 927 4872 deest.
940 4823 970 4872 In
985 4822 1085 4872 archiv.
1102 4823 1161 4873 Lib.
1176 4839 1231 4889 reg.
1246 4823 1297 4872 civ.
1313 4824 1418 4888 zagrab.
1433 4825 1462 4873 ln
1475 4825 1533 4874 doc.
1546 4834 1606 4884 204,
1616 4825 1661 4873 ad-

393 4909 678 4974 duximusexcerptire
686 4919 804 4960 tenorem
817 4911 1053 4966 huiussententiae.
1071 4926 1138 4974 quae
1151 4917 1207 4961 tota
1221 4912 1302 4961 ferme
1312 4912 1402 4962 verbis
1418 4919 1594 4977 competenter
1605 4928 1662 4962 mu·

394 5000 463 5058 tatis,
479 4999 614 5049 invenitur
627 4998 654 5048 in
667 5001 724 5048 doc.
740 5010 799 5061 242.
813 5001 946 5051 Coaevum
959 5007 1040 5050 trans.
1054 5007 1140 5050 exstat
1149 4999 1177 5050 in
1189 5000 1290 5054 archiv.
1303 5001 1385 5050 head.
1399 4999 1493 5053 Scient.
1507 5001 1577 5052 Slav.
1591 5013 1659 5049 mer.
