<?xml version="1.0" encoding="UTF-8"?>
<!DOCTYPE html PUBLIC "-//W3C//DTD XHTML 1.0 Transitional//EN"
    "http://www.w3.org/TR/xhtml1/DTD/xhtml1-transitional.dtd">
<html xmlns="http://www.w3.org/1999/xhtml" xml:lang="en" lang="en">
 <head>
  <title>
</title>
<meta http-equiv="Content-Type" content="text/html;charset=utf-8" />
  <meta name='ocr-system' content='tesseract 3.04.00' />
  <meta name='ocr-capabilities' content='ocr_page ocr_carea ocr_par ocr_line ocrx_word'/>
</head>
<body>
  <div class='ocr_page' id='page_1' title='image "./monumentahistor18laszgoog_0321.png"; bbox 0 0 3600 5804; ppageno 0'>
   <div class='ocr_carea' id='block_1_1' title="bbox 542 615 1387 693">
    <p class='ocr_par' dir='ltr' id='par_1_1' title="bbox 542 615 1387 693">
     <span class='ocr_line' id='line_1_1' title="bbox 542 615 1387 693; baseline 0.007 -21"><span class='ocrx_word' id='word_1_1' title='bbox 542 615 615 673; x_wconf 82' lang='lat' dir='ltr'>Doc.</span> <span class='ocrx_word' id='word_1_2' title='bbox 641 629 709 673; x_wconf 88' lang='lat'><em>100.</em></span> <span class='ocrx_word' id='word_1_3' title='bbox 737 650 772 659; x_wconf 94' lang='lat'><em>-</em></span> <span class='ocrx_word' id='word_1_4' title='bbox 800 616 855 674; x_wconf 85' lang='lat' dir='ltr'>An.</span> <span class='ocrx_word' id='word_1_5' title='bbox 881 631 965 693; x_wconf 78' lang='lat'><em>1313.</em></span> <span class='ocrx_word' id='word_1_6' title='bbox 1349 620 1387 688; x_wconf 89' lang='lat'>85</span> 
     </span>
    </p>
   </div>
   <div class='ocr_carea' id='block_1_2' title="bbox 809 723 1211 730">
    <p class='ocr_par' dir='ltr' id='par_1_2' title="bbox 809 723 1211 730">
     <span class='ocr_line' id='line_1_2' title="bbox 809 723 1211 730; baseline 0.002 -1"><span class='ocrx_word' id='word_1_7' title='bbox 809 723 926 729; x_wconf 51' lang='lat'><strong>*-.-—-</strong></span> <span class='ocrx_word' id='word_1_8' title='bbox 953 724 999 730; x_wconf 82' lang='grc'><em>-,-.</em></span> <span class='ocrx_word' id='word_1_9' title='bbox 1013 723 1211 730; x_wconf 72' lang='lat'><em>—---——--—</em></span> 
     </span>
    </p>
   </div>
   <div class='ocr_carea' id='block_1_3' title="bbox 142 807 1388 2023">
    <p class='ocr_par' dir='ltr' id='par_1_3' title="bbox 142 807 1388 2023">
     <span class='ocr_line' id='line_1_3' title="bbox 215 807 1387 872; baseline 0.002 -16"><span class='ocrx_word' id='word_1_10' title='bbox 215 808 296 872; x_wconf 81' lang='lat' dir='ltr'>Digna</span> <span class='ocrx_word' id='word_1_11' title='bbox 315 807 530 858; x_wconf 83' lang='lat' dir='ltr'>remuneracione</span> <span class='ocrx_word' id='word_1_12' title='bbox 549 807 672 864; x_wconf 83' lang='lat' dir='ltr'>existunt,</span> <span class='ocrx_word' id='word_1_13' title='bbox 691 823 743 871; x_wconf 89' lang='lat' dir='ltr'>que</span> <span class='ocrx_word' id='word_1_14' title='bbox 755 810 788 858; x_wconf 90' lang='lat' dir='ltr'>ad</span> <span class='ocrx_word' id='word_1_15' title='bbox 808 811 934 858; x_wconf 84' lang='lat' dir='ltr'>sedandas</span> <span class='ocrx_word' id='word_1_16' title='bbox 953 809 1101 858; x_wconf 81' lang='lat' dir='ltr'>discordias</span> <span class='ocrx_word' id='word_1_17' title='bbox 1120 809 1289 859; x_wconf 88' lang='lat' dir='ltr'>subditorum</span> <span class='ocrx_word' id='word_1_18' title='bbox 1302 809 1329 858; x_wconf 90' lang='lat' dir='ltr'>in</span> <span class='ocrx_word' id='word_1_19' title='bbox 1343 825 1387 858; x_wconf 93' lang='lat' dir='ltr'>no·</span> 
     </span>
     <span class='ocr_line' id='line_1_4' title="bbox 143 897 1388 963; baseline 0.001 -18"><span class='ocrx_word' id='word_1_20' title='bbox 143 904 189 945; x_wconf 87' lang='lat' dir='ltr'>stra</span> <span class='ocrx_word' id='word_1_21' title='bbox 206 897 383 946; x_wconf 88' lang='lat' dir='ltr'>communitate</span> <span class='ocrx_word' id='word_1_22' title='bbox 403 897 587 962; x_wconf 87' lang='lat' dir='ltr'>disponuntur,</span> <span class='ocrx_word' id='word_1_23' title='bbox 608 913 654 962; x_wconf 93' lang='lat' dir='ltr'>per</span> <span class='ocrx_word' id='word_1_24' title='bbox 674 899 746 960; x_wconf 91' lang='lat' dir='ltr'>quod</span> <span class='ocrx_word' id='word_1_25' title='bbox 771 897 852 946; x_wconf 82' lang='lat' dir='ltr'>ceiam</span> <span class='ocrx_word' id='word_1_26' title='bbox 879 897 946 946; x_wconf 90' lang='lat' dir='ltr'>inter</span> <span class='ocrx_word' id='word_1_27' title='bbox 970 912 1017 947; x_wconf 91' lang='lat' dir='ltr'>nos</span> <span class='ocrx_word' id='word_1_28' title='bbox 1042 897 1139 960; x_wconf 88' lang='lat' dir='ltr'>quietis</span> <span class='ocrx_word' id='word_1_29' title='bbox 1165 897 1275 947; x_wconf 86' lang='lat' dir='ltr'>materia</span> <span class='ocrx_word' id='word_1_30' title='bbox 1294 913 1388 963; x_wconf 87' lang='lat' dir='ltr'>prepa-</span> 
     </span>
     <span class='ocr_line' id='line_1_5' title="bbox 143 984 1387 1050; baseline 0.002 -17"><span class='ocrx_word' id='word_1_31' title='bbox 143 991 213 1034; x_wconf 80' lang='lat' dir='ltr'><strong>ratur.</strong></span> <span class='ocrx_word' id='word_1_32' title='bbox 231 985 287 1045; x_wconf 82' lang='lat' dir='ltr'>Qua</span> <span class='ocrx_word' id='word_1_33' title='bbox 305 984 519 1034; x_wconf 82' lang='lat' dir='ltr'>consideracione</span> <span class='ocrx_word' id='word_1_34' title='bbox 544 985 678 1050; x_wconf 91' lang='lat' dir='ltr'>cupientes</span> <span class='ocrx_word' id='word_1_35' title='bbox 701 992 797 1036; x_wconf 84' lang='lat' dir='ltr'>statum</span> <span class='ocrx_word' id='word_1_36' title='bbox 822 992 972 1035; x_wconf 92' lang='lat' dir='ltr'>nostrorum</span> <span class='ocrx_word' id='word_1_37' title='bbox 997 986 1045 1034; x_wconf 91' lang='lat' dir='ltr'>sub</span> <span class='ocrx_word' id='word_1_38' title='bbox 1072 985 1205 1035; x_wconf 91' lang='lat' dir='ltr'>montibus</span> <span class='ocrx_word' id='word_1_39' title='bbox 1224 987 1387 1042; x_wconf 90' lang='lat' dir='ltr'>colonorum,</span> 
     </span>
     <span class='ocr_line' id='line_1_6' title="bbox 143 1071 1385 1138; baseline 0.002 -18"><span class='ocrx_word' id='word_1_40' title='bbox 143 1073 272 1134; x_wconf 83' lang='lat' dir='ltr'>dequibus</span> <span class='ocrx_word' id='word_1_41' title='bbox 290 1073 322 1121; x_wconf 85' lang='lat' dir='ltr'>nb</span> <span class='ocrx_word' id='word_1_42' title='bbox 341 1071 433 1136; x_wconf 89' lang='lat' dir='ltr'>aliquo</span> <span class='ocrx_word' id='word_1_43' title='bbox 453 1080 570 1138; x_wconf 87' lang='lat' dir='ltr'>tempore</span> <span class='ocrx_word' id='word_1_44' title='bbox 596 1079 622 1123; x_wconf 89' lang='lat' dir='ltr'>ct</span> <span class='ocrx_word' id='word_1_45' title='bbox 647 1089 680 1122; x_wconf 79' lang='lat' dir='ltr'>cs</span> <span class='ocrx_word' id='word_1_46' title='bbox 705 1088 781 1122; x_wconf 87' lang='lat' dir='ltr'>causa</span> <span class='ocrx_word' id='word_1_47' title='bbox 806 1073 963 1123; x_wconf 93' lang='lat' dir='ltr'>divisionem</span> <span class='ocrx_word' id='word_1_48' title='bbox 988 1073 1080 1122; x_wconf 87' lang='lat' dir='ltr'>iecisse</span> <span class='ocrx_word' id='word_1_49' title='bbox 1105 1073 1238 1122; x_wconf 88' lang='lat' dir='ltr'>noscimur</span> <span class='ocrx_word' id='word_1_50' title='bbox 1264 1075 1296 1122; x_wconf 85' lang='lat' dir='ltr'>ad</span> <span class='ocrx_word' id='word_1_51' title='bbox 1325 1089 1385 1137; x_wconf 93' lang='lat' dir='ltr'>por·</span> 
     </span>
     <span class='ocr_line' id='line_1_7' title="bbox 143 1160 1387 1226; baseline 0.002 -18"><span class='ocrx_word' id='word_1_52' title='bbox 143 1161 216 1210; x_wconf 88' lang='lat' dir='ltr'>eiones</span> <span class='ocrx_word' id='word_1_53' title='bbox 234 1160 324 1226; x_wconf 84' lang='lat' dir='ltr'>viginti</span> <span class='ocrx_word' id='word_1_54' title='bbox 344 1167 452 1226; x_wconf 82' lang='lat' dir='ltr'>septem.</span> <span class='ocrx_word' id='word_1_55' title='bbox 471 1177 520 1226; x_wconf 90' lang='lat' dir='ltr'>per</span> <span class='ocrx_word' id='word_1_56' title='bbox 539 1163 646 1211; x_wconf 86' lang='lat' dir='ltr'>colonos</span> <span class='ocrx_word' id='word_1_57' title='bbox 664 1167 780 1224; x_wconf 87' lang='lat' dir='ltr'>quatuor</span> <span class='ocrx_word' id='word_1_58' title='bbox 800 1169 860 1211; x_wconf 91' lang='lat' dir='ltr'>tuuc</span> <span class='ocrx_word' id='word_1_59' title='bbox 873 1177 923 1226; x_wconf 92' lang='lat' dir='ltr'>pro</span> <span class='ocrx_word' id='word_1_60' title='bbox 937 1161 1063 1226; x_wconf 87' lang='lat' dir='ltr'>porcione</span> <span class='ocrx_word' id='word_1_61' title='bbox 1077 1161 1197 1224; x_wconf 84' lang='lat' dir='ltr'>qualibet</span> <span class='ocrx_word' id='word_1_62' title='bbox 1210 1163 1387 1226; x_wconf 90' lang='lat' dir='ltr'>conputando,</span> 
     </span>
     <span class='ocr_line' id='line_1_8' title="bbox 144 1248 1388 1314; baseline 0.002 -18"><span class='ocrx_word' id='word_1_63' title='bbox 144 1249 165 1296; x_wconf 90' lang='lat' dir='ltr'>in</span> <span class='ocrx_word' id='word_1_64' title='bbox 182 1248 304 1298; x_wconf 90' lang='lat' dir='ltr'>solvendis</span> <span class='ocrx_word' id='word_1_65' title='bbox 322 1250 441 1300; x_wconf 80' lang='lat' dir='ltr'>collectis</span> <span class='ocrx_word' id='word_1_66' title='bbox 460 1255 486 1300; x_wconf 91' lang='lat' dir='ltr'>et</span> <span class='ocrx_word' id='word_1_67' title='bbox 498 1249 558 1298; x_wconf 88' lang='lat' dir='ltr'>aliis</span> <span class='ocrx_word' id='word_1_68' title='bbox 575 1250 720 1299; x_wconf 84' lang='lat' dir='ltr'>honeribus</span> <span class='ocrx_word' id='word_1_69' title='bbox 739 1250 927 1314; x_wconf 90' lang='lat' dir='ltr'>subportandis</span> <span class='ocrx_word' id='word_1_70' title='bbox 945 1252 978 1298; x_wconf 89' lang='lat' dir='ltr'>ad</span> <span class='ocrx_word' id='word_1_71' title='bbox 999 1249 1219 1300; x_wconf 90' lang='lat' dir='ltr'>maledictum</span> <span class='ocrx_word' id='word_1_72' title='bbox 1239 1255 1388 1298; x_wconf 89' lang='lat' dir='ltr'>castrum</span> 
     </span>
     <span class='ocr_line' id='line_1_9' title="bbox 142 1336 1386 1403; baseline 0.002 -19"><span class='ocrx_word' id='word_1_73' title='bbox 142 1336 270 1388; x_wconf 82' lang='lat' dir='ltr'>lledue.</span> <span class='ocrx_word' id='word_1_74' title='bbox 289 1339 358 1400; x_wconf 87' lang='lat' dir='ltr'>quod</span> <span class='ocrx_word' id='word_1_75' title='bbox 380 1353 484 1403; x_wconf 81' lang='lat' dir='ltr'>semper</span> <span class='ocrx_word' id='word_1_76' title='bbox 503 1337 588 1393; x_wconf 87' lang='lat' dir='ltr'>inviti,</span> <span class='ocrx_word' id='word_1_77' title='bbox 608 1338 727 1403; x_wconf 87' lang='lat' dir='ltr'>conpulsi</span> <span class='ocrx_word' id='word_1_78' title='bbox 748 1344 773 1388; x_wconf 86' lang='lat' dir='ltr'>et</span> <span class='ocrx_word' id='word_1_79' title='bbox 792 1339 875 1387; x_wconf 88' lang='lat' dir='ltr'>eoacti</span> <span class='ocrx_word' id='word_1_80' title='bbox 896 1337 1012 1396; x_wconf 80' lang='lat' dir='ltr'>fecimus,</span> <span class='ocrx_word' id='word_1_81' title='bbox 1032 1338 1098 1387; x_wconf 92' lang='lat' dir='ltr'>sicut</span> <span class='ocrx_word' id='word_1_82' title='bbox 1118 1345 1143 1387; x_wconf 89' lang='lat' dir='ltr'>et</span> <span class='ocrx_word' id='word_1_83' title='bbox 1163 1352 1238 1394; x_wconf 93' lang='lat' dir='ltr'>nunc,</span> <span class='ocrx_word' id='word_1_84' title='bbox 1258 1337 1386 1403; x_wconf 83' lang='lat' dir='ltr'>incipiens</span> 
     </span>
     <span class='ocr_line' id='line_1_10' title="bbox 143 1425 1387 1492; baseline 0.002 -19"><span class='ocrx_word' id='word_1_85' title='bbox 143 1433 276 1490; x_wconf 83' lang='lat' dir='ltr'>atempore</span> <span class='ocrx_word' id='word_1_86' title='bbox 295 1426 419 1490; x_wconf 80' lang='lat' dir='ltr'>Stephani</span> <span class='ocrx_word' id='word_1_87' title='bbox 441 1427 509 1481; x_wconf 86' lang='lat' dir='ltr'>bani,</span> <span class='ocrx_word' id='word_1_88' title='bbox 530 1425 578 1475; x_wconf 90' lang='lat' dir='ltr'>filii</span> <span class='ocrx_word' id='word_1_89' title='bbox 599 1426 727 1492; x_wconf 86' lang='lat' dir='ltr'>Babonig,</span> <span class='ocrx_word' id='word_1_90' title='bbox 747 1429 817 1490; x_wconf 92' lang='lat' dir='ltr'>quod</span> <span class='ocrx_word' id='word_1_91' title='bbox 845 1431 883 1476; x_wconf 90' lang='lat' dir='ltr'>est</span> <span class='ocrx_word' id='word_1_92' title='bbox 908 1427 996 1475; x_wconf 87' lang='lat' dir='ltr'>dicere</span> <span class='ocrx_word' id='word_1_93' title='bbox 1024 1427 1058 1476; x_wconf 90' lang='lat' dir='ltr'>ab</span> <span class='ocrx_word' id='word_1_94' title='bbox 1086 1442 1153 1476; x_wconf 89' lang='lat' dir='ltr'>auno</span> <span class='ocrx_word' id='word_1_95' title='bbox 1173 1425 1273 1476; x_wconf 92' lang='lat' dir='ltr'>domini</span> <span class='ocrx_word' id='word_1_96' title='bbox 1294 1425 1387 1476; x_wconf 70' lang='lat' dir='ltr'><strong><em>MCC(</em></strong></span> 
     </span>
     <span class='ocr_line' id='line_1_11' title="bbox 142 1513 1387 1580; baseline 0.002 -18"><span class='ocrx_word' id='word_1_97' title='bbox 142 1521 162 1562; x_wconf 86' lang='lat' dir='ltr'>et</span> <span class='ocrx_word' id='word_1_98' title='bbox 178 1513 247 1568; x_wconf 88' lang='lat' dir='ltr'>circa.</span> <span class='ocrx_word' id='word_1_99' title='bbox 266 1516 401 1564; x_wconf 88' lang='lat' dir='ltr'>moderare</span> <span class='ocrx_word' id='word_1_100' title='bbox 421 1522 501 1580; x_wconf 90' lang='lat' dir='ltr'>prout</span> <span class='ocrx_word' id='word_1_101' title='bbox 520 1524 557 1564; x_wconf 88' lang='lat' dir='ltr'>cst</span> <span class='ocrx_word' id='word_1_102' title='bbox 578 1515 712 1580; x_wconf 90' lang='lat' dir='ltr'>possibile,</span> <span class='ocrx_word' id='word_1_103' title='bbox 734 1515 821 1565; x_wconf 89' lang='lat' dir='ltr'>taliter</span> <span class='ocrx_word' id='word_1_104' title='bbox 847 1515 1013 1564; x_wconf 85' lang='lat' dir='ltr'>decrevimus</span> <span class='ocrx_word' id='word_1_105' title='bbox 1040 1515 1241 1565; x_wconf 89' lang='lat' dir='ltr'>observandum.</span> <span class='ocrx_word' id='word_1_106' title='bbox 1261 1514 1387 1577; x_wconf 86' lang='lat' dir='ltr'>quamdiu</span> 
     </span>
     <span class='ocr_line' id='line_1_12' title="bbox 144 1602 1387 1670; baseline 0.001 -19"><span class='ocrx_word' id='word_1_107' title='bbox 144 1602 191 1667; x_wconf 79' lang='lat' dir='ltr'>ipso</span> <span class='ocrx_word' id='word_1_108' title='bbox 207 1603 298 1652; x_wconf 88' lang='lat' dir='ltr'>honere</span> <span class='ocrx_word' id='word_1_109' title='bbox 316 1619 467 1668; x_wconf 79' lang='lat' dir='ltr'>gravamur,</span> <span class='ocrx_word' id='word_1_110' title='bbox 488 1606 559 1667; x_wconf 90' lang='lat' dir='ltr'>quod</span> <span class='ocrx_word' id='word_1_111' title='bbox 580 1605 703 1654; x_wconf 88' lang='lat' dir='ltr'>videlicet</span> <span class='ocrx_word' id='word_1_112' title='bbox 729 1605 893 1668; x_wconf 84' lang='lat' dir='ltr'>singularum</span> <span class='ocrx_word' id='word_1_113' title='bbox 920 1605 1075 1669; x_wconf 93' lang='lat' dir='ltr'>porcionum</span> <span class='ocrx_word' id='word_1_114' title='bbox 1100 1604 1279 1670; x_wconf 84' lang='lat' dir='ltr'>predictarum</span> <span class='ocrx_word' id='word_1_115' title='bbox 1300 1605 1387 1654; x_wconf 94' lang='lat' dir='ltr'>coloni</span> 
     </span>
     <span class='ocr_line' id='line_1_13' title="bbox 143 1692 1387 1758; baseline 0.002 -18"><span class='ocrx_word' id='word_1_116' title='bbox 143 1692 277 1756; x_wconf 87' lang='lat' dir='ltr'>tempestive</span> <span class='ocrx_word' id='word_1_117' title='bbox 296 1692 431 1742; x_wconf 86' lang='lat' dir='ltr'>annuatim</span> <span class='ocrx_word' id='word_1_118' title='bbox 451 1695 553 1743; x_wconf 87' lang='lat' dir='ltr'>solvant</span> <span class='ocrx_word' id='word_1_119' title='bbox 572 1693 689 1756; x_wconf 91' lang='lat' dir='ltr'>quinque</span> <span class='ocrx_word' id='word_1_120' title='bbox 709 1694 819 1742; x_wconf 87' lang='lat' dir='ltr'>cubulos</span> <span class='ocrx_word' id='word_1_121' title='bbox 838 1693 920 1749; x_wconf 86' lang='lat' dir='ltr'>bladi,</span> <span class='ocrx_word' id='word_1_122' title='bbox 940 1709 990 1758; x_wconf 91' lang='lat' dir='ltr'>pro</span> <span class='ocrx_word' id='word_1_123' title='bbox 1009 1693 1149 1742; x_wconf 84' lang='lat' dir='ltr'>medietate</span> <span class='ocrx_word' id='word_1_124' title='bbox 1169 1693 1201 1740; x_wconf 93' lang='lat' dir='ltr'>de</span> <span class='ocrx_word' id='word_1_125' title='bbox 1216 1692 1347 1742; x_wconf 76' lang='lat' dir='ltr'>frumento</span> <span class='ocrx_word' id='word_1_126' title='bbox 1361 1699 1387 1742; x_wconf 90' lang='lat' dir='ltr'>et</span> 
     </span>
     <span class='ocr_line' id='line_1_14' title="bbox 143 1781 1387 1846; baseline 0.002 -18"><span class='ocrx_word' id='word_1_127' title='bbox 143 1795 183 1844; x_wconf 92' lang='lat' dir='ltr'>pro</span> <span class='ocrx_word' id='word_1_128' title='bbox 199 1781 246 1830; x_wconf 86' lang='lat' dir='ltr'>alia</span> <span class='ocrx_word' id='word_1_129' title='bbox 264 1783 295 1830; x_wconf 93' lang='lat' dir='ltr'>de</span> <span class='ocrx_word' id='word_1_130' title='bbox 313 1797 402 1838; x_wconf 87' lang='lat' dir='ltr'>avena,</span> <span class='ocrx_word' id='word_1_131' title='bbox 423 1788 448 1832; x_wconf 89' lang='lat' dir='ltr'>et</span> <span class='ocrx_word' id='word_1_132' title='bbox 467 1781 618 1844; x_wconf 88' lang='lat' dir='ltr'>quindecim</span> <span class='ocrx_word' id='word_1_133' title='bbox 638 1781 692 1832; x_wconf 88' lang='lat' dir='ltr'>vini</span> <span class='ocrx_word' id='word_1_134' title='bbox 713 1783 831 1837; x_wconf 83' lang='lat' dir='ltr'>cubulos.</span> <span class='ocrx_word' id='word_1_135' title='bbox 851 1798 881 1830; x_wconf 91' lang='lat' dir='ltr'>ac</span> <span class='ocrx_word' id='word_1_136' title='bbox 902 1781 927 1830; x_wconf 97' lang='lat' dir='ltr'>in</span> <span class='ocrx_word' id='word_1_137' title='bbox 947 1781 1063 1831; x_wconf 88' lang='lat' dir='ltr'>denariis</span> <span class='ocrx_word' id='word_1_138' title='bbox 1082 1781 1199 1844; x_wconf 90' lang='lat' dir='ltr'>quinque</span> <span class='ocrx_word' id='word_1_139' title='bbox 1219 1797 1320 1846; x_wconf 89' lang='lat' dir='ltr'>pensas,</span> <span class='ocrx_word' id='word_1_140' title='bbox 1337 1781 1387 1831; x_wconf 92' lang='lat' dir='ltr'>nisi</span> 
     </span>
     <span class='ocr_line' id='line_1_15' title="bbox 143 1869 1386 1936; baseline 0.001 -18"><span class='ocrx_word' id='word_1_141' title='bbox 143 1869 263 1918; x_wconf 81' lang='lat' dir='ltr'>necessitas</span> <span class='ocrx_word' id='word_1_142' title='bbox 280 1871 465 1934; x_wconf 80' lang='lat' dir='ltr'>augmentandi</span> <span class='ocrx_word' id='word_1_143' title='bbox 487 1871 613 1935; x_wconf 86' lang='lat' dir='ltr'>premissa</span> <span class='ocrx_word' id='word_1_144' title='bbox 633 1870 705 1920; x_wconf 86' lang='lat' dir='ltr'>aliud</span> <span class='ocrx_word' id='word_1_145' title='bbox 726 1871 840 1928; x_wconf 90' lang='lat' dir='ltr'>inducat,</span> <span class='ocrx_word' id='word_1_146' title='bbox 860 1871 1015 1920; x_wconf 88' lang='lat' dir='ltr'>deducendo</span> <span class='ocrx_word' id='word_1_147' title='bbox 1035 1872 1067 1920; x_wconf 90' lang='lat' dir='ltr'>ad</span> <span class='ocrx_word' id='word_1_148' title='bbox 1089 1869 1175 1936; x_wconf 90' lang='lat' dir='ltr'>ipsum</span> <span class='ocrx_word' id='word_1_149' title='bbox 1194 1877 1309 1921; x_wconf 84' lang='lat' dir='ltr'>castrum</span> <span class='ocrx_word' id='word_1_150' title='bbox 1328 1886 1386 1936; x_wconf 92' lang='lat' dir='ltr'>pre-</span> 
     </span>
     <span class='ocr_line' id='line_1_16' title="bbox 145 1956 1118 2023; baseline 0.002 -19"><span class='ocrx_word' id='word_1_151' title='bbox 145 1956 203 2006; x_wconf 88' lang='lat' dir='ltr'>dicta</span> <span class='ocrx_word' id='word_1_152' title='bbox 220 1958 292 2006; x_wconf 86' lang='lat' dir='ltr'>blada</span> <span class='ocrx_word' id='word_1_153' title='bbox 311 1963 336 2007; x_wconf 90' lang='lat' dir='ltr'>et</span> <span class='ocrx_word' id='word_1_154' title='bbox 356 1957 446 2008; x_wconf 91' lang='lat' dir='ltr'>vinum</span> <span class='ocrx_word' id='word_1_155' title='bbox 465 1958 532 2007; x_wconf 92' lang='lat' dir='ltr'>sicut</span> <span class='ocrx_word' id='word_1_156' title='bbox 550 1957 615 2008; x_wconf 85' lang='lat' dir='ltr'>alias</span> <span class='ocrx_word' id='word_1_157' title='bbox 635 1960 739 2008; x_wconf 87' lang='lat' dir='ltr'>cosdem</span> <span class='ocrx_word' id='word_1_158' title='bbox 758 1957 886 2023; x_wconf 91' lang='lat' dir='ltr'>oportuit,</span> <span class='ocrx_word' id='word_1_159' title='bbox 907 1963 935 2007; x_wconf 93' lang='lat' dir='ltr'>ut</span> <span class='ocrx_word' id='word_1_160' title='bbox 954 1964 992 2007; x_wconf 92' lang='lat' dir='ltr'>est</span> <span class='ocrx_word' id='word_1_161' title='bbox 1011 1957 1118 2008; x_wconf 88' lang='lat' dir='ltr'>dictum.</span> 
     </span>
    </p>
   </div>
   <div class='ocr_carea' id='block_1_4' title="bbox 232 2243 800 2449">
    <p class='ocr_par' dir='ltr' id='par_1_4' title="bbox 232 2243 800 2449">
     <span class='ocr_line' id='line_1_17' title="bbox 709 2243 800 2308; baseline 0.011 -1"><span class='ocrx_word' id='word_1_162' title='bbox 709 2243 800 2308; x_wconf 91' lang='grc'>100.</span> 
     </span>
     <span class='ocr_line' id='line_1_18' title="bbox 232 2383 742 2449; baseline -0.002 -16"><span class='ocrx_word' id='word_1_163' title='bbox 232 2385 311 2441; x_wconf 80' lang='lat' dir='ltr'>Anno,</span> <span class='ocrx_word' id='word_1_164' title='bbox 334 2393 408 2442; x_wconf 80' lang='lat'>1313,</span> <span class='ocrx_word' id='word_1_165' title='bbox 429 2394 468 2440; x_wconf 82' lang='lat'>23.</span> <span class='ocrx_word' id='word_1_166' title='bbox 488 2383 569 2449; x_wconf 90' lang='lat' dir='ltr'>Junii.</span> <span class='ocrx_word' id='word_1_167' title='bbox 589 2384 742 2448; x_wconf 83' lang='lat' dir='ltr'>Zagrabiae.</span> 
     </span>
    </p>
   </div>
   <div class='ocr_carea' id='block_1_5' title="bbox 151 2509 1388 2694">
    <p class='ocr_par' dir='ltr' id='par_1_5' title="bbox 151 2509 1388 2694">
     <span class='ocr_line' id='line_1_19' title="bbox 151 2509 1388 2588; baseline 0.002 -22"><span class='ocrx_word' id='word_1_168' title='bbox 151 2509 293 2584; x_wconf 84' lang='lat' dir='ltr'>Capitulum</span> <span class='ocrx_word' id='word_1_169' title='bbox 325 2513 451 2586; x_wconf 79' lang='lat' dir='ltr'>Zagrab.</span> <span class='ocrx_word' id='word_1_170' title='bbox 476 2513 647 2587; x_wconf 76' lang='lat' dir='ltr'>notificando</span> <span class='ocrx_word' id='word_1_171' title='bbox 673 2515 798 2587; x_wconf 67' lang='lat' dir='ltr'>capitulo</span> <span class='ocrx_word' id='word_1_172' title='bbox 827 2515 1110 2588; x_wconf 70' lang='lat' dir='ltr'>qutirqueecclesiensi</span> <span class='ocrx_word' id='word_1_173' title='bbox 1124 2521 1215 2586; x_wconf 80' lang='lat' dir='ltr'>pacta</span> <span class='ocrx_word' id='word_1_174' title='bbox 1238 2513 1273 2571; x_wconf 88' lang='lat' dir='ltr'>de</span> <span class='ocrx_word' id='word_1_175' title='bbox 1295 2520 1388 2569; x_wconf 83' lang='lat' dir='ltr'>castro</span> 
     </span>
     <span class='ocr_line' id='line_1_20' title="bbox 427 2618 1102 2694; baseline 0 -18"><span class='ocrx_word' id='word_1_176' title='bbox 427 2618 554 2676; x_wconf 81' lang='lat' dir='ltr'>Medoed</span> <span class='ocrx_word' id='word_1_177' title='bbox 573 2621 655 2688; x_wconf 78' lang='lat' dir='ltr'>tirito,</span> <span class='ocrx_word' id='word_1_178' title='bbox 679 2619 774 2676; x_wconf 85' lang='lat' dir='ltr'>eadem</span> <span class='ocrx_word' id='word_1_179' title='bbox 798 2627 832 2677; x_wconf 83' lang='lat' dir='ltr'>ut</span> <span class='ocrx_word' id='word_1_180' title='bbox 851 2621 1004 2694; x_wconf 68' lang='lat' dir='ltr'>confimat,</span> <span class='ocrx_word' id='word_1_181' title='bbox 1020 2621 1102 2693; x_wconf 80' lang='lat' dir='ltr'>petit.</span> 
     </span>
    </p>
   </div>
   <div class='ocr_carea' id='block_1_6' title="bbox 218 2759 1387 2836">
    <p class='ocr_par' dir='ltr' id='par_1_6' title="bbox 218 2759 1387 2836">
     <span class='ocr_line' id='line_1_21' title="bbox 218 2759 1387 2836; baseline 0.003 -22"><span class='ocrx_word' id='word_1_182' title='bbox 218 2759 293 2818; x_wconf 89' lang='lat' dir='ltr'>Viris</span> <span class='ocrx_word' id='word_1_183' title='bbox 316 2759 457 2818; x_wconf 89' lang='lat' dir='ltr'>discretis</span> <span class='ocrx_word' id='word_1_184' title='bbox 480 2769 509 2818; x_wconf 90' lang='lat' dir='ltr'>et</span> <span class='ocrx_word' id='word_1_185' title='bbox 533 2761 676 2833; x_wconf 90' lang='lat' dir='ltr'>honestis,</span> <span class='ocrx_word' id='word_1_186' title='bbox 701 2763 838 2836; x_wconf 88' lang='lat' dir='ltr'>capitulo</span> <span class='ocrx_word' id='word_1_187' title='bbox 862 2761 1191 2836; x_wconf 85' lang='lat' dir='ltr'>Quinqueecclesiensi,</span> <span class='ocrx_word' id='word_1_188' title='bbox 1215 2761 1387 2834; x_wconf 91' lang='lat' dir='ltr'>capitulum</span> 
     </span>
    </p>
   </div>
   <div class='ocr_carea' id='block_1_7' title="bbox 146 2866 1387 4428">
    <p class='ocr_par' dir='ltr' id='par_1_7' title="bbox 146 2866 1387 4428">
     <span class='ocr_line' id='line_1_22' title="bbox 146 2866 1387 2936; baseline 0.002 -15"><span class='ocrx_word' id='word_1_189' title='bbox 146 2866 327 2936; x_wconf 85' lang='lat' dir='ltr'>zagrahiensis</span> <span class='ocrx_word' id='word_1_190' title='bbox 350 2866 478 2923; x_wconf 87' lang='lat' dir='ltr'>ecclesie</span> <span class='ocrx_word' id='word_1_191' title='bbox 501 2867 715 2925; x_wconf 90' lang='lat' dir='ltr'>omnimodam</span> <span class='ocrx_word' id='word_1_192' title='bbox 738 2869 948 2926; x_wconf 85' lang='lat' dir='ltr'>reverenciam</span> <span class='ocrx_word' id='word_1_193' title='bbox 969 2883 1040 2925; x_wconf 91' lang='lat' dir='ltr'>curn</span> <span class='ocrx_word' id='word_1_194' title='bbox 1057 2869 1180 2925; x_wconf 91' lang='lat' dir='ltr'>honore.</span> <span class='ocrx_word' id='word_1_195' title='bbox 1198 2866 1387 2924; x_wconf 88' lang='lat' dir='ltr'>Discrecioni</span> 
     </span>
     <span class='ocr_line' id='line_1_23' title="bbox 147 2971 1387 3049; baseline 0.004 -25"><span class='ocrx_word' id='word_1_196' title='bbox 147 2977 228 3028; x_wconf 79' lang='lat' dir='ltr'>vestre</span> <span class='ocrx_word' id='word_1_197' title='bbox 256 2979 364 3029; x_wconf 90' lang='lat' dir='ltr'>notum</span> <span class='ocrx_word' id='word_1_198' title='bbox 395 2971 526 3030; x_wconf 84' lang='lat' dir='ltr'>iacimus</span> <span class='ocrx_word' id='word_1_199' title='bbox 560 2975 590 3030; x_wconf 94' lang='lat' dir='ltr'>in</span> <span class='ocrx_word' id='word_1_200' title='bbox 621 2975 816 3048; x_wconf 87' lang='lat' dir='ltr'>presentibus</span> <span class='ocrx_word' id='word_1_201' title='bbox 844 2973 1052 3049; x_wconf 88' lang='lat' dir='ltr'>protestando,</span> <span class='ocrx_word' id='word_1_202' title='bbox 1077 2973 1158 3046; x_wconf 91' lang='lat' dir='ltr'>quod</span> <span class='ocrx_word' id='word_1_203' title='bbox 1184 2977 1309 3047; x_wconf 89' lang='lat' dir='ltr'>pactum</span> <span class='ocrx_word' id='word_1_204' title='bbox 1333 2987 1387 3029; x_wconf 90' lang='lat' dir='ltr'>seu</span> 
     </span>
     <span class='ocr_line' id='line_1_24' title="bbox 146 3077 1386 3152; baseline 0.001 -20"><span class='ocrx_word' id='word_1_205' title='bbox 146 3079 360 3135; x_wconf 85' lang='lat' dir='ltr'>convencionem</span> <span class='ocrx_word' id='word_1_206' title='bbox 383 3095 477 3152; x_wconf 90' lang='lat' dir='ltr'>super</span> <span class='ocrx_word' id='word_1_207' title='bbox 500 3081 736 3138; x_wconf 91' lang='lat' dir='ltr'>conservacione</span> <span class='ocrx_word' id='word_1_208' title='bbox 759 3081 852 3138; x_wconf 88' lang='lat' dir='ltr'>castri</span> <span class='ocrx_word' id='word_1_209' title='bbox 875 3080 1002 3138; x_wconf 88' lang='lat' dir='ltr'>ecclesie</span> <span class='ocrx_word' id='word_1_210' title='bbox 1025 3079 1242 3152; x_wconf 89' lang='lat' dir='ltr'>zagrabiensis,</span> <span class='ocrx_word' id='word_1_211' title='bbox 1266 3077 1386 3134; x_wconf 84' lang='lat' dir='ltr'>Medwe</span> 
     </span>
     <span class='ocr_line' id='line_1_25' title="bbox 146 3183 1387 3258; baseline 0.002 -20"><span class='ocrx_word' id='word_1_212' title='bbox 146 3184 234 3252; x_wconf 83' lang='lat' dir='ltr'>vocati,</span> <span class='ocrx_word' id='word_1_213' title='bbox 258 3186 335 3242; x_wconf 91' lang='lat' dir='ltr'>inter</span> <span class='ocrx_word' id='word_1_214' title='bbox 357 3185 556 3258; x_wconf 87' lang='lat' dir='ltr'>magnificum</span> <span class='ocrx_word' id='word_1_215' title='bbox 582 3187 685 3242; x_wconf 91' lang='lat' dir='ltr'>virum</span> <span class='ocrx_word' id='word_1_216' title='bbox 709 3185 899 3258; x_wconf 88' lang='lat' dir='ltr'>Stephanum</span> <span class='ocrx_word' id='word_1_217' title='bbox 924 3187 1041 3242; x_wconf 90' lang='lat' dir='ltr'>banum</span> <span class='ocrx_word' id='word_1_218' title='bbox 1065 3185 1163 3242; x_wconf 87' lang='lat' dir='ltr'>tocius</span> <span class='ocrx_word' id='word_1_219' title='bbox 1178 3183 1341 3242; x_wconf 87' lang='lat' dir='ltr'>Sclauonie</span> <span class='ocrx_word' id='word_1_220' title='bbox 1356 3189 1387 3240; x_wconf 93' lang='lat' dir='ltr'>et</span> 
     </span>
     <span class='ocr_line' id='line_1_26' title="bbox 146 3291 1386 3365; baseline 0.002 -23"><span class='ocrx_word' id='word_1_221' title='bbox 146 3295 337 3358; x_wconf 91' lang='lat' dir='ltr'>procuratores</span> <span class='ocrx_word' id='word_1_222' title='bbox 361 3295 481 3348; x_wconf 89' lang='lat' dir='ltr'>nostros</span> <span class='ocrx_word' id='word_1_223' title='bbox 505 3291 653 3362; x_wconf 88' lang='lat' dir='ltr'>habitam,</span> <span class='ocrx_word' id='word_1_224' title='bbox 676 3293 776 3365; x_wconf 90' lang='lat' dir='ltr'>parati</span> <span class='ocrx_word' id='word_1_225' title='bbox 792 3293 889 3348; x_wconf 90' lang='lat' dir='ltr'>simus</span> <span class='ocrx_word' id='word_1_226' title='bbox 906 3297 1056 3363; x_wconf 88' lang='lat' dir='ltr'>quantum</span> <span class='ocrx_word' id='word_1_227' title='bbox 1073 3291 1102 3348; x_wconf 88' lang='lat' dir='ltr'>in</span> <span class='ocrx_word' id='word_1_228' title='bbox 1119 3291 1208 3347; x_wconf 92' lang='lat' dir='ltr'>nobis</span> <span class='ocrx_word' id='word_1_229' title='bbox 1224 3295 1270 3346; x_wconf 90' lang='lat' dir='ltr'>est</span> <span class='ocrx_word' id='word_1_230' title='bbox 1287 3293 1386 3346; x_wconf 87' lang='lat' dir='ltr'>ratam</span> 
     </span>
     <span class='ocr_line' id='line_1_27' title="bbox 147 3391 1386 3468; baseline 0.002 -20"><span class='ocrx_word' id='word_1_231' title='bbox 147 3391 241 3452; x_wconf 89' lang='lat' dir='ltr'>habere</span> <span class='ocrx_word' id='word_1_232' title='bbox 263 3403 291 3452; x_wconf 93' lang='lat' dir='ltr'>et</span> <span class='ocrx_word' id='word_1_233' title='bbox 313 3395 446 3454; x_wconf 89' lang='lat' dir='ltr'>firmiter</span> <span class='ocrx_word' id='word_1_234' title='bbox 469 3398 644 3468; x_wconf 88' lang='lat' dir='ltr'>observare,</span> <span class='ocrx_word' id='word_1_235' title='bbox 673 3396 845 3454; x_wconf 90' lang='lat' dir='ltr'>dummodo</span> <span class='ocrx_word' id='word_1_236' title='bbox 876 3395 994 3454; x_wconf 91' lang='lat' dir='ltr'>domini</span> <span class='ocrx_word' id='word_1_237' title='bbox 1022 3397 1119 3453; x_wconf 89' lang='lat' dir='ltr'>nostri</span> <span class='ocrx_word' id='word_1_238' title='bbox 1152 3395 1313 3467; x_wconf 84' lang='lat' dir='ltr'>Augustini</span> <span class='ocrx_word' id='word_1_239' title='bbox 1336 3393 1386 3451; x_wconf 92' lang='lat' dir='ltr'>dei</span> 
     </span>
     <span class='ocr_line' id='line_1_28' title="bbox 147 3501 1381 3576; baseline 0.002 -20"><span class='ocrx_word' id='word_1_240' title='bbox 147 3501 230 3568; x_wconf 79' lang='lat' dir='ltr'>gracia</span> <span class='ocrx_word' id='word_1_241' title='bbox 257 3503 461 3575; x_wconf 85' lang='lat' dir='ltr'>zagrabiensis</span> <span class='ocrx_word' id='word_1_242' title='bbox 492 3504 629 3576; x_wconf 89' lang='lat' dir='ltr'>episcopi</span> <span class='ocrx_word' id='word_1_243' title='bbox 660 3503 843 3560; x_wconf 87' lang='lat' dir='ltr'>interveniat</span> <span class='ocrx_word' id='word_1_244' title='bbox 874 3517 1038 3560; x_wconf 90' lang='lat' dir='ltr'>consensus</span> <span class='ocrx_word' id='word_1_245' title='bbox 1069 3501 1239 3574; x_wconf 82' lang='lat' dir='ltr'>legittimus</span> <span class='ocrx_word' id='word_1_246' title='bbox 1269 3507 1299 3557; x_wconf 91' lang='lat' dir='ltr'>et</span> <span class='ocrx_word' id='word_1_247' title='bbox 1330 3517 1381 3558; x_wconf 91' lang='lat' dir='ltr'>ex·</span> 
     </span>
     <span class='ocr_line' id='line_1_29' title="bbox 147 3609 1385 3682; baseline 0.004 -23"><span class='ocrx_word' id='word_1_248' title='bbox 147 3617 257 3676; x_wconf 88' lang='lat' dir='ltr'>pressus,</span> <span class='ocrx_word' id='word_1_249' title='bbox 279 3616 344 3666; x_wconf 91' lang='lat' dir='ltr'>tum</span> <span class='ocrx_word' id='word_1_250' title='bbox 368 3609 440 3682; x_wconf 91' lang='lat' dir='ltr'>quia</span> <span class='ocrx_word' id='word_1_251' title='bbox 462 3609 594 3666; x_wconf 90' lang='lat' dir='ltr'>arduum</span> <span class='ocrx_word' id='word_1_252' title='bbox 610 3611 773 3681; x_wconf 83' lang='lat' dir='ltr'>negocium</span> <span class='ocrx_word' id='word_1_253' title='bbox 796 3613 850 3673; x_wconf 88' lang='lat' dir='ltr'>esi,</span> <span class='ocrx_word' id='word_1_254' title='bbox 874 3617 941 3665; x_wconf 90' lang='lat' dir='ltr'>tum</span> <span class='ocrx_word' id='word_1_255' title='bbox 964 3609 1061 3666; x_wconf 86' lang='lat' dir='ltr'>eciam</span> <span class='ocrx_word' id='word_1_256' title='bbox 1085 3609 1158 3680; x_wconf 89' lang='lat' dir='ltr'>quia</span> <span class='ocrx_word' id='word_1_257' title='bbox 1181 3612 1315 3664; x_wconf 89' lang='lat' dir='ltr'>castrum</span> <span class='ocrx_word' id='word_1_258' title='bbox 1338 3613 1385 3664; x_wconf 91' lang='lat' dir='ltr'>est</span> 
     </span>
     <span class='ocr_line' id='line_1_30' title="bbox 148 3711 1385 3788; baseline 0.004 -23"><span class='ocrx_word' id='word_1_259' title='bbox 148 3711 307 3784; x_wconf 86' lang='lat' dir='ltr'>episcopale,</span> <span class='ocrx_word' id='word_1_260' title='bbox 330 3713 369 3770; x_wconf 91' lang='lat' dir='ltr'>ad</span> <span class='ocrx_word' id='word_1_261' title='bbox 393 3729 448 3770; x_wconf 89' lang='lat' dir='ltr'>nos</span> <span class='ocrx_word' id='word_1_262' title='bbox 471 3720 576 3770; x_wconf 91' lang='lat' dir='ltr'>autem</span> <span class='ocrx_word' id='word_1_263' title='bbox 599 3730 635 3770; x_wconf 86' lang='lat' dir='ltr'>ex</span> <span class='ocrx_word' id='word_1_264' title='bbox 660 3730 697 3772; x_wconf 89' lang='lat' dir='ltr'>eo</span> <span class='ocrx_word' id='word_1_265' title='bbox 719 3713 918 3772; x_wconf 92' lang='lat' dir='ltr'>solummodo</span> <span class='ocrx_word' id='word_1_266' title='bbox 941 3715 1073 3788; x_wconf 85' lang='lat' dir='ltr'>pertinet</span> <span class='ocrx_word' id='word_1_267' title='bbox 1096 3714 1190 3770; x_wconf 90' lang='lat' dir='ltr'>turris</span> <span class='ocrx_word' id='word_1_268' title='bbox 1212 3728 1280 3770; x_wconf 90' lang='lat' dir='ltr'>una.</span> <span class='ocrx_word' id='word_1_269' title='bbox 1305 3712 1385 3770; x_wconf 87' lang='lat' dir='ltr'>Peti-</span> 
     </span>
     <span class='ocr_line' id='line_1_31' title="bbox 148 3818 1385 3893; baseline 0.006 -24"><span class='ocrx_word' id='word_1_270' title='bbox 148 3827 204 3872; x_wconf 87' lang='lat' dir='ltr'>mus</span> <span class='ocrx_word' id='word_1_271' title='bbox 230 3818 348 3892; x_wconf 91' lang='lat' dir='ltr'>insuper</span> <span class='ocrx_word' id='word_1_272' title='bbox 378 3819 597 3876; x_wconf 90' lang='lat' dir='ltr'>discrecionem</span> <span class='ocrx_word' id='word_1_273' title='bbox 629 3827 764 3878; x_wconf 89' lang='lat' dir='ltr'>vestram</span> <span class='ocrx_word' id='word_1_274' title='bbox 799 3821 1017 3878; x_wconf 87' lang='lat' dir='ltr'>instantissime</span> <span class='ocrx_word' id='word_1_275' title='bbox 1040 3836 1096 3893; x_wconf 94' lang='lat' dir='ltr'>per</span> <span class='ocrx_word' id='word_1_276' title='bbox 1120 3823 1284 3892; x_wconf 88' lang='lat' dir='ltr'>presentes,</span> <span class='ocrx_word' id='word_1_277' title='bbox 1311 3835 1385 3892; x_wconf 91' lang='lat' dir='ltr'>qua-</span> 
     </span>
     <span class='ocr_line' id='line_1_32' title="bbox 150 3923 1384 3998; baseline 0.006 -23"><span class='ocrx_word' id='word_1_278' title='bbox 150 3923 221 3978; x_wconf 90' lang='lat' dir='ltr'>tenus</span> <span class='ocrx_word' id='word_1_279' title='bbox 247 3940 335 3997; x_wconf 91' lang='lat' dir='ltr'>supcr</span> <span class='ocrx_word' id='word_1_280' title='bbox 364 3926 587 3998; x_wconf 88' lang='lat' dir='ltr'>protestacione</span> <span class='ocrx_word' id='word_1_281' title='bbox 619 3931 723 3983; x_wconf 89' lang='lat' dir='ltr'>nostra</span> <span class='ocrx_word' id='word_1_282' title='bbox 754 3941 857 3983; x_wconf 89' lang='lat' dir='ltr'>coram</span> <span class='ocrx_word' id='word_1_283' title='bbox 889 3927 979 3984; x_wconf 90' lang='lat' dir='ltr'>vobis</span> <span class='ocrx_word' id='word_1_284' title='bbox 1010 3925 1090 3983; x_wconf 84' lang='lat' dir='ltr'>iacta</span> <span class='ocrx_word' id='word_1_285' title='bbox 1121 3926 1239 3982; x_wconf 90' lang='lat' dir='ltr'>litteras</span> <span class='ocrx_word' id='word_1_286' title='bbox 1266 3932 1384 3982; x_wconf 88' lang='lat' dir='ltr'>vestras</span> 
     </span>
     <span class='ocr_line' id='line_1_33' title="bbox 149 4029 1384 4104; baseline 0.004 -22"><span class='ocrx_word' id='word_1_287' title='bbox 149 4029 319 4088; x_wconf 84' lang='lat' dir='ltr'>memoriales</span> <span class='ocrx_word' id='word_1_288' title='bbox 342 4045 414 4088; x_wconf 90' lang='lat' dir='ltr'>cum</span> <span class='ocrx_word' id='word_1_289' title='bbox 437 4030 582 4104; x_wconf 88' lang='lat' dir='ltr'>pendenti</span> <span class='ocrx_word' id='word_1_290' title='bbox 606 4033 711 4104; x_wconf 89' lang='lat' dir='ltr'>sigillo</span> <span class='ocrx_word' id='word_1_291' title='bbox 734 4033 900 4089; x_wconf 89' lang='lat' dir='ltr'>concedere</span> <span class='ocrx_word' id='word_1_292' title='bbox 922 4031 1099 4104; x_wconf 86' lang='lat' dir='ltr'>dignemini.</span> <span class='ocrx_word' id='word_1_293' title='bbox 1119 4031 1265 4088; x_wconf 89' lang='lat' dir='ltr'>Formam</span> <span class='ocrx_word' id='word_1_294' title='bbox 1280 4037 1384 4088; x_wconf 88' lang='lat' dir='ltr'>autem</span> 
     </span>
     <span class='ocr_line' id='line_1_34' title="bbox 150 4134 1384 4212; baseline 0.006 -25"><span class='ocrx_word' id='word_1_295' title='bbox 150 4134 278 4200; x_wconf 88' lang='lat' dir='ltr'>paccionis</span> <span class='ocrx_word' id='word_1_296' title='bbox 300 4153 352 4195; x_wconf 92' lang='lat' dir='ltr'>seu</span> <span class='ocrx_word' id='word_1_297' title='bbox 377 4137 593 4194; x_wconf 88' lang='lat' dir='ltr'>convencionis</span> <span class='ocrx_word' id='word_1_298' title='bbox 617 4145 708 4212; x_wconf 89' lang='lat' dir='ltr'>prout</span> <span class='ocrx_word' id='word_1_299' title='bbox 732 4139 762 4195; x_wconf 93' lang='lat' dir='ltr'>in</span> <span class='ocrx_word' id='word_1_300' title='bbox 786 4139 897 4196; x_wconf 89' lang='lat' dir='ltr'>litteris</span> <span class='ocrx_word' id='word_1_301' title='bbox 913 4139 1010 4212; x_wconf 92' lang='lat' dir='ltr'>ipsius</span> <span class='ocrx_word' id='word_1_302' title='bbox 1025 4137 1173 4212; x_wconf 89' lang='lat' dir='ltr'>Stephani</span> <span class='ocrx_word' id='word_1_303' title='bbox 1191 4138 1262 4195; x_wconf 91' lang='lat' dir='ltr'>bani</span> <span class='ocrx_word' id='word_1_304' title='bbox 1278 4152 1384 4195; x_wconf 91' lang='lat' dir='ltr'>coram</span> 
     </span>
     <span class='ocr_line' id='line_1_35' title="bbox 150 4237 1384 4318; baseline 0.006 -26"><span class='ocrx_word' id='word_1_305' title='bbox 150 4237 222 4296; x_wconf 91' lang='lat' dir='ltr'>vobis</span> <span class='ocrx_word' id='word_1_306' title='bbox 242 4243 381 4300; x_wconf 87' lang='lat' dir='ltr'>exhibitis</span> <span class='ocrx_word' id='word_1_307' title='bbox 404 4243 545 4300; x_wconf 90' lang='lat' dir='ltr'>videritis</span> <span class='ocrx_word' id='word_1_308' title='bbox 568 4243 716 4301; x_wconf 90' lang='lat' dir='ltr'>contineri</span> <span class='ocrx_word' id='word_1_309' title='bbox 739 4245 861 4318; x_wconf 88' lang='lat' dir='ltr'>plenius</span> <span class='ocrx_word' id='word_1_310' title='bbox 884 4245 1058 4302; x_wconf 87' lang='lat' dir='ltr'>inserentes</span> <span class='ocrx_word' id='word_1_311' title='bbox 1082 4243 1198 4300; x_wconf 88' lang='lat' dir='ltr'>Datum</span> <span class='ocrx_word' id='word_1_312' title='bbox 1222 4243 1253 4300; x_wconf 91' lang='lat' dir='ltr'>in</span> <span class='ocrx_word' id='word_1_313' title='bbox 1276 4242 1384 4315; x_wconf 88' lang='lat' dir='ltr'>vigilia</span> 
     </span>
     <span class='ocr_line' id='line_1_36' title="bbox 149 4340 538 4428; baseline 0.028 -32"><span class='ocrx_word' id='word_1_314' title='bbox 149 4340 215 4400; x_wconf 88' lang='lat' dir='ltr'>beati</span> <span class='ocrx_word' id='word_1_315' title='bbox 234 4346 373 4428; x_wconf 84' lang='lat' dir='ltr'>Johannis</span> <span class='ocrx_word' id='word_1_316' title='bbox 396 4349 538 4422; x_wconf 86' lang='lat' dir='ltr'>baptiste.</span> 
     </span>
    </p>
   </div>
   <div class='ocr_carea' id='block_1_8' title="bbox 150 4479 1382 4815">
    <p class='ocr_par' dir='ltr' id='par_1_8' title="bbox 150 4479 1382 4815">
     <span class='ocr_line' id='line_1_37' title="bbox 237 4479 1382 4549; baseline 0.003 -20"><span class='ocrx_word' id='word_1_317' title='bbox 237 4479 309 4533; x_wconf 91' lang='lat' dir='ltr'>Liber</span> <span class='ocrx_word' id='word_1_318' title='bbox 335 4483 424 4549; x_wconf 92' lang='lat' dir='ltr'>privil.</span> <span class='ocrx_word' id='word_1_319' title='bbox 452 4483 530 4549; x_wconf 90' lang='lat' dir='ltr'>episc.</span> <span class='ocrx_word' id='word_1_320' title='bbox 556 4485 660 4549; x_wconf 80' lang='lat' dir='ltr'>zagrab.</span> <span class='ocrx_word' id='word_1_321' title='bbox 688 4483 733 4534; x_wconf 85' lang='lat' dir='ltr'>iol.</span> <span class='ocrx_word' id='word_1_322' title='bbox 759 4484 800 4541; x_wconf 82' lang='lat'>65.</span> <span class='ocrx_word' id='word_1_323' title='bbox 826 4484 905 4534; x_wconf 86' lang='lat' dir='ltr'>habet</span> <span class='ocrx_word' id='word_1_324' title='bbox 930 4500 943 4532; x_wconf 93' lang='lat' dir='ltr'>e</span> <span class='ocrx_word' id='word_1_325' title='bbox 971 4489 1133 4548; x_wconf 90' lang='lat' dir='ltr'>transumpto</span> <span class='ocrx_word' id='word_1_326' title='bbox 1162 4483 1272 4548; x_wconf 92' lang='lat' dir='ltr'>capituli</span> <span class='ocrx_word' id='word_1_327' title='bbox 1300 4483 1382 4544; x_wconf 80' lang='lat' dir='ltr'>Quin·</span> 
     </span>
     <span class='ocr_line' id='line_1_38' title="bbox 150 4569 1381 4638; baseline 0.006 -26"><span class='ocrx_word' id='word_1_328' title='bbox 150 4569 243 4624; x_wconf 85' lang='lat' dir='ltr'>queeccl.</span> <span class='ocrx_word' id='word_1_329' title='bbox 261 4569 324 4622; x_wconf 87' lang='lat' dir='ltr'>lacto</span> <span class='ocrx_word' id='word_1_330' title='bbox 342 4587 381 4621; x_wconf 86' lang='lat' dir='ltr'>an.</span> <span class='ocrx_word' id='word_1_331' title='bbox 405 4581 477 4630; x_wconf 81' lang='grc'>1313.</span> <span class='ocrx_word' id='word_1_332' title='bbox 498 4571 529 4620; x_wconf 94' lang='lat' dir='ltr'>V.</span> <span class='ocrx_word' id='word_1_333' title='bbox 544 4572 595 4622; x_wconf 84' lang='lat' dir='ltr'>kal.</span> <span class='ocrx_word' id='word_1_334' title='bbox 614 4571 689 4638; x_wconf 92' lang='lat' dir='ltr'>Julii,</span> <span class='ocrx_word' id='word_1_335' title='bbox 707 4573 739 4621; x_wconf 90' lang='lat' dir='ltr'>ad</span> <span class='ocrx_word' id='word_1_336' title='bbox 753 4588 844 4638; x_wconf 90' lang='lat' dir='ltr'>preces</span> <span class='ocrx_word' id='word_1_337' title='bbox 857 4573 990 4622; x_wconf 88' lang='lat' dir='ltr'>Dominici</span> <span class='ocrx_word' id='word_1_338' title='bbox 1004 4589 1058 4622; x_wconf 88' lang='lat' dir='ltr'>ean.</span> <span class='ocrx_word' id='word_1_339' title='bbox 1072 4573 1188 4622; x_wconf 91' lang='lat' dir='ltr'>custodis</span> <span class='ocrx_word' id='word_1_340' title='bbox 1201 4573 1263 4621; x_wconf 91' lang='lat' dir='ltr'>eccl.</span> <span class='ocrx_word' id='word_1_341' title='bbox 1277 4572 1381 4637; x_wconf 84' lang='lat' dir='ltr'>zagrab.</span> 
     </span>
     <span class='ocr_line' id='line_1_39' title="bbox 151 4658 1381 4726; baseline 0.008 -28"><span class='ocrx_word' id='word_1_342' title='bbox 151 4665 190 4700; x_wconf 83' lang='lat' dir='ltr'>una</span> <span class='ocrx_word' id='word_1_343' title='bbox 211 4658 287 4708; x_wconf 85' lang='lat' dir='ltr'>nuncii</span> <span class='ocrx_word' id='word_1_344' title='bbox 311 4667 337 4710; x_wconf 88' lang='lat' dir='ltr'>et</span> <span class='ocrx_word' id='word_1_345' title='bbox 360 4660 542 4726; x_wconf 90' lang='lat' dir='ltr'>procuratoris</span> <span class='ocrx_word' id='word_1_346' title='bbox 567 4659 684 4709; x_wconf 89' lang='lat' dir='ltr'>eiusdem</span> <span class='ocrx_word' id='word_1_347' title='bbox 710 4661 828 4726; x_wconf 88' lang='lat' dir='ltr'>capituli.</span> <span class='ocrx_word' id='word_1_348' title='bbox 854 4661 968 4710; x_wconf 86' lang='lat' dir='ltr'>Farlati:</span> <span class='ocrx_word' id='word_1_349' title='bbox 988 4659 1119 4710; x_wconf 88' lang='lat' dir='ltr'>illiricum</span> <span class='ocrx_word' id='word_1_350' title='bbox 1139 4675 1203 4710; x_wconf 86' lang='lat' dir='ltr'>sacr.</span> <span class='ocrx_word' id='word_1_351' title='bbox 1224 4665 1284 4710; x_wconf 90' lang='lat' dir='ltr'>tom.</span> <span class='ocrx_word' id='word_1_352' title='bbox 1305 4659 1336 4709; x_wconf 92' lang='lat' dir='ltr'>V.</span> <span class='ocrx_word' id='word_1_353' title='bbox 1357 4675 1381 4724; x_wconf 93' lang='lat' dir='ltr'>p.</span> 
     </span>
     <span class='ocr_line' id='line_1_40' title="bbox 152 4741 1222 4815; baseline -0.003 -14"><span class='ocrx_word' id='word_1_354' title='bbox 152 4746 197 4800; x_wconf 77' lang='lat'><strong>397.</strong></span> <span class='ocrx_word' id='word_1_355' title='bbox 213 4741 274 4794; x_wconf 84' lang='lat' dir='ltr'>ioan.</span> <span class='ocrx_word' id='word_1_356' title='bbox 297 4748 460 4815; x_wconf 85' lang='lat' dir='ltr'>h&#39;ulruljevic&#39;.</span> <span class='ocrx_word' id='word_1_357' title='bbox 477 4748 563 4798; x_wconf 80' lang='lat' dir='ltr'>Arkiv</span> <span class='ocrx_word' id='word_1_358' title='bbox 582 4763 612 4797; x_wconf 86' lang='lat' dir='ltr'>za</span> <span class='ocrx_word' id='word_1_359' title='bbox 630 4747 733 4812; x_wconf 90' lang='lat' dir='ltr'>poviest</span> <span class='ocrx_word' id='word_1_360' title='bbox 749 4749 846 4814; x_wconf 85' lang='lat' dir='ltr'>jugosl.</span> <span class='ocrx_word' id='word_1_361' title='bbox 866 4748 926 4799; x_wconf 91' lang='lat' dir='ltr'>libr.</span> <span class='ocrx_word' id='word_1_362' title='bbox 947 4749 994 4799; x_wconf 85' lang='grc' dir='ltr'>ΙΙΙ,</span> <span class='ocrx_word' id='word_1_363' title='bbox 1015 4765 1039 4814; x_wconf 91' lang='lat' dir='ltr'>p.</span> <span class='ocrx_word' id='word_1_364' title='bbox 1059 4749 1099 4808; x_wconf 85' lang='grc'>83.</span> <span class='ocrx_word' id='word_1_365' title='bbox 1119 4765 1157 4799; x_wconf 91' lang='lat' dir='ltr'>nr.</span> <span class='ocrx_word' id='word_1_366' title='bbox 1178 4747 1222 4798; x_wconf 92' lang='lat' dir='ltr'>Vl.</span> 
     </span>
    </p>
   </div>
   <div class='ocr_carea' id='block_1_9' title="bbox 0 0 1808 5804">
    <p class='ocr_par' dir='ltr' id='par_1_9' title="bbox 0 0 1808 5804">
     <span class='ocr_line' id='line_1_41' title="bbox 0 0 1808 5804; baseline 0 0"><span class='ocrx_word' id='word_1_367' title='bbox 0 0 1808 5804; x_wconf 95' lang='lat' dir='ltr'> </span> 
     </span>
    </p>
   </div>
  </div>
 </body>
</html>
