3600 5804
555 552 628 609 Duc.
653 547 722 626 183.
751 583 785 592 —
805 551 861 608 An.
886 564 973 627 1343.
1340 551 1395 608 161

149 753 339 823 leguminum,
370 751 408 808 ad
443 750 564 824 pondus
595 733 738 821 hominis,
761 751 949 823 recipiantur
980 749 1100 822 singule
1124 745 1400 806 mensurelle'sive

147 859 320 926 metretelle,
341 858 420 915 sicut
444 859 502 914 t'uit
526 857 603 915 alias
627 862 815 914 consvetum.
840 856 926 925 ltem,
949 855 988 912 de
1011 855 1115 922 caseis,
1132 854 1170 911 de
1186 853 1346 920 fructibus,
1366 853 1404 910 de

153 963 216 1034 filis,
239 964 276 1021 de
299 965 361 1021 lino
384 971 414 1020 et
437 963 507 1020 aliis
530 964 624 1021 rebus
647 961 803 1020 similibus
826 962 878 1018 vel
894 961 1098 1019 dissimilibus
1114 961 1145 1018 in
1162 959 1337 1017 substancia
1352 960 1404 1016 vel

150 1071 288 1144 qualitate
311 1071 440 1129 tollatur
462 1071 623 1142 tributum,
647 1071 726 1128 sicut
749 1068 808 1126 fuit
831 1069 908 1126 alias
939 1073 1127 1126 consvetum.
1158 1067 1243 1136 Item,
1268 1067 1306 1124 de
1330 1079 1405 1139 quo-

150 1180 220 1235 libet
242 1194 331 1235 curru
354 1193 503 1248 asserum,
527 1193 605 1234 unus
629 1191 727 1246 asser;
751 1175 790 1232 de
813 1175 955 1248 quolibet
978 1191 1072 1232 curru
1095 1173 1289 1248 plancarum,
1314 1171 1405 1230 dena·

148 1285 206 1342 rius
227 1285 277 1342 vel
307 1285 430 1355 obulus,
462 1288 589 1358 pensato
620 1283 727 1340 valore
758 1281 870 1339 talium
899 1279 1070 1338 secundum
1102 1280 1202 1337 maius
1233 1286 1263 1336 et
1293 1279 1404 1348 minus,

150 1403 263 1463 semper
285 1389 392 1463 previa
415 1389 552 1458 racione;
576 1387 615 1445 de
637 1387 708 1444 aliis
731 1403 806 1444 vero
828 1385 1053 1459 lignaminibus
1080 1384 1119 1442 ad
1144 1383 1266 1442 edificia
1281 1398 1405 1456 compe·

149 1496 272 1552 tentibus
294 1495 345 1552 vel
368 1494 548 1552 necessariis
571 1493 611 1551 ad
635 1508 830 1566 quecumque
853 1489 998 1550 utensilia
1021 1492 1160 1549 intranea
1183 1491 1235 1548 vel
1251 1495 1404 1556 extranea,

145 1599 181 1656 de
208 1601 333 1674 singulis
366 1601 517 1672 curribus,
541 1599 672 1670 obulus;
702 1599 838 1657 maxime
868 1613 940 1656 cum
970 1596 1149 1655 huiusmodi
1178 1596 1348 1670 lignamina
1370 1599 1405 1652 ut

149 1707 311 1780 plurimum
334 1706 373 1764 de
395 1707 509 1765 nostris
531 1705 621 1764 silvis
644 1705 801 1763 ducantur.
835 1704 920 1776 Item,
953 1705 1087 1778 quilibet
1114 1719 1203 1761 suam
1227 1703 1326 1760 vitam
1349 1701 1405 1758 du-

151 1827 215 1870 cens
237 1828 306 1871 cum
329 1813 435 1887 aliqua
453 1818 520 1871 arte
542 1813 595 1870 vel
617 1813 804 1885 magisterio
829 1811 894 1870 sive
917 1812 957 1868 sit
987 1811 1167 1868 tabernator
1190 1813 1282 1883 potus
1304 1809 1404 1866 cuius·

151 1933 280 1992 cumque,
303 1921 369 1977 sive
392 1918 532 1993 pellifex,
556 1924 609 1976 aut
630 1917 810 1991 lucifigulus
841 1933 912 1974 cum
943 1917 1100 1974 similibus
1134 1921 1255 1974 tenetur
1282 1914 1405 1973 solvere

151 2039 204 2097 pro
224 2025 338 2083 tributo
362 2026 518 2083 annuatim
544 2023 583 2082 ad
607 2023 721 2081 festum
740 2024 909 2081 nativitatis
937 2023 1055 2081 domini
1086 2022 1224 2096 quinque
1255 2021 1404 2092 denarios,

153 2135 179 2186 et
200 2131 339 2189 similiter
360 2131 400 2189 ad
424 2131 539 2188 testum
561 2131 797 2188 resurreccionis
824 2127 971 2201 eiusdem,
995 2135 1026 2186 et
1049 2128 1158 2186 eodem
1181 2127 1276 2186 modo
1299 2126 1338 2184 ad
1362 2126 1405 2184 fe·

151 2241 226 2294 stum
248 2238 328 2295 beati
351 2238 433 2310 regis
456 2235 620 2310 Stephani;
644 2236 715 2308 quia
738 2236 764 2293 si
786 2236 890 2308 alique
913 2251 971 2306 res,
995 2235 1138 2310 superius
1161 2249 1222 2292 non
1251 2249 1404 2307 expresse,

151 2341 290 2402 ducantur
311 2343 530 2416 undecumque
560 2349 590 2400 et
620 2344 652 2400 in
683 2357 880 2416 quocumque
903 2343 1078 2412 consistant,
1109 2339 1148 2398 de
1178 2341 1294 2413 quibus
1317 2339 1405 2412 quasi

151 2449 251 2520 ignotis
274 2465 335 2508 non
358 2450 555 2507 recolebatur
575 2450 728 2507 tributum
744 2447 838 2506 fuisse
854 2454 1022 2522 receptum,
1039 2446 1226 2521 quandoque
1249 2446 1288 2503 de
1310 2446 1405 2503 rebus

151 2553 316 2613 huiusmodi
340 2555 453 2628 ignotis
483 2555 535 2612 vel
567 2569 628 2612 non
659 2555 811 2612 consvetis
841 2555 931 2611 valor
960 2552 1131 2622 atendatur,
1162 2556 1192 2610 et
1224 2553 1268 2609 sic
1299 2552 1404 2608 habita

151 2661 334 2719 estimacione
358 2661 511 2734 condigna
538 2662 670 2732 comuni,
702 2675 775 2734 pars
805 2660 972 2718 centesima
1000 2659 1168 2733 recipiatur
1200 2672 1257 2732 pro
1287 2657 1405 2715 tributo

151 2765 178 2822 in
198 2765 335 2837 denariis
360 2766 607 2824 consideracione
629 2767 737 2824 habita
759 2765 876 2823 valoris
900 2764 1106 2834 denariorum,
1130 2772 1163 2822 ut
1186 2779 1297 2838 supra;
1327 2770 1357 2821 et
1380 2763 1406 2819 si

151 2872 271 2930 solventi
294 2873 447 2946 placuerit
469 2872 508 2930 de
531 2872 669 2930 eiusdem
689 2873 784 2930 rebus
808 2876 930 2945 partem
953 2872 1151 2928 centesimam
1168 2871 1281 2928 nostris
1307 2871 1406 2927 tribu-

153 2979 228 3035 tariis
249 2979 398 3036 exsolvat.
430 2979 498 3037 Hoc
528 2980 626 3036 eciam
658 2979 832 3049 asserimus,
864 2976 948 3050 quod
972 2977 1068 3034 nostri
1091 2976 1245 3034 tributarii
1269 2973 1406 3033 adinstar

153 3085 376 3144 tributariorum
400 3085 518 3143 domini
541 3087 638 3144 nostri
661 3087 743 3158 regis
774 3089 903 3159 possunt
933 3089 963 3142 et
993 3082 1114 3154 debent,
1138 3082 1193 3140 ubi
1217 3083 1261 3140 eis
1284 3096 1406 3140 necesse

154 3189 243 3262 tuerit,
267 3195 332 3250 sive
355 3195 386 3251 in
407 3198 512 3250 monte
535 3191 690 3258 Grecensi‚
720 3193 786 3249 sive
818 3191 903 3262 alias,
927 3185 1066 3264 inpedire
1096 3205 1144 3246 res
1167 3194 1197 3246 et
1220 3189 1303 3246 bona
1325 3203 1406 3246 mer·

154 3303 289 3370 catorum,
313 3301 366 3372 qui
390 3299 434 3357 eis
457 3299 497 3357 ad
520 3297 669 3356 solvenda
692 3297 809 3355 tributa
836 3297 1023 3368 obligantur,
1049 3311 1109 3367 que
1132 3311 1170 3352 ex
1193 3295 1406 3368 superioribus

155 3405 317 3462 melonibus
339 3407 540 3480 approbatur.
564 3405 598 3462 ln
622 3405 848 3478 premissorum
863 3407 968 3460 autem
984 3401 1195 3458 testimonium
1211 3401 1406 3474 presentibus

156 3509 284 3582 sigillum
306 3518 447 3569 nostrum
472 3509 601 3568 fecimus
623 3511 724 3584 aponi.
747 3509 865 3566 Datum
888 3509 919 3566 in
941 3507 1058 3565 octavis
1082 3505 1256 3579 Epiphanio
1280 3506 1405 3564 domini.

153 3615 391 3674 Annoeiusdem
415 3615 525 3674 MCCC
549 3615 788 3689 quadragesimo
809 3615 912 3672 tercio.

233 3750 369 3817 originale
395 3751 423 3801 in
447 3753 606 3810 membrana,
626 3752 725 3815 absque
744 3750 843 3815 sigillo.
868 3750 897 3800 In
917 3749 1016 3800 archiv.
1037 3764 1093 3800 ven.
1114 3747 1191 3813 capit
1212 3747 1316 3812 zagrab.
1336 3746 1403 3797 Item

153 3835 241 3887 ibidem
259 3839 285 3889 in
303 3840 374 3890 libro
394 3841 520 3891 Statutor.
541 3840 619 3905 capit.
635 3840 740 3904 zagrab.
754 3847 821 3904 part.
846 3839 874 3895 1.,
895 3854 950 3904 cap.
969 3837 1032 3887 XII.
1045 3839 1119 3904 Joan.
1133 3835 1249 3886 Tkattie.
1262 3835 1332 3885 Mon.
1347 3835 1406 3885 hist.

153 3925 222 3990 episc
235 3929 335 3993 zagrab.
350 3930 401 3978 vol.
417 3928 449 3978 Il.
464 3945 488 3994 p.
503 3939 545 3982 20.
556 3929 603 3978 ubi
617 3929 643 3978 in
656 3929 771 3993 prologo
783 3927 862 3978 huius
875 3925 1071 3977 constitutionis
1089 3925 1126 3975 ita
1139 3930 1260 3975 notatur:
1277 3923 1317 3974 De
1327 3925 1406 3974 modo

153 4015 288 4066 exaccionis
300 4017 463 4067 tributorum
477 4017 595 4082 capituli.
611 4046 642 4056 -
657 4016 799 4066 Tributum
813 4022 897 4066 totum
915 4017 1043 4064 Grecense
1062 4031 1108 4065 seu
1127 4013 1304 4078 zagrabiense,
1317 4017 1407 4078 preter

154 4101 296 4154 tricesimam
317 4104 422 4156 domiue
440 4105 532 4170 regine
545 4105 691 4172 Hungarie,
705 4106 895 4170 quoquomodo
912 4110 1029 4160 vocetur,
1047 4103 1195 4153 obtinemus
1209 4101 1236 4151 in
1249 4100 1405 4151 communi.u

731 4302 814 4368 183.

248 4445 321 4494 Anno
343 4451 417 4503 1343,
440 4451 477 4500 13.
497 4443 595 4494 martii.
617 4441 868 4507 Quinqueecclesiis.

161 4550 310 4629 Capimlrtm
329 4553 612 4627 quinqueecclesiense
631 4553 665 4610 de
676 4553 829 4610 statutione
840 4552 923 4625 capit.
937 4549 997 4607 eccl.
1009 4548 1126 4623 zugrab.
1140 4547 1171 4604 in
1182 4565 1264 4605 usum
1276 4545 1408 4604 immunis

156 4660 296 4716 exactiones
318 4659 388 4728 omi,
410 4659 492 4715 bladi
512 4667 540 4715 et
559 4659 743 4716 denariorum
759 4658 802 4715 ad
813 4665 937 4715 casinam
953 4655 1086 4724 Medved,
1107 4654 1212 4712 carolo
1229 4653 1409 4726 Hungariae

602 4776 606 4784 '
648 4773 695 4823 etc.
717 4765 782 4838 regi
802 4764 898 4838 refert.

234 4887 403 4964 Stephanus
433 4892 610 4966 prepositus
642 4889 980 4965 quinqueecclesiensis,
1016 4889 1246 4960 colocensisque
1281 4886 1408 4944 ecclesie

159 4991 272 5053 ellectus
294 5003 323 5054 et
346 4999 520 5073 capitulum
552 4997 691 5056 eiusdem
724 4997 852 5055 ecclesie
882 4995 1221 5068 quinqueecclesiensis.
1256 4993 1408 5051 Omnibus

1269 5120 1297 5159 11
