<?xml version="1.0" encoding="UTF-8"?>
<!DOCTYPE html PUBLIC "-//W3C//DTD XHTML 1.0 Transitional//EN"
    "http://www.w3.org/TR/xhtml1/DTD/xhtml1-transitional.dtd">
<html xmlns="http://www.w3.org/1999/xhtml" xml:lang="en" lang="en">
 <head>
  <title>
</title>
<meta http-equiv="Content-Type" content="text/html;charset=utf-8" />
  <meta name='ocr-system' content='tesseract 3.04.00' />
  <meta name='ocr-capabilities' content='ocr_page ocr_carea ocr_par ocr_line ocrx_word'/>
</head>
<body>
  <div class='ocr_page' id='page_1' title='image "./monumentahistor18laszgoog_0323.png"; bbox 0 0 3600 5804; ppageno 0'>
   <div class='ocr_carea' id='block_1_1' title="bbox 566 583 1404 660">
    <p class='ocr_par' dir='ltr' id='par_1_1' title="bbox 566 583 1404 660">
     <span class='ocr_line' id='line_1_1' title="bbox 566 583 1404 660; baseline 0.007 -20"><span class='ocrx_word' id='word_1_1' title='bbox 566 583 638 640; x_wconf 87' lang='lat' dir='ltr'><strong>Doc.</strong></span> <span class='ocrx_word' id='word_1_2' title='bbox 661 595 730 639; x_wconf 81' lang='lat'><strong><em>102.</em></strong></span> <span class='ocrx_word' id='word_1_3' title='bbox 757 616 794 624; x_wconf 87' lang='lat'>—</span> <span class='ocrx_word' id='word_1_4' title='bbox 821 583 876 640; x_wconf 85' lang='lat' dir='ltr'><strong>An.</strong></span> <span class='ocrx_word' id='word_1_5' title='bbox 901 597 987 660; x_wconf 74' lang='lat'><em>1514.</em></span> <span class='ocrx_word' id='word_1_6' title='bbox 1365 589 1404 658; x_wconf 75' lang='lat'><strong>8⁷</strong></span> 
     </span>
    </p>
   </div>
   <div class='ocr_carea' id='block_1_2' title="bbox 155 780 1406 5100">
    <p class='ocr_par' dir='ltr' id='par_1_2' title="bbox 155 780 1406 5100">
     <span class='ocr_line' id='line_1_2' title="bbox 158 780 1404 856; baseline 0.004 -21"><span class='ocrx_word' id='word_1_7' title='bbox 158 793 280 836; x_wconf 91' lang='lat' dir='ltr'><strong>mensam</strong></span> <span class='ocrx_word' id='word_1_8' title='bbox 303 780 513 852; x_wconf 83' lang='lat' dir='ltr'><strong>spectantibus</strong></span> <span class='ocrx_word' id='word_1_9' title='bbox 544 785 720 838; x_wconf 89' lang='lat' dir='ltr'><strong>construere</strong></span> <span class='ocrx_word' id='word_1_10' title='bbox 744 797 797 838; x_wconf 91' lang='lat' dir='ltr'><strong>seu</strong></span> <span class='ocrx_word' id='word_1_11' title='bbox 824 781 968 839; x_wconf 88' lang='lat' dir='ltr'><strong>edificare</strong></span> <span class='ocrx_word' id='word_1_12' title='bbox 992 782 1214 856; x_wconf 88' lang='lat' dir='ltr'>quoquomodo</span> <span class='ocrx_word' id='word_1_13' title='bbox 1237 789 1404 856; x_wconf 86' lang='lat' dir='ltr'><strong>presumat,</strong></span> 
     </span>
     <span class='ocr_line' id='line_1_3' title="bbox 156 886 1406 960; baseline 0.003 -18"><span class='ocrx_word' id='word_1_14' title='bbox 156 886 288 942; x_wconf 87' lang='lat' dir='ltr'>nonnulle</span> <span class='ocrx_word' id='word_1_15' title='bbox 315 901 439 958; x_wconf 90' lang='lat' dir='ltr'><strong>quoque</strong></span> <span class='ocrx_word' id='word_1_16' title='bbox 471 886 531 944; x_wconf 89' lang='lat' dir='ltr'><strong>alie</strong></span> <span class='ocrx_word' id='word_1_17' title='bbox 555 901 686 958; x_wconf 89' lang='lat' dir='ltr'>persone</span> <span class='ocrx_word' id='word_1_18' title='bbox 712 887 916 944; x_wconf 88' lang='lat' dir='ltr'><strong>ecclesiastice</strong></span> <span class='ocrx_word' id='word_1_19' title='bbox 950 887 1103 945; x_wconf 90' lang='lat' dir='ltr'><strong>seculares</strong></span> <span class='ocrx_word' id='word_1_20' title='bbox 1126 893 1156 946; x_wconf 92' lang='lat' dir='ltr'><strong>et</strong></span> <span class='ocrx_word' id='word_1_21' title='bbox 1179 890 1346 960; x_wconf 81' lang='lat' dir='ltr'><strong>regulares,</strong></span> <span class='ocrx_word' id='word_1_22' title='bbox 1370 905 1406 946; x_wconf 90' lang='lat' dir='ltr'><strong>ac</strong></span> 
     </span>
     <span class='ocr_line' id='line_1_4' title="bbox 156 991 1403 1066; baseline 0.004 -19"><span class='ocrx_word' id='word_1_23' title='bbox 156 991 353 1048; x_wconf 87' lang='lat' dir='ltr'><strong>universitates</strong></span> <span class='ocrx_word' id='word_1_24' title='bbox 384 997 414 1048; x_wconf 91' lang='lat' dir='ltr'><strong>et</strong></span> <span class='ocrx_word' id='word_1_25' title='bbox 445 992 616 1064; x_wconf 83' lang='lat' dir='ltr'><strong>singulares</strong></span> <span class='ocrx_word' id='word_1_26' title='bbox 647 1008 778 1066; x_wconf 91' lang='lat' dir='ltr'><strong>persone</strong></span> <span class='ocrx_word' id='word_1_27' title='bbox 808 994 970 1050; x_wconf 89' lang='lat' dir='ltr'><strong>civitatum</strong></span> <span class='ocrx_word' id='word_1_28' title='bbox 1000 1009 1056 1051; x_wconf 90' lang='lat' dir='ltr'><strong>nec</strong></span> <span class='ocrx_word' id='word_1_29' title='bbox 1086 1009 1148 1051; x_wconf 92' lang='lat' dir='ltr'><strong>non</strong></span> <span class='ocrx_word' id='word_1_30' title='bbox 1179 1001 1352 1052; x_wconf 87' lang='lat' dir='ltr'><strong>castrorum</strong></span> <span class='ocrx_word' id='word_1_31' title='bbox 1373 1001 1403 1052; x_wconf 90' lang='lat' dir='ltr'><strong>et</strong></span> 
     </span>
     <span class='ocr_line' id='line_1_5' title="bbox 157 1097 1402 1174; baseline 0.005 -22"><span class='ocrx_word' id='word_1_32' title='bbox 157 1097 288 1154; x_wconf 90' lang='lat' dir='ltr'><strong>villarum</strong></span> <span class='ocrx_word' id='word_1_33' title='bbox 319 1097 450 1155; x_wconf 89' lang='lat' dir='ltr'><strong>diocesis</strong></span> <span class='ocrx_word' id='word_1_34' title='bbox 477 1105 507 1156; x_wconf 92' lang='lat' dir='ltr'><strong>et</strong></span> <span class='ocrx_word' id='word_1_35' title='bbox 538 1099 676 1172; x_wconf 91' lang='lat' dir='ltr'><strong>partium</strong></span> <span class='ocrx_word' id='word_1_36' title='bbox 703 1100 874 1156; x_wconf 91' lang='lat' dir='ltr'><strong>vicinarum</strong></span> <span class='ocrx_word' id='word_1_37' title='bbox 905 1098 943 1156; x_wconf 92' lang='lat' dir='ltr'><strong>de</strong></span> <span class='ocrx_word' id='word_1_38' title='bbox 974 1098 1156 1170; x_wconf 89' lang='lat' dir='ltr'><strong>redditibus,</strong></span> <span class='ocrx_word' id='word_1_39' title='bbox 1191 1100 1402 1174; x_wconf 87' lang='lat' dir='ltr'><strong>proventibus,</strong></span> 
     </span>
     <span class='ocr_line' id='line_1_6' title="bbox 158 1204 1402 1279; baseline 0.003 -21"><span class='ocrx_word' id='word_1_40' title='bbox 158 1204 290 1274; x_wconf 86' lang='lat' dir='ltr'><strong>censibus,</strong></span> <span class='ocrx_word' id='word_1_41' title='bbox 319 1204 440 1261; x_wconf 89' lang='lat' dir='ltr'><strong>iuribus</strong></span> <span class='ocrx_word' id='word_1_42' title='bbox 470 1211 499 1262; x_wconf 94' lang='lat' dir='ltr'><strong>et</strong></span> <span class='ocrx_word' id='word_1_43' title='bbox 523 1205 615 1262; x_wconf 88' lang='lat' dir='ltr'><strong>rebus</strong></span> <span class='ocrx_word' id='word_1_44' title='bbox 638 1205 709 1262; x_wconf 91' lang='lat' dir='ltr'><strong>aliis</strong></span> <span class='ocrx_word' id='word_1_45' title='bbox 732 1204 771 1262; x_wconf 91' lang='lat' dir='ltr'><strong>ad</strong></span> <span class='ocrx_word' id='word_1_46' title='bbox 796 1220 934 1262; x_wconf 89' lang='lat' dir='ltr'><strong>mensam</strong></span> <span class='ocrx_word' id='word_1_47' title='bbox 956 1206 1167 1279; x_wconf 87' lang='lat' dir='ltr'><strong>spectantibus</strong></span> <span class='ocrx_word' id='word_1_48' title='bbox 1190 1205 1402 1279; x_wconf 89' lang='lat' dir='ltr'><strong>supradictam</strong></span> 
     </span>
     <span class='ocr_line' id='line_1_7' title="bbox 156 1308 1403 1385; baseline 0.003 -20"><span class='ocrx_word' id='word_1_49' title='bbox 156 1308 243 1366; x_wconf 89' lang='lat' dir='ltr'><strong>eidem</strong></span> <span class='ocrx_word' id='word_1_50' title='bbox 273 1311 418 1385; x_wconf 89' lang='lat' dir='ltr'><strong>episcopo</strong></span> <span class='ocrx_word' id='word_1_51' title='bbox 440 1312 490 1368; x_wconf 89' lang='lat' dir='ltr'><strong>vel</strong></span> <span class='ocrx_word' id='word_1_52' title='bbox 515 1313 581 1369; x_wconf 91' lang='lat' dir='ltr'><strong>eius</strong></span> <span class='ocrx_word' id='word_1_53' title='bbox 603 1311 727 1368; x_wconf 91' lang='lat' dir='ltr'><strong>vicariis</strong></span> <span class='ocrx_word' id='word_1_54' title='bbox 753 1311 863 1368; x_wconf 93' lang='lat' dir='ltr'><strong>nolunt</strong></span> <span class='ocrx_word' id='word_1_55' title='bbox 885 1311 1080 1384; x_wconf 88' lang='lat' dir='ltr'><strong>aliquatenus</strong></span> <span class='ocrx_word' id='word_1_56' title='bbox 1102 1311 1297 1385; x_wconf 91' lang='lat' dir='ltr'><strong>respondere.</strong></span> <span class='ocrx_word' id='word_1_57' title='bbox 1321 1311 1403 1370; x_wconf 93' lang='lat' dir='ltr'>Non·</span> 
     </span>
     <span class='ocr_line' id='line_1_8' title="bbox 157 1413 1403 1491; baseline 0.006 -22"><span class='ocrx_word' id='word_1_58' title='bbox 157 1413 225 1470; x_wconf 91' lang='lat' dir='ltr'><strong>nulli</strong></span> <span class='ocrx_word' id='word_1_59' title='bbox 252 1417 339 1472; x_wconf 92' lang='lat' dir='ltr'><strong>etiam</strong></span> <span class='ocrx_word' id='word_1_60' title='bbox 371 1418 533 1474; x_wconf 88' lang='lat' dir='ltr'><strong>civitatum</strong></span> <span class='ocrx_word' id='word_1_61' title='bbox 564 1417 694 1474; x_wconf 89' lang='lat' dir='ltr'><strong>diocesis</strong></span> <span class='ocrx_word' id='word_1_62' title='bbox 724 1424 754 1474; x_wconf 93' lang='lat' dir='ltr'><strong>et</strong></span> <span class='ocrx_word' id='word_1_63' title='bbox 785 1417 922 1490; x_wconf 91' lang='lat' dir='ltr'><strong>partium</strong></span> <span class='ocrx_word' id='word_1_64' title='bbox 952 1417 1173 1491; x_wconf 89' lang='lat' dir='ltr'><strong>predictarum,</strong></span> <span class='ocrx_word' id='word_1_65' title='bbox 1206 1419 1260 1490; x_wconf 93' lang='lat' dir='ltr'><strong>qui</strong></span> <span class='ocrx_word' id='word_1_66' title='bbox 1291 1431 1403 1476; x_wconf 87' lang='lat' dir='ltr'><strong>nomen</strong></span> 
     </span>
     <span class='ocr_line' id='line_1_9' title="bbox 158 1519 1401 1598; baseline 0.004 -23"><span class='ocrx_word' id='word_1_67' title='bbox 158 1519 260 1578; x_wconf 90' lang='lat' dir='ltr'><strong>domini</strong></span> <span class='ocrx_word' id='word_1_68' title='bbox 282 1523 416 1595; x_wconf 90' lang='lat' dir='ltr'><strong>recipere</strong></span> <span class='ocrx_word' id='word_1_69' title='bbox 439 1523 470 1579; x_wconf 92' lang='lat' dir='ltr'><strong>in</strong></span> <span class='ocrx_word' id='word_1_70' title='bbox 494 1538 627 1580; x_wconf 91' lang='lat' dir='ltr'><strong>vacuum</strong></span> <span class='ocrx_word' id='word_1_71' title='bbox 648 1539 708 1580; x_wconf 93' lang='lat' dir='ltr'><strong>non</strong></span> <span class='ocrx_word' id='word_1_72' title='bbox 734 1521 910 1592; x_wconf 85' lang='lat' dir='ltr'><strong>tormidant‚</strong></span> <span class='ocrx_word' id='word_1_73' title='bbox 934 1521 1036 1580; x_wconf 92' lang='lat' dir='ltr'><strong>eidem</strong></span> <span class='ocrx_word' id='word_1_74' title='bbox 1059 1524 1206 1598; x_wconf 92' lang='lat' dir='ltr'><strong>episcopo</strong></span> <span class='ocrx_word' id='word_1_75' title='bbox 1229 1523 1261 1580; x_wconf 94' lang='lat' dir='ltr'><strong>in</strong></span> <span class='ocrx_word' id='word_1_76' title='bbox 1284 1523 1401 1592; x_wconf 90' lang='lat' dir='ltr'><strong>castris,</strong></span> 
     </span>
     <span class='ocr_line' id='line_1_10' title="bbox 157 1627 1402 1699; baseline 0.005 -19"><span class='ocrx_word' id='word_1_77' title='bbox 157 1627 238 1696; x_wconf 89' lang='lat' dir='ltr'><strong>villis,</strong></span> <span class='ocrx_word' id='word_1_78' title='bbox 260 1629 352 1698; x_wconf 91' lang='lat' dir='ltr'><strong>terris,</strong></span> <span class='ocrx_word' id='word_1_79' title='bbox 378 1628 650 1699; x_wconf 91' lang='lat' dir='ltr'><strong>iurisdictionibus,</strong></span> <span class='ocrx_word' id='word_1_80' title='bbox 673 1629 802 1698; x_wconf 90' lang='lat' dir='ltr'><strong>iuribus,</strong></span> <span class='ocrx_word' id='word_1_81' title='bbox 831 1629 918 1686; x_wconf 92' lang='lat' dir='ltr'><strong>bonis</strong></span> <span class='ocrx_word' id='word_1_82' title='bbox 942 1633 971 1686; x_wconf 90' lang='lat' dir='ltr'><strong>et</strong></span> <span class='ocrx_word' id='word_1_83' title='bbox 992 1629 1086 1686; x_wconf 89' lang='lat' dir='ltr'><strong>rebus</strong></span> <span class='ocrx_word' id='word_1_84' title='bbox 1108 1628 1178 1685; x_wconf 92' lang='lat' dir='ltr'><strong>aliis</strong></span> <span class='ocrx_word' id='word_1_85' title='bbox 1201 1628 1241 1686; x_wconf 90' lang='lat' dir='ltr'><strong>ad</strong></span> <span class='ocrx_word' id='word_1_86' title='bbox 1263 1643 1402 1686; x_wconf 90' lang='lat' dir='ltr'><strong>mensam</strong></span> 
     </span>
     <span class='ocr_line' id='line_1_11' title="bbox 157 1732 1403 1808; baseline 0.002 -19"><span class='ocrx_word' id='word_1_87' title='bbox 157 1732 311 1804; x_wconf 86' lang='lat' dir='ltr'><strong>predictam</strong></span> <span class='ocrx_word' id='word_1_88' title='bbox 334 1735 545 1806; x_wconf 87' lang='lat' dir='ltr'><strong>spectantibus</strong></span> <span class='ocrx_word' id='word_1_89' title='bbox 568 1735 757 1808; x_wconf 90' lang='lat' dir='ltr'><strong>multiplices</strong></span> <span class='ocrx_word' id='word_1_90' title='bbox 773 1733 932 1792; x_wconf 87' lang='lat' dir='ltr'><strong>molestias</strong></span> <span class='ocrx_word' id='word_1_91' title='bbox 948 1733 1083 1792; x_wconf 82' lang='lat' dir='ltr'><strong>inserunt</strong></span> <span class='ocrx_word' id='word_1_92' title='bbox 1098 1740 1128 1790; x_wconf 93' lang='lat' dir='ltr'><strong>et</strong></span> <span class='ocrx_word' id='word_1_93' title='bbox 1144 1735 1283 1792; x_wconf 89' lang='lat' dir='ltr'><strong>iacturas.</strong></span> <span class='ocrx_word' id='word_1_94' title='bbox 1300 1733 1403 1807; x_wconf 85' lang='lat' dir='ltr'><strong>Quare</strong></span> 
     </span>
     <span class='ocr_line' id='line_1_12' title="bbox 156 1837 1402 1914; baseline 0.002 -21"><span class='ocrx_word' id='word_1_95' title='bbox 156 1837 243 1895; x_wconf 89' lang='lat' dir='ltr'><strong>dictus</strong></span> <span class='ocrx_word' id='word_1_96' title='bbox 272 1841 433 1914; x_wconf 91' lang='lat' dir='ltr'><strong>episcopus</strong></span> <span class='ocrx_word' id='word_1_97' title='bbox 465 1841 554 1898; x_wconf 91' lang='lat' dir='ltr'><strong>nobis</strong></span> <span class='ocrx_word' id='word_1_98' title='bbox 584 1841 744 1898; x_wconf 87' lang='lat' dir='ltr'><strong>humiliter</strong></span> <span class='ocrx_word' id='word_1_99' title='bbox 774 1841 972 1914; x_wconf 84' lang='lat' dir='ltr'><strong>supplicavit,</strong></span> <span class='ocrx_word' id='word_1_100' title='bbox 999 1844 1032 1897; x_wconf 93' lang='lat' dir='ltr'><strong>ut</strong></span> <span class='ocrx_word' id='word_1_101' title='bbox 1063 1855 1134 1908; x_wconf 86' lang='lat' dir='ltr'><strong>cum</strong></span> <span class='ocrx_word' id='word_1_102' title='bbox 1160 1839 1250 1897; x_wconf 89' lang='lat' dir='ltr'><strong>valde</strong></span> <span class='ocrx_word' id='word_1_103' title='bbox 1273 1839 1402 1897; x_wconf 83' lang='lat' dir='ltr'><strong>difficile</strong></span> 
     </span>
     <span class='ocr_line' id='line_1_13' title="bbox 157 1943 1402 2020; baseline 0.001 -21"><span class='ocrx_word' id='word_1_104' title='bbox 157 1943 289 2002; x_wconf 88' lang='lat' dir='ltr'><strong>reddatur</strong></span> <span class='ocrx_word' id='word_1_105' title='bbox 316 1946 425 2018; x_wconf 91' lang='lat' dir='ltr'><strong>eidem,</strong></span> <span class='ocrx_word' id='word_1_106' title='bbox 457 1962 515 2020; x_wconf 94' lang='lat' dir='ltr'><strong>pro</strong></span> <span class='ocrx_word' id='word_1_107' title='bbox 545 1947 675 2019; x_wconf 93' lang='lat' dir='ltr'><strong>singulis</strong></span> <span class='ocrx_word' id='word_1_108' title='bbox 706 1947 840 2020; x_wconf 90' lang='lat' dir='ltr'><strong>querelis</strong></span> <span class='ocrx_word' id='word_1_109' title='bbox 870 1945 1136 2019; x_wconf 92' lang='lat' dir='ltr'><strong>adapostolicam</strong></span> <span class='ocrx_word' id='word_1_110' title='bbox 1160 1944 1264 2002; x_wconf 89' lang='lat' dir='ltr'><strong>sedem</strong></span> <span class='ocrx_word' id='word_1_111' title='bbox 1288 1945 1402 2002; x_wconf 92' lang='lat' dir='ltr'><strong>habere</strong></span> 
     </span>
     <span class='ocr_line' id='line_1_14' title="bbox 156 2050 1401 2126; baseline 0.003 -22"><span class='ocrx_word' id='word_1_112' title='bbox 156 2064 306 2121; x_wconf 83' lang='lat' dir='ltr'><strong>recursum,</strong></span> <span class='ocrx_word' id='word_1_113' title='bbox 339 2052 505 2125; x_wconf 90' lang='lat' dir='ltr'><strong>providere</strong></span> <span class='ocrx_word' id='word_1_114' title='bbox 536 2053 596 2110; x_wconf 87' lang='lat' dir='ltr'><strong>sibi</strong></span> <span class='ocrx_word' id='word_1_115' title='bbox 626 2069 720 2126; x_wconf 93' lang='lat' dir='ltr'><strong>super</strong></span> <span class='ocrx_word' id='word_1_116' title='bbox 751 2053 808 2110; x_wconf 90' lang='lat' dir='ltr'><strong>hoc</strong></span> <span class='ocrx_word' id='word_1_117' title='bbox 839 2059 967 2126; x_wconf 90' lang='lat' dir='ltr'><strong>patema</strong></span> <span class='ocrx_word' id='word_1_118' title='bbox 998 2051 1158 2124; x_wconf 82' lang='lat' dir='ltr'><strong>diligentia</strong></span> <span class='ocrx_word' id='word_1_119' title='bbox 1193 2050 1401 2124; x_wconf 89' lang='lat' dir='ltr'><strong>dignaremur.</strong></span> 
     </span>
     <span class='ocr_line' id='line_1_15' title="bbox 156 2154 1403 2232; baseline 0.002 -21"><span class='ocrx_word' id='word_1_120' title='bbox 156 2154 209 2212; x_wconf 84' lang='lat' dir='ltr'><strong>Nos</strong></span> <span class='ocrx_word' id='word_1_121' title='bbox 231 2158 318 2228; x_wconf 85' lang='lat' dir='ltr'><strong>igitur</strong></span> <span class='ocrx_word' id='word_1_122' title='bbox 353 2157 502 2216; x_wconf 88' lang='lat' dir='ltr'><strong>adversus</strong></span> <span class='ocrx_word' id='word_1_123' title='bbox 528 2169 738 2232; x_wconf 84' lang='lat' dir='ltr'><strong>occupatores,</strong></span> <span class='ocrx_word' id='word_1_124' title='bbox 771 2165 1012 2232; x_wconf 88' lang='lat' dir='ltr'><strong>presumptores,</strong></span> <span class='ocrx_word' id='word_1_125' title='bbox 1036 2157 1251 2215; x_wconf 89' lang='lat' dir='ltr'><strong>molestatores</strong></span> <span class='ocrx_word' id='word_1_126' title='bbox 1272 2163 1303 2214; x_wconf 90' lang='lat' dir='ltr'><strong>et</strong></span> <span class='ocrx_word' id='word_1_127' title='bbox 1325 2157 1403 2215; x_wconf 90' lang='lat' dir='ltr'><strong>iniu-</strong></span> 
     </span>
     <span class='ocr_line' id='line_1_16' title="bbox 155 2261 1402 2337; baseline 0.002 -19"><span class='ocrx_word' id='word_1_128' title='bbox 155 2263 269 2320; x_wconf 91' lang='lat' dir='ltr'><strong>riatores</strong></span> <span class='ocrx_word' id='word_1_129' title='bbox 290 2264 467 2323; x_wconf 91' lang='lat' dir='ltr'><strong>huiusmodi</strong></span> <span class='ocrx_word' id='word_1_130' title='bbox 490 2266 547 2322; x_wconf 94' lang='lat' dir='ltr'><strong>illo</strong></span> <span class='ocrx_word' id='word_1_131' title='bbox 571 2265 710 2322; x_wconf 92' lang='lat' dir='ltr'><strong>volentes</strong></span> <span class='ocrx_word' id='word_1_132' title='bbox 732 2267 760 2322; x_wconf 91' lang='lat' dir='ltr'><strong>ei</strong></span> <span class='ocrx_word' id='word_1_133' title='bbox 783 2263 922 2322; x_wconf 89' lang='lat' dir='ltr'><strong>remedio</strong></span> <span class='ocrx_word' id='word_1_134' title='bbox 945 2263 1118 2334; x_wconf 91' lang='lat' dir='ltr'><strong>subvenire,</strong></span> <span class='ocrx_word' id='word_1_135' title='bbox 1143 2278 1198 2336; x_wconf 90' lang='lat' dir='ltr'><strong>per</strong></span> <span class='ocrx_word' id='word_1_136' title='bbox 1218 2261 1303 2336; x_wconf 92' lang='lat' dir='ltr'><strong>quod</strong></span> <span class='ocrx_word' id='word_1_137' title='bbox 1320 2264 1402 2337; x_wconf 90' lang='lat' dir='ltr'><strong>ipso—</strong></span> 
     </span>
     <span class='ocr_line' id='line_1_17' title="bbox 156 2367 1401 2444; baseline 0.003 -22"><span class='ocrx_word' id='word_1_138' title='bbox 156 2383 214 2424; x_wconf 90' lang='lat' dir='ltr'><strong>rum</strong></span> <span class='ocrx_word' id='word_1_139' title='bbox 243 2379 450 2444; x_wconf 87' lang='lat' dir='ltr'><strong>compescatur</strong></span> <span class='ocrx_word' id='word_1_140' title='bbox 482 2373 638 2429; x_wconf 89' lang='lat' dir='ltr'><strong>temeritas</strong></span> <span class='ocrx_word' id='word_1_141' title='bbox 669 2379 699 2429; x_wconf 93' lang='lat' dir='ltr'><strong>et</strong></span> <span class='ocrx_word' id='word_1_142' title='bbox 729 2371 798 2428; x_wconf 89' lang='lat' dir='ltr'><strong>aliis</strong></span> <span class='ocrx_word' id='word_1_143' title='bbox 833 2369 935 2428; x_wconf 90' lang='lat' dir='ltr'><strong>aditus</strong></span> <span class='ocrx_word' id='word_1_144' title='bbox 958 2367 1171 2427; x_wconf 89' lang='lat' dir='ltr'><strong>committendi</strong></span> <span class='ocrx_word' id='word_1_145' title='bbox 1194 2369 1309 2426; x_wconf 85' lang='lat' dir='ltr'><strong>similia</strong></span> <span class='ocrx_word' id='word_1_146' title='bbox 1332 2384 1401 2442; x_wconf 90' lang='lat' dir='ltr'><strong>pre-</strong></span> 
     </span>
     <span class='ocr_line' id='line_1_18' title="bbox 155 2472 1402 2549; baseline 0.003 -21"><span class='ocrx_word' id='word_1_147' title='bbox 155 2472 287 2545; x_wconf 81' lang='lat' dir='ltr'><strong>cludatur,</strong></span> <span class='ocrx_word' id='word_1_148' title='bbox 310 2476 502 2547; x_wconf 73' lang='lat' dir='ltr'><strong>mandamus</strong></span> <span class='ocrx_word' id='word_1_149' title='bbox 526 2483 677 2549; x_wconf 91' lang='lat' dir='ltr'><strong>quatenus</strong></span> <span class='ocrx_word' id='word_1_150' title='bbox 699 2492 756 2534; x_wconf 90' lang='lat' dir='ltr'><strong>vos</strong></span> <span class='ocrx_word' id='word_1_151' title='bbox 779 2476 830 2533; x_wconf 91' lang='lat' dir='ltr'><strong>vel</strong></span> <span class='ocrx_word' id='word_1_152' title='bbox 854 2475 916 2532; x_wconf 96' lang='lat' dir='ltr'><strong>duo</strong></span> <span class='ocrx_word' id='word_1_153' title='bbox 939 2481 993 2533; x_wconf 93' lang='lat' dir='ltr'><strong>aut</strong></span> <span class='ocrx_word' id='word_1_154' title='bbox 1015 2490 1094 2532; x_wconf 89' lang='lat' dir='ltr'><strong>unus</strong></span> <span class='ocrx_word' id='word_1_155' title='bbox 1116 2479 1257 2532; x_wconf 90' lang='lat' dir='ltr'><strong>vestrum</strong></span> <span class='ocrx_word' id='word_1_156' title='bbox 1274 2489 1329 2548; x_wconf 92' lang='lat' dir='ltr'><strong>per</strong></span> <span class='ocrx_word' id='word_1_157' title='bbox 1344 2489 1402 2532; x_wconf 90' lang='lat' dir='ltr'><strong>vos</strong></span> 
     </span>
     <span class='ocr_line' id='line_1_19' title="bbox 157 2579 1400 2654; baseline 0.003 -22"><span class='ocrx_word' id='word_1_158' title='bbox 157 2579 198 2634; x_wconf 91' lang='lat' dir='ltr'><strong>vel</strong></span> <span class='ocrx_word' id='word_1_159' title='bbox 218 2581 307 2638; x_wconf 93' lang='lat' dir='ltr'><strong>alium</strong></span> <span class='ocrx_word' id='word_1_160' title='bbox 330 2599 383 2640; x_wconf 92' lang='lat' dir='ltr'><strong>seu</strong></span> <span class='ocrx_word' id='word_1_161' title='bbox 408 2583 494 2654; x_wconf 87' lang='lat' dir='ltr'><strong>alios,</strong></span> <span class='ocrx_word' id='word_1_162' title='bbox 518 2584 613 2640; x_wconf 92' lang='lat' dir='ltr'><strong>etiam</strong></span> <span class='ocrx_word' id='word_1_163' title='bbox 636 2584 661 2640; x_wconf 93' lang='lat' dir='ltr'><strong>si</strong></span> <span class='ocrx_word' id='word_1_164' title='bbox 684 2584 744 2640; x_wconf 91' lang='lat' dir='ltr'><strong>sint</strong></span> <span class='ocrx_word' id='word_1_165' title='bbox 767 2588 857 2639; x_wconf 82' lang='lat' dir='ltr'><strong>extra</strong></span> <span class='ocrx_word' id='word_1_166' title='bbox 878 2581 955 2652; x_wconf 90' lang='lat' dir='ltr'><strong>loca,</strong></span> <span class='ocrx_word' id='word_1_167' title='bbox 978 2582 1010 2638; x_wconf 93' lang='lat' dir='ltr'><strong>in</strong></span> <span class='ocrx_word' id='word_1_168' title='bbox 1033 2582 1148 2654; x_wconf 90' lang='lat' dir='ltr'><strong>quibus</strong></span> <span class='ocrx_word' id='word_1_169' title='bbox 1171 2579 1310 2653; x_wconf 85' lang='lat' dir='ltr'><strong>deputati</strong></span> <span class='ocrx_word' id='word_1_170' title='bbox 1327 2580 1400 2638; x_wconf 90' lang='lat' dir='ltr'><strong>estis</strong></span> 
     </span>
     <span class='ocr_line' id='line_1_20' title="bbox 156 2684 1401 2762; baseline 0.002 -23"><span class='ocrx_word' id='word_1_171' title='bbox 156 2694 365 2746; x_wconf 89' lang='lat' dir='ltr'><strong>conservatores</strong></span> <span class='ocrx_word' id='word_1_172' title='bbox 388 2694 417 2746; x_wconf 90' lang='lat' dir='ltr'><strong>et</strong></span> <span class='ocrx_word' id='word_1_173' title='bbox 441 2689 565 2760; x_wconf 86' lang='lat' dir='ltr'><strong>iudices,</strong></span> <span class='ocrx_word' id='word_1_174' title='bbox 589 2689 710 2762; x_wconf 85' lang='lat' dir='ltr'><strong>prefato</strong></span> <span class='ocrx_word' id='word_1_175' title='bbox 733 2690 887 2762; x_wconf 85' lang='lat' dir='ltr'><strong>episcop0,</strong></span> <span class='ocrx_word' id='word_1_176' title='bbox 915 2686 1018 2760; x_wconf 92' lang='lat' dir='ltr'><strong>quoad</strong></span> <span class='ocrx_word' id='word_1_177' title='bbox 1041 2687 1163 2756; x_wconf 89' lang='lat' dir='ltr'><strong>vixerit,</strong></span> <span class='ocrx_word' id='word_1_178' title='bbox 1192 2684 1326 2743; x_wconf 81' lang='lat' dir='ltr'><strong>efficacis</strong></span> <span class='ocrx_word' id='word_1_179' title='bbox 1349 2685 1401 2743; x_wconf 90' lang='lat' dir='ltr'><strong>de·</strong></span> 
     </span>
     <span class='ocr_line' id='line_1_21' title="bbox 156 2789 1400 2868; baseline 0.002 -22"><span class='ocrx_word' id='word_1_180' title='bbox 156 2789 282 2851; x_wconf 81' lang='lat' dir='ltr'><strong>tensionis</strong></span> <span class='ocrx_word' id='word_1_181' title='bbox 312 2795 447 2868; x_wconf 90' lang='lat' dir='ltr'><strong>presidio</strong></span> <span class='ocrx_word' id='word_1_182' title='bbox 470 2797 645 2854; x_wconf 90' lang='lat' dir='ltr'><strong>assistentes</strong></span> <span class='ocrx_word' id='word_1_183' title='bbox 672 2811 733 2853; x_wconf 93' lang='lat' dir='ltr'><strong>non</strong></span> <span class='ocrx_word' id='word_1_184' title='bbox 757 2793 944 2868; x_wconf 90' lang='lat' dir='ltr'><strong>permittatis</strong></span> <span class='ocrx_word' id='word_1_185' title='bbox 967 2809 1038 2850; x_wconf 92' lang='lat' dir='ltr'><strong>eum</strong></span> <span class='ocrx_word' id='word_1_186' title='bbox 1061 2807 1155 2865; x_wconf 91' lang='lat' dir='ltr'><strong>super</strong></span> <span class='ocrx_word' id='word_1_187' title='bbox 1177 2792 1336 2866; x_wconf 86' lang='lat' dir='ltr'><strong>premissis</strong></span> <span class='ocrx_word' id='word_1_188' title='bbox 1359 2792 1400 2849; x_wconf 92' lang='lat' dir='ltr'><strong>ab</strong></span> 
     </span>
     <span class='ocr_line' id='line_1_22' title="bbox 156 2897 1401 2974; baseline 0.003 -22"><span class='ocrx_word' id='word_1_189' title='bbox 156 2897 254 2955; x_wconf 85' lang='lat' dir='ltr'><strong>eisdem</strong></span> <span class='ocrx_word' id='word_1_190' title='bbox 284 2901 335 2958; x_wconf 90' lang='lat' dir='ltr'><strong>vel</strong></span> <span class='ocrx_word' id='word_1_191' title='bbox 359 2902 607 2974; x_wconf 89' lang='lat' dir='ltr'><strong>quibuscumque</strong></span> <span class='ocrx_word' id='word_1_192' title='bbox 638 2902 707 2958; x_wconf 90' lang='lat' dir='ltr'><strong>aliis</strong></span> <span class='ocrx_word' id='word_1_193' title='bbox 738 2901 985 2974; x_wconf 89' lang='lat' dir='ltr'><strong>occupatoribus,</strong></span> <span class='ocrx_word' id='word_1_194' title='bbox 1012 2899 1232 2970; x_wconf 90' lang='lat' dir='ltr'><strong>detentoribus,</strong></span> <span class='ocrx_word' id='word_1_195' title='bbox 1256 2899 1401 2956; x_wconf 88' lang='lat' dir='ltr'><strong>molesta·</strong></span> 
     </span>
     <span class='ocr_line' id='line_1_23' title="bbox 157 3003 1401 3080; baseline 0.005 -23"><span class='ocrx_word' id='word_1_196' title='bbox 157 3003 265 3074; x_wconf 90' lang='lat' dir='ltr'><strong>toribus,</strong></span> <span class='ocrx_word' id='word_1_197' title='bbox 294 3007 565 3080; x_wconf 90' lang='lat' dir='ltr'><strong>presumptoribus</strong></span> <span class='ocrx_word' id='word_1_198' title='bbox 598 3013 627 3064; x_wconf 90' lang='lat' dir='ltr'><strong>et</strong></span> <span class='ocrx_word' id='word_1_199' title='bbox 658 3007 890 3065; x_wconf 91' lang='lat' dir='ltr'><strong>iniuriatoribus</strong></span> <span class='ocrx_word' id='word_1_200' title='bbox 912 3006 1049 3064; x_wconf 89' lang='lat' dir='ltr'><strong>indebite</strong></span> <span class='ocrx_word' id='word_1_201' title='bbox 1072 3005 1241 3076; x_wconf 91' lang='lat' dir='ltr'><strong>molestari,</strong></span> <span class='ocrx_word' id='word_1_202' title='bbox 1265 3005 1317 3062; x_wconf 90' lang='lat' dir='ltr'><strong>vel</strong></span> <span class='ocrx_word' id='word_1_203' title='bbox 1340 3005 1401 3063; x_wconf 91' lang='lat' dir='ltr'><strong>sibi</strong></span> 
     </span>
     <span class='ocr_line' id='line_1_24' title="bbox 156 3081 1399 3186; baseline 0.002 -22"><span class='ocrx_word' id='word_1_204' title='bbox 156 3112 316 3176; x_wconf 82' lang='lat' dir='ltr'><strong>gravamina</strong></span> <span class='ocrx_word' id='word_1_205' title='bbox 339 3129 392 3170; x_wconf 93' lang='lat' dir='ltr'><strong>seu</strong></span> <span class='ocrx_word' id='word_1_206' title='bbox 416 3112 552 3186; x_wconf 92' lang='lat' dir='ltr'><strong>dampna</strong></span> <span class='ocrx_word' id='word_1_207' title='bbox 577 3081 627 3170; x_wconf 73' lang='lat' dir='ltr'><strong>vel</strong></span> <span class='ocrx_word' id='word_1_208' title='bbox 655 3113 781 3170; x_wconf 91' lang='lat' dir='ltr'><strong>iniurias</strong></span> <span class='ocrx_word' id='word_1_209' title='bbox 811 3113 958 3185; x_wconf 89' lang='lat' dir='ltr'><strong>irrogari;</strong></span> <span class='ocrx_word' id='word_1_210' title='bbox 989 3111 1101 3170; x_wconf 82' lang='lat' dir='ltr'><strong>facturi</strong></span> <span class='ocrx_word' id='word_1_211' title='bbox 1131 3111 1213 3169; x_wconf 90' lang='lat' dir='ltr'><strong>dicto</strong></span> <span class='ocrx_word' id='word_1_212' title='bbox 1244 3112 1399 3184; x_wconf 91' lang='lat' dir='ltr'><strong>episcopo,</strong></span> 
     </span>
     <span class='ocr_line' id='line_1_25' title="bbox 157 3217 1400 3293; baseline 0.003 -24"><span class='ocrx_word' id='word_1_213' title='bbox 157 3227 214 3270; x_wconf 84' lang='lat' dir='ltr'><strong>curn</strong></span> <span class='ocrx_word' id='word_1_214' title='bbox 234 3219 271 3274; x_wconf 91' lang='lat' dir='ltr'><strong>ab</strong></span> <span class='ocrx_word' id='word_1_215' title='bbox 291 3234 328 3276; x_wconf 94' lang='lat' dir='ltr'><strong>eo</strong></span> <span class='ocrx_word' id='word_1_216' title='bbox 352 3220 402 3276; x_wconf 94' lang='lat' dir='ltr'><strong>vel</strong></span> <span class='ocrx_word' id='word_1_217' title='bbox 427 3220 550 3276; x_wconf 91' lang='lat' dir='ltr'><strong>vicariis</strong></span> <span class='ocrx_word' id='word_1_218' title='bbox 573 3224 625 3276; x_wconf 90' lang='lat' dir='ltr'><strong>aut</strong></span> <span class='ocrx_word' id='word_1_219' title='bbox 649 3219 902 3293; x_wconf 89' lang='lat' dir='ltr'><strong>procuratoribus</strong></span> <span class='ocrx_word' id='word_1_220' title='bbox 932 3219 996 3275; x_wconf 91' lang='lat' dir='ltr'><strong>suis</strong></span> <span class='ocrx_word' id='word_1_221' title='bbox 1018 3219 1069 3275; x_wconf 94' lang='lat' dir='ltr'><strong>vel</strong></span> <span class='ocrx_word' id='word_1_222' title='bbox 1093 3233 1201 3274; x_wconf 88' lang='lat' dir='ltr'><strong>eorum</strong></span> <span class='ocrx_word' id='word_1_223' title='bbox 1225 3217 1331 3289; x_wconf 90' lang='lat' dir='ltr'><strong>aliquo</strong></span> <span class='ocrx_word' id='word_1_224' title='bbox 1352 3231 1400 3273; x_wconf 93' lang='lat' dir='ltr'><strong>re·</strong></span> 
     </span>
     <span class='ocr_line' id='line_1_26' title="bbox 156 3322 1399 3398; baseline 0.004 -22"><span class='ocrx_word' id='word_1_225' title='bbox 156 3322 243 3392; x_wconf 89' lang='lat' dir='ltr'><strong>quisiti</strong></span> <span class='ocrx_word' id='word_1_226' title='bbox 264 3322 390 3394; x_wconf 81' lang='lat' dir='ltr'><strong>fueritis,</strong></span> <span class='ocrx_word' id='word_1_227' title='bbox 415 3324 453 3381; x_wconf 91' lang='lat' dir='ltr'><strong>de</strong></span> <span class='ocrx_word' id='word_1_228' title='bbox 476 3325 623 3398; x_wconf 88' lang='lat' dir='ltr'><strong>predictis</strong></span> <span class='ocrx_word' id='word_1_229' title='bbox 654 3331 684 3381; x_wconf 90' lang='lat' dir='ltr'><strong>et</strong></span> <span class='ocrx_word' id='word_1_230' title='bbox 708 3325 777 3381; x_wconf 90' lang='lat' dir='ltr'><strong>aliis</strong></span> <span class='ocrx_word' id='word_1_231' title='bbox 808 3325 948 3398; x_wconf 91' lang='lat' dir='ltr'><strong>personis</strong></span> <span class='ocrx_word' id='word_1_232' title='bbox 976 3324 1169 3396; x_wconf 87' lang='lat' dir='ltr'><strong>quibuslibet</strong></span> <span class='ocrx_word' id='word_1_233' title='bbox 1196 3338 1290 3396; x_wconf 91' lang='lat' dir='ltr'><strong>super</strong></span> <span class='ocrx_word' id='word_1_234' title='bbox 1312 3325 1399 3381; x_wconf 90' lang='lat' dir='ltr'><strong>resti-</strong></span> 
     </span>
     <span class='ocr_line' id='line_1_27' title="bbox 156 3427 1398 3503; baseline 0.003 -21"><span class='ocrx_word' id='word_1_235' title='bbox 156 3427 253 3486; x_wconf 92' lang='lat' dir='ltr'><strong>tutione</strong></span> <span class='ocrx_word' id='word_1_236' title='bbox 281 3437 460 3500; x_wconf 88' lang='lat' dir='ltr'><strong>castrorum‚</strong></span> <span class='ocrx_word' id='word_1_237' title='bbox 492 3431 651 3501; x_wconf 89' lang='lat' dir='ltr'><strong>villarum,</strong></span> <span class='ocrx_word' id='word_1_238' title='bbox 682 3437 844 3500; x_wconf 87' lang='lat' dir='ltr'><strong>terrarum,</strong></span> <span class='ocrx_word' id='word_1_239' title='bbox 877 3431 1115 3503; x_wconf 89' lang='lat' dir='ltr'><strong>possessionum,</strong></span> <span class='ocrx_word' id='word_1_240' title='bbox 1143 3427 1398 3500; x_wconf 91' lang='lat' dir='ltr'><strong>iurisdictionum,</strong></span> 
     </span>
     <span class='ocr_line' id='line_1_28' title="bbox 156 3533 1399 3608; baseline 0.004 -21"><span class='ocrx_word' id='word_1_241' title='bbox 156 3533 250 3594; x_wconf 91' lang='lat' dir='ltr'><strong>iurium</strong></span> <span class='ocrx_word' id='word_1_242' title='bbox 279 3553 314 3594; x_wconf 90' lang='lat' dir='ltr'><strong>ac</strong></span> <span class='ocrx_word' id='word_1_243' title='bbox 345 3539 500 3594; x_wconf 91' lang='lat' dir='ltr'><strong>bonorum</strong></span> <span class='ocrx_word' id='word_1_244' title='bbox 538 3537 749 3594; x_wconf 93' lang='lat' dir='ltr'><strong>immobilium</strong></span> <span class='ocrx_word' id='word_1_245' title='bbox 785 3541 815 3592; x_wconf 91' lang='lat' dir='ltr'><strong>et</strong></span> <span class='ocrx_word' id='word_1_246' title='bbox 845 3536 1020 3606; x_wconf 89' lang='lat' dir='ltr'><strong>mobilium,</strong></span> <span class='ocrx_word' id='word_1_247' title='bbox 1059 3535 1236 3592; x_wconf 89' lang='lat' dir='ltr'><strong>reddituum</strong></span> <span class='ocrx_word' id='word_1_248' title='bbox 1275 3550 1399 3608; x_wconf 92' lang='lat' dir='ltr'><strong>quoque</strong></span> 
     </span>
     <span class='ocr_line' id='line_1_29' title="bbox 156 3641 1398 3715; baseline 0.005 -21"><span class='ocrx_word' id='word_1_249' title='bbox 156 3652 184 3693; x_wconf 89' lang='lat' dir='ltr'><strong>ac</strong></span> <span class='ocrx_word' id='word_1_250' title='bbox 202 3651 409 3713; x_wconf 89' lang='lat' dir='ltr'><strong>proventuum,</strong></span> <span class='ocrx_word' id='word_1_251' title='bbox 426 3658 573 3700; x_wconf 93' lang='lat' dir='ltr'><strong>censuum</strong></span> <span class='ocrx_word' id='word_1_252' title='bbox 597 3648 626 3700; x_wconf 93' lang='lat' dir='ltr'><strong>et</strong></span> <span class='ocrx_word' id='word_1_253' title='bbox 650 3643 783 3700; x_wconf 90' lang='lat' dir='ltr'><strong>aliorum</strong></span> <span class='ocrx_word' id='word_1_254' title='bbox 808 3656 1077 3714; x_wconf 89' lang='lat' dir='ltr'><strong>quorumcumque</strong></span> <span class='ocrx_word' id='word_1_255' title='bbox 1102 3643 1255 3699; x_wconf 90' lang='lat' dir='ltr'><strong>bonorum</strong></span> <span class='ocrx_word' id='word_1_256' title='bbox 1278 3641 1398 3715; x_wconf 88' lang='lat' dir='ltr'><strong>predic·</strong></span> 
     </span>
     <span class='ocr_line' id='line_1_30' title="bbox 157 3747 1398 3822; baseline 0.006 -23"><span class='ocrx_word' id='word_1_257' title='bbox 157 3751 248 3818; x_wconf 91' lang='lat' dir='ltr'><strong>torum,</strong></span> <span class='ocrx_word' id='word_1_258' title='bbox 270 3766 324 3806; x_wconf 92' lang='lat' dir='ltr'><strong>nec</strong></span> <span class='ocrx_word' id='word_1_259' title='bbox 355 3765 416 3806; x_wconf 94' lang='lat' dir='ltr'><strong>non</strong></span> <span class='ocrx_word' id='word_1_260' title='bbox 439 3749 477 3806; x_wconf 94' lang='lat' dir='ltr'><strong>de</strong></span> <span class='ocrx_word' id='word_1_261' title='bbox 501 3749 694 3822; x_wconf 89' lang='lat' dir='ltr'><strong>quibuslibet</strong></span> <span class='ocrx_word' id='word_1_262' title='bbox 717 3748 876 3818; x_wconf 91' lang='lat' dir='ltr'><strong>molestiis,</strong></span> <span class='ocrx_word' id='word_1_263' title='bbox 904 3747 1023 3805; x_wconf 89' lang='lat' dir='ltr'><strong>iniuriis</strong></span> <span class='ocrx_word' id='word_1_264' title='bbox 1046 3755 1138 3821; x_wconf 90' lang='lat' dir='ltr'><strong>atque</strong></span> <span class='ocrx_word' id='word_1_265' title='bbox 1161 3747 1306 3822; x_wconf 90' lang='lat' dir='ltr'><strong>dampnis</strong></span> <span class='ocrx_word' id='word_1_266' title='bbox 1329 3763 1398 3822; x_wconf 92' lang='lat' dir='ltr'><strong>pre-</strong></span> 
     </span>
     <span class='ocr_line' id='line_1_31' title="bbox 157 3853 1398 3927; baseline 0.004 -22"><span class='ocrx_word' id='word_1_267' title='bbox 157 3853 273 3912; x_wconf 86' lang='lat' dir='ltr'><strong>sentibus</strong></span> <span class='ocrx_word' id='word_1_268' title='bbox 295 3863 324 3912; x_wconf 91' lang='lat' dir='ltr'><strong>et</strong></span> <span class='ocrx_word' id='word_1_269' title='bbox 349 3854 469 3926; x_wconf 82' lang='lat' dir='ltr'><strong>suturis,</strong></span> <span class='ocrx_word' id='word_1_270' title='bbox 501 3856 531 3912; x_wconf 98' lang='lat' dir='ltr'><strong>in</strong></span> <span class='ocrx_word' id='word_1_271' title='bbox 561 3855 626 3912; x_wconf 91' lang='lat' dir='ltr'><strong>illis</strong></span> <span class='ocrx_word' id='word_1_272' title='bbox 657 3853 810 3924; x_wconf 89' lang='lat' dir='ltr'><strong>videlicet,</strong></span> <span class='ocrx_word' id='word_1_273' title='bbox 842 3869 902 3927; x_wconf 92' lang='lat' dir='ltr'><strong>que</strong></span> <span class='ocrx_word' id='word_1_274' title='bbox 930 3853 1105 3911; x_wconf 90' lang='lat' dir='ltr'><strong>iudicialem</strong></span> <span class='ocrx_word' id='word_1_275' title='bbox 1129 3854 1290 3926; x_wconf 92' lang='lat' dir='ltr'><strong>requirunt</strong></span> <span class='ocrx_word' id='word_1_276' title='bbox 1313 3853 1398 3912; x_wconf 91' lang='lat' dir='ltr'><strong>inda-</strong></span> 
     </span>
     <span class='ocr_line' id='line_1_32' title="bbox 157 3957 1398 4036; baseline 0.002 -22"><span class='ocrx_word' id='word_1_277' title='bbox 157 3957 248 4030; x_wconf 82' lang='lat' dir='ltr'><strong>ginem,</strong></span> <span class='ocrx_word' id='word_1_278' title='bbox 276 3961 314 4018; x_wconf 91' lang='lat' dir='ltr'><strong>de</strong></span> <span class='ocrx_word' id='word_1_279' title='bbox 345 3962 441 4036; x_wconf 90' lang='lat' dir='ltr'><strong>plano</strong></span> <span class='ocrx_word' id='word_1_280' title='bbox 471 3961 535 4019; x_wconf 92' lang='lat' dir='ltr'><strong>sine</strong></span> <span class='ocrx_word' id='word_1_281' title='bbox 563 3961 695 4034; x_wconf 91' lang='lat' dir='ltr'><strong>strepitu</strong></span> <span class='ocrx_word' id='word_1_282' title='bbox 725 3966 755 4017; x_wconf 94' lang='lat' dir='ltr'><strong>et</strong></span> <span class='ocrx_word' id='word_1_283' title='bbox 786 3960 888 4033; x_wconf 88' lang='lat' dir='ltr'><strong>figura</strong></span> <span class='ocrx_word' id='word_1_284' title='bbox 914 3959 1027 4031; x_wconf 89' lang='lat' dir='ltr'><strong>iudicii,</strong></span> <span class='ocrx_word' id='word_1_285' title='bbox 1051 3960 1082 4018; x_wconf 92' lang='lat' dir='ltr'><strong>in</strong></span> <span class='ocrx_word' id='word_1_286' title='bbox 1105 3959 1175 4017; x_wconf 91' lang='lat' dir='ltr'><strong>aliis</strong></span> <span class='ocrx_word' id='word_1_287' title='bbox 1198 3973 1282 4029; x_wconf 91' lang='lat' dir='ltr'><strong>vero,</strong></span> <span class='ocrx_word' id='word_1_288' title='bbox 1305 3966 1398 4032; x_wconf 93' lang='lat' dir='ltr'><strong>prout</strong></span> 
     </span>
     <span class='ocr_line' id='line_1_33' title="bbox 157 4065 1398 4141; baseline 0.003 -23"><span class='ocrx_word' id='word_1_289' title='bbox 157 4065 266 4132; x_wconf 87' lang='lat' dir='ltr'><strong>qualitas</strong></span> <span class='ocrx_word' id='word_1_290' title='bbox 297 4068 437 4141; x_wconf 92' lang='lat' dir='ltr'><strong>ipsorum</strong></span> <span class='ocrx_word' id='word_1_291' title='bbox 469 4068 612 4140; x_wconf 82' lang='lat' dir='ltr'><strong>exegerit,</strong></span> <span class='ocrx_word' id='word_1_292' title='bbox 647 4067 760 4124; x_wconf 91' lang='lat' dir='ltr'><strong>iustitie</strong></span> <span class='ocrx_word' id='word_1_293' title='bbox 791 4067 1074 4140; x_wconf 91' lang='lat' dir='ltr'><strong>complementum;</strong></span> <span class='ocrx_word' id='word_1_294' title='bbox 1109 4072 1309 4139; x_wconf 90' lang='lat' dir='ltr'><strong>occupatores</strong></span> <span class='ocrx_word' id='word_1_295' title='bbox 1344 4080 1398 4122; x_wconf 94' lang='lat' dir='ltr'><strong>seu</strong></span> 
     </span>
     <span class='ocr_line' id='line_1_34' title="bbox 157 4165 1397 4247; baseline 0.004 -24"><span class='ocrx_word' id='word_1_296' title='bbox 157 4165 313 4245; x_wconf 85' lang='lat' dir='ltr'><strong>detentores,</strong></span> <span class='ocrx_word' id='word_1_297' title='bbox 345 4174 559 4232; x_wconf 87' lang='lat' dir='ltr'><strong>molestatores</strong></span> <span class='ocrx_word' id='word_1_298' title='bbox 590 4189 644 4231; x_wconf 89' lang='lat' dir='ltr'><strong>seu</strong></span> <span class='ocrx_word' id='word_1_299' title='bbox 675 4177 909 4247; x_wconf 91' lang='lat' dir='ltr'><strong>presumptores</strong></span> <span class='ocrx_word' id='word_1_300' title='bbox 940 4177 970 4229; x_wconf 94' lang='lat' dir='ltr'><strong>et</strong></span> <span class='ocrx_word' id='word_1_301' title='bbox 1005 4173 1186 4230; x_wconf 90' lang='lat' dir='ltr'><strong>iniuratores</strong></span> <span class='ocrx_word' id='word_1_302' title='bbox 1210 4171 1397 4243; x_wconf 88' lang='lat' dir='ltr'><strong>huiusmodi,</strong></span> 
     </span>
     <span class='ocr_line' id='line_1_35' title="bbox 158 4277 1398 4353; baseline 0.006 -24"><span class='ocrx_word' id='word_1_303' title='bbox 158 4289 201 4332; x_wconf 86' lang='lat' dir='ltr'><strong>nec</strong></span> <span class='ocrx_word' id='word_1_304' title='bbox 226 4295 278 4338; x_wconf 90' lang='lat' dir='ltr'><strong>non</strong></span> <span class='ocrx_word' id='word_1_305' title='bbox 309 4280 549 4338; x_wconf 90' lang='lat' dir='ltr'><strong>contradictores</strong></span> <span class='ocrx_word' id='word_1_306' title='bbox 580 4279 736 4353; x_wconf 89' lang='lat' dir='ltr'><strong>quoslibet</strong></span> <span class='ocrx_word' id='word_1_307' title='bbox 764 4284 793 4336; x_wconf 92' lang='lat' dir='ltr'><strong>et</strong></span> <span class='ocrx_word' id='word_1_308' title='bbox 815 4279 958 4350; x_wconf 91' lang='lat' dir='ltr'><strong>rebelles,</strong></span> <span class='ocrx_word' id='word_1_309' title='bbox 982 4280 1203 4352; x_wconf 89' lang='lat' dir='ltr'><strong>cuiuscumque</strong></span> <span class='ocrx_word' id='word_1_310' title='bbox 1223 4283 1328 4350; x_wconf 88' lang='lat' dir='ltr'><strong>status,</strong></span> <span class='ocrx_word' id='word_1_311' title='bbox 1352 4277 1398 4336; x_wconf 91' lang='lat' dir='ltr'><strong>di·</strong></span> 
     </span>
     <span class='ocr_line' id='line_1_36' title="bbox 158 4381 1397 4458; baseline 0.004 -20"><span class='ocrx_word' id='word_1_312' title='bbox 158 4381 257 4449; x_wconf 82' lang='lat' dir='ltr'><strong>gnitatis</strong></span> <span class='ocrx_word' id='word_1_313' title='bbox 285 4386 403 4445; x_wconf 91' lang='lat' dir='ltr'><strong>ordinis</strong></span> <span class='ocrx_word' id='word_1_314' title='bbox 433 4386 484 4444; x_wconf 88' lang='lat' dir='ltr'><strong>vel</strong></span> <span class='ocrx_word' id='word_1_315' title='bbox 519 4385 702 4443; x_wconf 93' lang='lat' dir='ltr'><strong>conditionis</strong></span> <span class='ocrx_word' id='word_1_316' title='bbox 729 4385 895 4456; x_wconf 88' lang='lat' dir='ltr'><strong>extiterint,</strong></span> <span class='ocrx_word' id='word_1_317' title='bbox 927 4385 1186 4458; x_wconf 87' lang='lat' dir='ltr'><strong>quandocumque</strong></span> <span class='ocrx_word' id='word_1_318' title='bbox 1209 4390 1239 4443; x_wconf 92' lang='lat' dir='ltr'><strong>et</strong></span> <span class='ocrx_word' id='word_1_319' title='bbox 1263 4386 1397 4458; x_wconf 89' lang='lat' dir='ltr'><strong>quoties·</strong></span> 
     </span>
     <span class='ocr_line' id='line_1_37' title="bbox 158 4491 1395 4567; baseline 0.003 -23"><span class='ocrx_word' id='word_1_320' title='bbox 158 4501 266 4563; x_wconf 86' lang='lat' dir='ltr'><strong>cumque</strong></span> <span class='ocrx_word' id='word_1_321' title='bbox 281 4493 460 4567; x_wconf 81' lang='lat' dir='ltr'><strong>expedierit,</strong></span> <span class='ocrx_word' id='word_1_322' title='bbox 476 4509 532 4566; x_wconf 91' lang='lat' dir='ltr'><strong>per</strong></span> <span class='ocrx_word' id='word_1_323' title='bbox 548 4507 710 4550; x_wconf 90' lang='lat' dir='ltr'><strong>censuram</strong></span> <span class='ocrx_word' id='word_1_324' title='bbox 726 4491 973 4563; x_wconf 89' lang='lat' dir='ltr'><strong>ecclesiasticam,</strong></span> <span class='ocrx_word' id='word_1_325' title='bbox 990 4491 1200 4565; x_wconf 90' lang='lat' dir='ltr'><strong>appellatione</strong></span> <span class='ocrx_word' id='word_1_326' title='bbox 1216 4492 1395 4565; x_wconf 90' lang='lat' dir='ltr'><strong>postposita,</strong></span> 
     </span>
     <span class='ocr_line' id='line_1_38' title="bbox 158 4596 1395 4672; baseline 0.005 -22"><span class='ocrx_word' id='word_1_327' title='bbox 158 4599 363 4668; x_wconf 81' lang='lat' dir='ltr'><strong>conpescendo,</strong></span> <span class='ocrx_word' id='word_1_328' title='bbox 386 4599 529 4656; x_wconf 90' lang='lat' dir='ltr'><strong>invocato</strong></span> <span class='ocrx_word' id='word_1_329' title='bbox 552 4597 590 4655; x_wconf 91' lang='lat' dir='ltr'><strong>ad</strong></span> <span class='ocrx_word' id='word_1_330' title='bbox 615 4599 673 4656; x_wconf 92' lang='lat' dir='ltr'><strong>boc</strong></span> <span class='ocrx_word' id='word_1_331' title='bbox 695 4599 722 4656; x_wconf 93' lang='lat' dir='ltr'><strong>si</strong></span> <span class='ocrx_word' id='word_1_332' title='bbox 744 4613 824 4672; x_wconf 91' lang='lat' dir='ltr'><strong>opus</strong></span> <span class='ocrx_word' id='word_1_333' title='bbox 847 4596 940 4654; x_wconf 85' lang='lat' dir='ltr'><strong>fuerit</strong></span> <span class='ocrx_word' id='word_1_334' title='bbox 963 4597 1079 4655; x_wconf 87' lang='lat' dir='ltr'><strong>auxilio</strong></span> <span class='ocrx_word' id='word_1_335' title='bbox 1104 4597 1223 4655; x_wconf 92' lang='lat' dir='ltr'><strong>brachii</strong></span> <span class='ocrx_word' id='word_1_336' title='bbox 1240 4597 1395 4656; x_wconf 89' lang='lat' dir='ltr'><strong>secularis.</strong></span> 
     </span>
     <span class='ocr_line' id='line_1_39' title="bbox 159 4694 1396 4778; baseline 0.003 -22"><span class='ocrx_word' id='word_1_337' title='bbox 159 4694 211 4756; x_wconf 89' lang='lat' dir='ltr'><strong>Non</strong></span> <span class='ocrx_word' id='word_1_338' title='bbox 230 4705 417 4763; x_wconf 88' lang='lat' dir='ltr'><strong>obstantibus</strong></span> <span class='ocrx_word' id='word_1_339' title='bbox 441 4705 539 4762; x_wconf 85' lang='lat' dir='ltr'><strong>felicis</strong></span> <span class='ocrx_word' id='word_1_340' title='bbox 558 4703 778 4762; x_wconf 89' lang='lat' dir='ltr'><strong>recordationis</strong></span> <span class='ocrx_word' id='word_1_341' title='bbox 794 4702 943 4761; x_wconf 86' lang='lat' dir='ltr'><strong>Boniiacii</strong></span> <span class='ocrx_word' id='word_1_342' title='bbox 959 4719 1039 4778; x_wconf 91' lang='lat' dir='ltr'><strong>pape</strong></span> <span class='ocrx_word' id='word_1_343' title='bbox 1054 4705 1155 4762; x_wconf 92' lang='lat' dir='ltr'><strong>octavi</strong></span> <span class='ocrx_word' id='word_1_344' title='bbox 1171 4702 1396 4777; x_wconf 90' lang='lat' dir='ltr'><strong>predecessoris</strong></span> 
     </span>
     <span class='ocr_line' id='line_1_40' title="bbox 159 4808 1396 4885; baseline 0.006 -27"><span class='ocrx_word' id='word_1_345' title='bbox 159 4809 241 4880; x_wconf 87' lang='lat' dir='ltr'><strong>nostri,</strong></span> <span class='ocrx_word' id='word_1_346' title='bbox 262 4828 321 4885; x_wconf 93' lang='lat' dir='ltr'><strong>qua</strong></span> <span class='ocrx_word' id='word_1_347' title='bbox 345 4817 479 4882; x_wconf 89' lang='lat' dir='ltr'><strong>cavetur,</strong></span> <span class='ocrx_word' id='word_1_348' title='bbox 503 4827 540 4868; x_wconf 91' lang='lat' dir='ltr'><strong>ne</strong></span> <span class='ocrx_word' id='word_1_349' title='bbox 563 4809 678 4869; x_wconf 90' lang='lat' dir='ltr'><strong>iudices</strong></span> <span class='ocrx_word' id='word_1_350' title='bbox 705 4814 735 4867; x_wconf 93' lang='lat' dir='ltr'><strong>et</strong></span> <span class='ocrx_word' id='word_1_351' title='bbox 758 4815 989 4867; x_wconf 89' lang='lat' dir='ltr'><strong>conservatores</strong></span> <span class='ocrx_word' id='word_1_352' title='bbox 1020 4825 1038 4866; x_wconf 95' lang='lat' dir='ltr'><strong>a</strong></span> <span class='ocrx_word' id='word_1_353' title='bbox 1067 4809 1139 4867; x_wconf 90' lang='lat' dir='ltr'><strong>sede</strong></span> <span class='ocrx_word' id='word_1_354' title='bbox 1163 4808 1303 4882; x_wconf 90' lang='lat' dir='ltr'><strong>deputati</strong></span> <span class='ocrx_word' id='word_1_355' title='bbox 1326 4825 1396 4882; x_wconf 91' lang='lat' dir='ltr'><strong>pre·</strong></span> 
     </span>
     <span class='ocr_line' id='line_1_41' title="bbox 159 4907 1395 4990; baseline 0.008 -26"><span class='ocrx_word' id='word_1_356' title='bbox 159 4907 221 4970; x_wconf 88' lang='lat' dir='ltr'><strong>dicta</strong></span> <span class='ocrx_word' id='word_1_357' title='bbox 250 4923 334 4976; x_wconf 87' lang='lat' dir='ltr'><strong>extra</strong></span> <span class='ocrx_word' id='word_1_358' title='bbox 368 4918 508 4976; x_wconf 91' lang='lat' dir='ltr'><strong>civitates</strong></span> <span class='ocrx_word' id='word_1_359' title='bbox 537 4922 567 4975; x_wconf 91' lang='lat' dir='ltr'><strong>et</strong></span> <span class='ocrx_word' id='word_1_360' title='bbox 597 4915 742 4988; x_wconf 86' lang='lat' dir='ltr'><strong>dioceses,</strong></span> <span class='ocrx_word' id='word_1_361' title='bbox 772 4916 804 4973; x_wconf 92' lang='lat' dir='ltr'><strong>in</strong></span> <span class='ocrx_word' id='word_1_362' title='bbox 832 4915 946 4988; x_wconf 92' lang='lat' dir='ltr'><strong>quibus</strong></span> <span class='ocrx_word' id='word_1_363' title='bbox 968 4914 1107 4990; x_wconf 91' lang='lat' dir='ltr'><strong>deputati</strong></span> <span class='ocrx_word' id='word_1_364' title='bbox 1137 4915 1259 4986; x_wconf 85' lang='lat' dir='ltr'><strong>fuerint,</strong></span> <span class='ocrx_word' id='word_1_365' title='bbox 1290 4920 1395 4974; x_wconf 89' lang='lat' dir='ltr'><strong>contra</strong></span> 
     </span>
     <span class='ocr_line' id='line_1_42' title="bbox 159 5023 1395 5100; baseline 0.005 -25"><span class='ocrx_word' id='word_1_366' title='bbox 159 5032 342 5100; x_wconf 87' lang='lat' dir='ltr'><strong>quoscumque</strong></span> <span class='ocrx_word' id='word_1_367' title='bbox 368 5024 544 5100; x_wconf 90' lang='lat' dir='ltr'><strong>procedere,</strong></span> <span class='ocrx_word' id='word_1_368' title='bbox 568 5025 633 5082; x_wconf 92' lang='lat' dir='ltr'><strong>sive</strong></span> <span class='ocrx_word' id='word_1_369' title='bbox 656 5023 711 5081; x_wconf 92' lang='lat' dir='ltr'><strong>alii</strong></span> <span class='ocrx_word' id='word_1_370' title='bbox 732 5023 785 5080; x_wconf 89' lang='lat' dir='ltr'><strong>vel</strong></span> <span class='ocrx_word' id='word_1_371' title='bbox 811 5023 881 5081; x_wconf 86' lang='lat' dir='ltr'><strong>aliis</strong></span> <span class='ocrx_word' id='word_1_372' title='bbox 904 5023 987 5080; x_wconf 91' lang='lat' dir='ltr'><strong>vices</strong></span> <span class='ocrx_word' id='word_1_373' title='bbox 1010 5037 1080 5080; x_wconf 91' lang='lat' dir='ltr'><strong>suas</strong></span> <span class='ocrx_word' id='word_1_374' title='bbox 1110 5023 1312 5095; x_wconf 90' lang='lat' dir='ltr'><strong>committere,</strong></span> <span class='ocrx_word' id='word_1_375' title='bbox 1342 5029 1395 5082; x_wconf 89' lang='lat' dir='ltr'><strong>aut</strong></span> 
     </span>
    </p>
   </div>
   <div class='ocr_carea' id='block_1_3' title="bbox 0 0 1805 5804">
    <p class='ocr_par' dir='ltr' id='par_1_3' title="bbox 0 0 1805 5804">
     <span class='ocr_line' id='line_1_43' title="bbox 0 0 1805 5804; baseline 0 0"><span class='ocrx_word' id='word_1_376' title='bbox 0 0 1805 5804; x_wconf 95' lang='lat' dir='ltr'><strong> </strong></span> 
     </span>
    </p>
   </div>
  </div>
 </body>
</html>
