<?xml version="1.0" encoding="UTF-8"?>
<!DOCTYPE html PUBLIC "-//W3C//DTD XHTML 1.0 Transitional//EN"
    "http://www.w3.org/TR/xhtml1/DTD/xhtml1-transitional.dtd">
<html xmlns="http://www.w3.org/1999/xhtml" xml:lang="en" lang="en">
 <head>
  <title>
</title>
<meta http-equiv="Content-Type" content="text/html;charset=utf-8" />
  <meta name='ocr-system' content='tesseract 3.04.00' />
  <meta name='ocr-capabilities' content='ocr_page ocr_carea ocr_par ocr_line ocrx_word'/>
</head>
<body>
  <div class='ocr_page' id='page_1' title='image "./monumentahistor18laszgoog_0602.png"; bbox 0 0 3824 5806; ppageno 0'>
   <div class='ocr_carea' id='block_1_1' title="bbox 365 543 1209 628">
    <p class='ocr_par' dir='ltr' id='par_1_1' title="bbox 365 543 1209 628">
     <span class='ocr_line' id='line_1_1' title="bbox 365 543 1209 628; baseline -0.007 -16"><span class='ocrx_word' id='word_1_1' title='bbox 365 552 426 628; x_wconf 79' lang='lat'><strong>366</strong></span> <span class='ocrx_word' id='word_1_2' title='bbox 789 549 862 608; x_wconf 80' lang='lat' dir='ltr'><strong>Dor.</strong></span> <span class='ocrx_word' id='word_1_3' title='bbox 880 543 957 626; x_wconf 77' lang='lat'><strong>385.</strong></span> <span class='ocrx_word' id='word_1_4' title='bbox 984 581 1020 591; x_wconf 90' lang='lat'>-</span> <span class='ocrx_word' id='word_1_5' title='bbox 1040 547 1096 606; x_wconf 83' lang='lat' dir='ltr'><strong>An.</strong></span> <span class='ocrx_word' id='word_1_6' title='bbox 1122 559 1209 625; x_wconf 74' lang='lat'><em>1395.</em></span> 
     </span>
    </p>
   </div>
   <div class='ocr_carea' id='block_1_2' title="bbox 363 744 1634 1987">
    <p class='ocr_par' dir='ltr' id='par_1_2' title="bbox 363 744 1634 1987">
     <span class='ocr_line' id='line_1_2' title="bbox 363 744 1634 818; baseline -0.002 -16"><span class='ocrx_word' id='word_1_7' title='bbox 363 746 558 816; x_wconf 76' lang='lat' dir='ltr'><strong>utilitatibus,</strong></span> <span class='ocrx_word' id='word_1_8' title='bbox 591 745 684 802; x_wconf 88' lang='lat' dir='ltr'><strong>deum</strong></span> <span class='ocrx_word' id='word_1_9' title='bbox 706 750 736 802; x_wconf 93' lang='lat' dir='ltr'><strong>et</strong></span> <span class='ocrx_word' id='word_1_10' title='bbox 759 745 824 802; x_wconf 90' lang='lat' dir='ltr'><strong>eius</strong></span> <span class='ocrx_word' id='word_1_11' title='bbox 850 745 1003 802; x_wconf 91' lang='lat' dir='ltr'><strong>iusticiam</strong></span> <span class='ocrx_word' id='word_1_12' title='bbox 1026 744 1169 801; x_wconf 89' lang='lat' dir='ltr'><strong>habendo</strong></span> <span class='ocrx_word' id='word_1_13' title='bbox 1193 761 1249 818; x_wconf 89' lang='lat' dir='ltr'><strong>pre</strong></span> <span class='ocrx_word' id='word_1_14' title='bbox 1272 746 1377 814; x_wconf 86' lang='lat' dir='ltr'><strong>oculis,</strong></span> <span class='ocrx_word' id='word_1_15' title='bbox 1403 760 1535 802; x_wconf 90' lang='lat' dir='ltr'><strong>unacum</strong></span> <span class='ocrx_word' id='word_1_16' title='bbox 1562 745 1634 801; x_wconf 91' lang='lat' dir='ltr'><strong>aliis</strong></span> 
     </span>
     <span class='ocr_line' id='line_1_3' title="bbox 364 849 1633 924; baseline -0.002 -16"><span class='ocrx_word' id='word_1_17' title='bbox 364 851 473 924; x_wconf 82' lang='lat' dir='ltr'><strong>probis</strong></span> <span class='ocrx_word' id='word_1_18' title='bbox 497 851 573 908; x_wconf 90' lang='lat' dir='ltr'><strong>viris</strong></span> <span class='ocrx_word' id='word_1_19' title='bbox 595 852 738 909; x_wconf 80' lang='lat' dir='ltr'><strong>estiment</strong></span> <span class='ocrx_word' id='word_1_20' title='bbox 761 851 790 908; x_wconf 92' lang='lat' dir='ltr'><strong>in</strong></span> <span class='ocrx_word' id='word_1_21' title='bbox 815 849 967 922; x_wconf 90' lang='lat' dir='ltr'><strong>condigno</strong></span> <span class='ocrx_word' id='word_1_22' title='bbox 1000 866 1105 907; x_wconf 89' lang='lat' dir='ltr'><strong>earum</strong></span> <span class='ocrx_word' id='word_1_23' title='bbox 1132 851 1235 924; x_wconf 88' lang='lat' dir='ltr'><strong>precio</strong></span> <span class='ocrx_word' id='word_1_24' title='bbox 1258 857 1288 908; x_wconf 86' lang='lat' dir='ltr'><strong>et</strong></span> <span class='ocrx_word' id='word_1_25' title='bbox 1312 851 1427 918; x_wconf 88' lang='lat' dir='ltr'><strong>valore,</strong></span> <span class='ocrx_word' id='word_1_26' title='bbox 1451 850 1521 922; x_wconf 89' lang='lat' dir='ltr'><strong>lege</strong></span> <span class='ocrx_word' id='word_1_27' title='bbox 1544 851 1633 922; x_wconf 88' lang='lat' dir='ltr'><strong>regni</strong></span> 
     </span>
     <span class='ocr_line' id='line_1_4' title="bbox 363 955 1633 1030; baseline -0.002 -17"><span class='ocrx_word' id='word_1_28' title='bbox 363 957 536 1026; x_wconf 87' lang='lat' dir='ltr'><strong>observata,</strong></span> <span class='ocrx_word' id='word_1_29' title='bbox 560 956 677 1014; x_wconf 88' lang='lat' dir='ltr'><strong>ibidem</strong></span> <span class='ocrx_word' id='word_1_30' title='bbox 708 956 806 1014; x_wconf 85' lang='lat' dir='ltr'><strong>eciam</strong></span> <span class='ocrx_word' id='word_1_31' title='bbox 830 955 869 1027; x_wconf 89' lang='lat' dir='ltr'><strong>id,</strong></span> <span class='ocrx_word' id='word_1_32' title='bbox 900 971 961 1029; x_wconf 92' lang='lat' dir='ltr'><strong>que</strong></span> <span class='ocrx_word' id='word_1_33' title='bbox 984 957 1123 1029; x_wconf 86' lang='lat' dir='ltr'><strong>ipsarum</strong></span> <span class='ocrx_word' id='word_1_34' title='bbox 1147 957 1288 1030; x_wconf 88' lang='lat' dir='ltr'><strong>parcium</strong></span> <span class='ocrx_word' id='word_1_35' title='bbox 1313 957 1456 1026; x_wconf 70' lang='lat' dir='ltr'><strong>veriores</strong></span> <span class='ocrx_word' id='word_1_36' title='bbox 1479 957 1633 1013; x_wconf 76' lang='lat' dir='ltr'><strong>cerciores</strong></span> 
     </span>
     <span class='ocr_line' id='line_1_5' title="bbox 363 1061 1632 1138; baseline -0.002 -17"><span class='ocrx_word' id='word_1_37' title='bbox 363 1069 394 1122; x_wconf 88' lang='lat' dir='ltr'><strong>et</strong></span> <span class='ocrx_word' id='word_1_38' title='bbox 427 1063 664 1138; x_wconf 89' lang='lat' dir='ltr'><strong>apparenciores</strong></span> <span class='ocrx_word' id='word_1_39' title='bbox 699 1069 797 1120; x_wconf 89' lang='lat' dir='ltr'><strong>metas</strong></span> <span class='ocrx_word' id='word_1_40' title='bbox 830 1062 911 1119; x_wconf 90' lang='lat' dir='ltr'><strong>dicte</strong></span> <span class='ocrx_word' id='word_1_41' title='bbox 944 1079 998 1120; x_wconf 90' lang='lat' dir='ltr'><strong>sue</strong></span> <span class='ocrx_word' id='word_1_42' title='bbox 1034 1064 1233 1137; x_wconf 87' lang='lat' dir='ltr'><strong>possessionis</strong></span> <span class='ocrx_word' id='word_1_43' title='bbox 1267 1061 1442 1132; x_wconf 85' lang='lat' dir='ltr'><strong>ostenderit,</strong></span> <span class='ocrx_word' id='word_1_44' title='bbox 1477 1069 1530 1120; x_wconf 89' lang='lat' dir='ltr'><strong>aut</strong></span> <span class='ocrx_word' id='word_1_45' title='bbox 1571 1074 1632 1135; x_wconf 88' lang='lat' dir='ltr'><strong>que</strong></span> 
     </span>
     <span class='ocr_line' id='line_1_6' title="bbox 364 1167 1632 1252; baseline -0.002 -26"><span class='ocrx_word' id='word_1_46' title='bbox 364 1167 543 1252; x_wconf 85' lang='lat' dir='ltr'><strong>earumdem</strong></span> <span class='ocrx_word' id='word_1_47' title='bbox 569 1169 709 1242; x_wconf 87' lang='lat' dir='ltr'><strong>parcium</strong></span> <span class='ocrx_word' id='word_1_48' title='bbox 733 1169 763 1226; x_wconf 92' lang='lat' dir='ltr'><strong>in</strong></span> <span class='ocrx_word' id='word_1_49' title='bbox 787 1168 925 1225; x_wconf 89' lang='lat' dir='ltr'><strong>dominio</strong></span> <span class='ocrx_word' id='word_1_50' title='bbox 956 1167 1035 1224; x_wconf 91' lang='lat' dir='ltr'><strong>dicte</strong></span> <span class='ocrx_word' id='word_1_51' title='bbox 1059 1175 1138 1226; x_wconf 89' lang='lat' dir='ltr'><strong>terre</strong></span> <span class='ocrx_word' id='word_1_52' title='bbox 1170 1169 1303 1242; x_wconf 82' lang='lat' dir='ltr'><strong>litigiose</strong></span> <span class='ocrx_word' id='word_1_53' title='bbox 1338 1169 1484 1238; x_wconf 86' lang='lat' dir='ltr'><strong>existerit,</strong></span> <span class='ocrx_word' id='word_1_54' title='bbox 1508 1167 1632 1225; x_wconf 87' lang='lat' dir='ltr'><strong>videant</strong></span> 
     </span>
     <span class='ocr_line' id='line_1_7' title="bbox 364 1273 1632 1348; baseline 0 -17"><span class='ocrx_word' id='word_1_55' title='bbox 364 1281 393 1332; x_wconf 90' lang='lat' dir='ltr'><strong>el</strong></span> <span class='ocrx_word' id='word_1_56' title='bbox 426 1273 590 1346; x_wconf 85' lang='lat' dir='ltr'><strong>diligenter</strong></span> <span class='ocrx_word' id='word_1_57' title='bbox 621 1275 811 1344; x_wconf 87' lang='lat' dir='ltr'><strong>intueantur;</strong></span> <span class='ocrx_word' id='word_1_58' title='bbox 845 1280 875 1331; x_wconf 88' lang='lat' dir='ltr'><strong>et</strong></span> <span class='ocrx_word' id='word_1_59' title='bbox 901 1281 972 1346; x_wconf 90' lang='lat' dir='ltr'><strong>post</strong></span> <span class='ocrx_word' id='word_1_60' title='bbox 1002 1275 1058 1332; x_wconf 90' lang='lat' dir='ltr'><strong>hec</strong></span> <span class='ocrx_word' id='word_1_61' title='bbox 1090 1275 1186 1348; x_wconf 91' lang='lat' dir='ltr'><strong>ipsius</strong></span> <span class='ocrx_word' id='word_1_62' title='bbox 1218 1275 1456 1348; x_wconf 84' lang='lat' dir='ltr'><strong>possessionarie</strong></span> <span class='ocrx_word' id='word_1_63' title='bbox 1489 1275 1632 1332; x_wconf 89' lang='lat' dir='ltr'><strong>reambu-</strong></span> 
     </span>
     <span class='ocr_line' id='line_1_8' title="bbox 366 1379 1630 1450; baseline -0.001 -12"><span class='ocrx_word' id='word_1_64' title='bbox 366 1381 502 1450; x_wconf 78' lang='lat' dir='ltr'><strong>lacioniS,</strong></span> <span class='ocrx_word' id='word_1_65' title='bbox 534 1385 687 1438; x_wconf 91' lang='lat' dir='ltr'><strong>metarum</strong></span> <span class='ocrx_word' id='word_1_66' title='bbox 721 1379 911 1450; x_wconf 87' lang='lat' dir='ltr'><strong>erreccionis,</strong></span> <span class='ocrx_word' id='word_1_67' title='bbox 943 1379 1130 1447; x_wconf 87' lang='lat' dir='ltr'><strong>statucionis‚</strong></span> <span class='ocrx_word' id='word_1_68' title='bbox 1165 1381 1371 1439; x_wconf 90' lang='lat' dir='ltr'><strong>estimacionis</strong></span> <span class='ocrx_word' id='word_1_69' title='bbox 1402 1387 1432 1438; x_wconf 90' lang='lat' dir='ltr'><strong>et</strong></span> <span class='ocrx_word' id='word_1_70' title='bbox 1468 1381 1630 1438; x_wconf 84' lang='lat' dir='ltr'><strong>revisionis</strong></span> 
     </span>
     <span class='ocr_line' id='line_1_9' title="bbox 365 1485 1633 1561; baseline 0 -17"><span class='ocrx_word' id='word_1_71' title='bbox 365 1488 485 1558; x_wconf 90' lang='lat' dir='ltr'><strong>seriem,</strong></span> <span class='ocrx_word' id='word_1_72' title='bbox 516 1493 550 1544; x_wconf 94' lang='lat' dir='ltr'><strong>ut</strong></span> <span class='ocrx_word' id='word_1_73' title='bbox 582 1486 674 1544; x_wconf 85' lang='lat' dir='ltr'><strong>tuerit</strong></span> <span class='ocrx_word' id='word_1_74' title='bbox 705 1485 881 1560; x_wconf 86' lang='lat' dir='ltr'><strong>expediens,</strong></span> <span class='ocrx_word' id='word_1_75' title='bbox 912 1485 951 1542; x_wconf 90' lang='lat' dir='ltr'><strong>ad</strong></span> <span class='ocrx_word' id='word_1_76' title='bbox 983 1493 1108 1544; x_wconf 89' lang='lat' dir='ltr'><strong>octavas</strong></span> <span class='ocrx_word' id='word_1_77' title='bbox 1140 1485 1208 1544; x_wconf 82' lang='lat' dir='ltr'><strong>sesti</strong></span> <span class='ocrx_word' id='word_1_78' title='bbox 1241 1487 1485 1561; x_wconf 84' lang='lat' dir='ltr'><strong>Epiphaniamm</strong></span> <span class='ocrx_word' id='word_1_79' title='bbox 1513 1486 1633 1544; x_wconf 90' lang='lat' dir='ltr'><strong>domini</strong></span> 
     </span>
     <span class='ocr_line' id='line_1_10' title="bbox 364 1593 1633 1666; baseline -0.002 -14"><span class='ocrx_word' id='word_1_80' title='bbox 364 1609 445 1652; x_wconf 89' lang='lat' dir='ltr'><strong>nunc</strong></span> <span class='ocrx_word' id='word_1_81' title='bbox 472 1599 616 1652; x_wconf 88' lang='lat' dir='ltr'><strong>venturas</strong></span> <span class='ocrx_word' id='word_1_82' title='bbox 646 1593 737 1651; x_wconf 90' lang='lat' dir='ltr'><strong>nobis</strong></span> <span class='ocrx_word' id='word_1_83' title='bbox 767 1593 975 1650; x_wconf 84' lang='lat' dir='ltr'><strong>amicabiliter</strong></span> <span class='ocrx_word' id='word_1_84' title='bbox 1001 1593 1186 1650; x_wconf 87' lang='lat' dir='ltr'><strong>rescribatis.</strong></span> <span class='ocrx_word' id='word_1_85' title='bbox 1212 1593 1369 1650; x_wconf 90' lang='lat' dir='ltr'><strong>Presentes</strong></span> <span class='ocrx_word' id='word_1_86' title='bbox 1392 1597 1495 1650; x_wconf 88' lang='lat' dir='ltr'><strong>aulem</strong></span> <span class='ocrx_word' id='word_1_87' title='bbox 1520 1593 1633 1666; x_wconf 84' lang='lat' dir='ltr'><strong>sigillis</strong></span> 
     </span>
     <span class='ocr_line' id='line_1_11' title="bbox 364 1697 1633 1772; baseline -0.003 -14"><span class='ocrx_word' id='word_1_88' title='bbox 364 1701 476 1759; x_wconf 90' lang='lat' dir='ltr'><strong>nostris</strong></span> <span class='ocrx_word' id='word_1_89' title='bbox 507 1701 696 1770; x_wconf 83' lang='lat' dir='ltr'><strong>absentibus,</strong></span> <span class='ocrx_word' id='word_1_90' title='bbox 724 1700 830 1772; x_wconf 90' lang='lat' dir='ltr'><strong>sigillo</strong></span> <span class='ocrx_word' id='word_1_91' title='bbox 862 1699 1002 1772; x_wconf 88' lang='lat' dir='ltr'><strong>magistri</strong></span> <span class='ocrx_word' id='word_1_92' title='bbox 1035 1698 1158 1756; x_wconf 89' lang='lat' dir='ltr'><strong>Martini</strong></span> <span class='ocrx_word' id='word_1_93' title='bbox 1191 1697 1269 1755; x_wconf 88' lang='lat' dir='ltr'><strong>Ders</strong></span> <span class='ocrx_word' id='word_1_94' title='bbox 1292 1699 1434 1757; x_wconf 90' lang='lat' dir='ltr'><strong>vicebani</strong></span> <span class='ocrx_word' id='word_1_95' title='bbox 1457 1705 1487 1755; x_wconf 89' lang='lat' dir='ltr'><strong>el</strong></span> <span class='ocrx_word' id='word_1_96' title='bbox 1511 1698 1633 1755; x_wconf 88' lang='lat' dir='ltr'><strong>comitis</strong></span> 
     </span>
     <span class='ocr_line' id='line_1_12' title="bbox 365 1803 1633 1880; baseline -0.003 -16"><span class='ocrx_word' id='word_1_97' title='bbox 365 1809 463 1865; x_wconf 90' lang='lat' dir='ltr'><strong>nostri</strong></span> <span class='ocrx_word' id='word_1_98' title='bbox 492 1807 699 1880; x_wconf 85' lang='lat' dir='ltr'><strong>zagrabiensis</strong></span> <span class='ocrx_word' id='word_1_99' title='bbox 730 1805 858 1864; x_wconf 86' lang='lat' dir='ltr'><strong>fecimus</strong></span> <span class='ocrx_word' id='word_1_100' title='bbox 888 1805 1069 1877; x_wconf 88' lang='lat' dir='ltr'><strong>consignari.</strong></span> <span class='ocrx_word' id='word_1_101' title='bbox 1100 1803 1216 1862; x_wconf 85' lang='lat' dir='ltr'><strong>Datum</strong></span> <span class='ocrx_word' id='word_1_102' title='bbox 1247 1805 1405 1877; x_wconf 91' lang='lat' dir='ltr'><strong>Zagrabie,</strong></span> <span class='ocrx_word' id='word_1_103' title='bbox 1436 1803 1558 1862; x_wconf 86' lang='lat' dir='ltr'><strong>decimo</strong></span> <span class='ocrx_word' id='word_1_104' title='bbox 1582 1803 1633 1860; x_wconf 89' lang='lat' dir='ltr'><strong>die</strong></span> 
     </span>
     <span class='ocr_line' id='line_1_13' title="bbox 368 1911 1426 1987; baseline -0.003 -17"><span class='ocrx_word' id='word_1_105' title='bbox 368 1913 491 1970; x_wconf 90' lang='lat' dir='ltr'><strong>termini</strong></span> <span class='ocrx_word' id='word_1_106' title='bbox 516 1913 675 1987; x_wconf 89' lang='lat' dir='ltr'><strong>prenotati.</strong></span> <span class='ocrx_word' id='word_1_107' title='bbox 701 1913 790 1970; x_wconf 80' lang='lat' dir='ltr'><strong>Anno</strong></span> <span class='ocrx_word' id='word_1_108' title='bbox 814 1911 931 1969; x_wconf 91' lang='lat' dir='ltr'><strong>domini</strong></span> <span class='ocrx_word' id='word_1_109' title='bbox 956 1911 1064 1968; x_wconf 86' lang='lat' dir='ltr'>MCCC</span> <span class='ocrx_word' id='word_1_110' title='bbox 1088 1911 1287 1982; x_wconf 87' lang='lat' dir='ltr'><strong>nonagesimo</strong></span> <span class='ocrx_word' id='word_1_111' title='bbox 1310 1912 1426 1983; x_wconf 89' lang='lat' dir='ltr'><strong>quinto.</strong></span> 
     </span>
    </p>
   </div>
   <div class='ocr_carea' id='block_1_3' title="bbox 367 2045 1633 2202">
    <p class='ocr_par' dir='ltr' id='par_1_3' title="bbox 367 2045 1633 2202">
     <span class='ocr_line' id='line_1_14' title="bbox 456 2045 1633 2115; baseline -0.005 -16"><span class='ocrx_word' id='word_1_112' title='bbox 456 2049 595 2115; x_wconf 82' lang='lat' dir='ltr'><strong>Originale</strong></span> <span class='ocrx_word' id='word_1_113' title='bbox 615 2048 641 2098; x_wconf 90' lang='lat' dir='ltr'><strong>in</strong></span> <span class='ocrx_word' id='word_1_114' title='bbox 660 2048 758 2106; x_wconf 89' lang='lat' dir='ltr'><strong>charta,</strong></span> <span class='ocrx_word' id='word_1_115' title='bbox 777 2063 791 2096; x_wconf 89' lang='lat' dir='ltr'><strong>a</strong></span> <span class='ocrx_word' id='word_1_116' title='bbox 812 2055 888 2112; x_wconf 82' lang='lat' dir='ltr'><strong>tergo</strong></span> <span class='ocrx_word' id='word_1_117' title='bbox 908 2047 1048 2112; x_wconf 85' lang='lat' dir='ltr'><strong>vestigium</strong></span> <span class='ocrx_word' id='word_1_118' title='bbox 1064 2046 1183 2111; x_wconf 86' lang='lat' dir='ltr'><strong>appressi</strong></span> <span class='ocrx_word' id='word_1_119' title='bbox 1203 2045 1294 2111; x_wconf 86' lang='lat' dir='ltr'><strong>sigilli.</strong></span> <span class='ocrx_word' id='word_1_120' title='bbox 1321 2046 1351 2095; x_wconf 91' lang='lat' dir='ltr'><strong>In</strong></span> <span class='ocrx_word' id='word_1_121' title='bbox 1370 2045 1479 2096; x_wconf 87' lang='lat' dir='ltr'><strong>archivo</strong></span> <span class='ocrx_word' id='word_1_122' title='bbox 1505 2045 1550 2094; x_wconf 91' lang='lat' dir='ltr'><strong>lib.</strong></span> <span class='ocrx_word' id='word_1_123' title='bbox 1577 2061 1633 2109; x_wconf 81' lang='lat' dir='ltr'><strong>reg.</strong></span> 
     </span>
     <span class='ocr_line' id='line_1_15' title="bbox 367 2137 562 2202; baseline -0.01 -15"><span class='ocrx_word' id='word_1_124' title='bbox 367 2137 439 2188; x_wconf 87' lang='lat' dir='ltr'><strong>civil.</strong></span> <span class='ocrx_word' id='word_1_125' title='bbox 459 2137 562 2202; x_wconf 77' lang='lat' dir='ltr'><strong>ngrab.</strong></span> 
     </span>
    </p>
   </div>
   <div class='ocr_carea' id='block_1_4' title="bbox 958 2332 1045 2398">
    <p class='ocr_par' dir='ltr' id='par_1_4' title="bbox 958 2332 1045 2398">
     <span class='ocr_line' id='line_1_16' title="bbox 958 2332 1045 2398; baseline -0.011 0"><span class='ocrx_word' id='word_1_126' title='bbox 958 2332 1045 2398; x_wconf 78' lang='lat' dir='ltr'><strong>aab.</strong></span> 
     </span>
    </p>
   </div>
   <div class='ocr_carea' id='block_1_5' title="bbox 473 2490 1057 2556">
    <p class='ocr_par' dir='ltr' id='par_1_5' title="bbox 473 2490 1057 2556">
     <span class='ocr_line' id='line_1_17' title="bbox 473 2490 1057 2556; baseline 0.002 -17"><span class='ocrx_word' id='word_1_127' title='bbox 473 2491 550 2540; x_wconf 79' lang='lat' dir='ltr'><strong>Anno</strong></span> <span class='ocrx_word' id='word_1_128' title='bbox 573 2499 646 2551; x_wconf 78' lang='lat'><strong>1305,</strong></span> <span class='ocrx_word' id='word_1_129' title='bbox 667 2501 706 2539; x_wconf 79' lang='lat'><strong>22.</strong></span> <span class='ocrx_word' id='word_1_130' title='bbox 727 2490 885 2540; x_wconf 88' lang='lat' dir='ltr'><strong>novembris.</strong></span> <span class='ocrx_word' id='word_1_131' title='bbox 905 2490 1057 2556; x_wconf 84' lang='lat' dir='ltr'><strong>Zagrabiae.</strong></span> 
     </span>
    </p>
   </div>
   <div class='ocr_carea' id='block_1_6' title="bbox 373 2617 1632 2798">
    <p class='ocr_par' dir='ltr' id='par_1_6' title="bbox 373 2617 1632 2798">
     <span class='ocr_line' id='line_1_18' title="bbox 373 2617 1632 2692; baseline -0.002 -16"><span class='ocrx_word' id='word_1_132' title='bbox 373 2619 537 2692; x_wconf 81' lang='lat' dir='ltr'><strong>Capitulum</strong></span> <span class='ocrx_word' id='word_1_133' title='bbox 569 2617 685 2690; x_wconf 77' lang='lat' dir='ltr'><strong>zagrab.</strong></span> <span class='ocrx_word' id='word_1_134' title='bbox 717 2618 922 2676; x_wconf 79' lang='lat' dir='ltr'><strong>reanrbulando</strong></span> <span class='ocrx_word' id='word_1_135' title='bbox 948 2618 1147 2691; x_wconf 79' lang='lat' dir='ltr'><strong>possessionem</strong></span> <span class='ocrx_word' id='word_1_136' title='bbox 1178 2617 1366 2674; x_wconf 77' lang='lat' dir='ltr'><strong>Petrow&#39;rram</strong></span> <span class='ocrx_word' id='word_1_137' title='bbox 1388 2619 1508 2675; x_wconf 80' lang='lat' dir='ltr'><strong>Detrico</strong></span> <span class='ocrx_word' id='word_1_138' title='bbox 1531 2617 1632 2674; x_wconf 80' lang='lat' dir='ltr'><strong>Bubek</strong></span> 
     </span>
     <span class='ocr_line' id='line_1_19' title="bbox 503 2723 1496 2798; baseline 0.001 -19"><span class='ocrx_word' id='word_1_139' title='bbox 503 2723 578 2779; x_wconf 84' lang='lat' dir='ltr'><strong>bano</strong></span> <span class='ocrx_word' id='word_1_140' title='bbox 599 2723 699 2798; x_wconf 84' lang='lat' dir='ltr'><strong>refert,</strong></span> <span class='ocrx_word' id='word_1_141' title='bbox 722 2723 901 2796; x_wconf 83' lang='lat' dir='ltr'><strong>adeuntque</strong></span> <span class='ocrx_word' id='word_1_142' title='bbox 923 2723 1140 2781; x_wconf 81' lang='lat' dir='ltr'><strong>contradictores</strong></span> <span class='ocrx_word' id='word_1_143' title='bbox 1162 2723 1397 2780; x_wconf 65' lang='lat' dir='ltr'><strong>reambutatioml</strong></span> <span class='ocrx_word' id='word_1_144' title='bbox 1418 2724 1496 2780; x_wconf 83' lang='lat' dir='ltr'><strong>citat.</strong></span> 
     </span>
    </p>
   </div>
   <div class='ocr_carea' id='block_1_7' title="bbox 367 2865 1636 5059">
    <p class='ocr_par' dir='ltr' id='par_1_7' title="bbox 367 2865 1636 5059">
     <span class='ocr_line' id='line_1_20' title="bbox 456 2865 1634 2940; baseline -0.001 -16"><span class='ocrx_word' id='word_1_145' title='bbox 456 2867 620 2940; x_wconf 81' lang='lat' dir='ltr'><strong>Magnifica</strong></span> <span class='ocrx_word' id='word_1_146' title='bbox 652 2868 720 2925; x_wconf 93' lang='lat' dir='ltr'><strong>viro</strong></span> <span class='ocrx_word' id='word_1_147' title='bbox 754 2867 880 2924; x_wconf 89' lang='lat' dir='ltr'><strong>domino</strong></span> <span class='ocrx_word' id='word_1_148' title='bbox 916 2868 1039 2924; x_wconf 90' lang='lat' dir='ltr'><strong>Detrico</strong></span> <span class='ocrx_word' id='word_1_149' title='bbox 1075 2867 1190 2937; x_wconf 83' lang='lat' dir='ltr'><strong>Bubelr,</strong></span> <span class='ocrx_word' id='word_1_150' title='bbox 1226 2867 1312 2938; x_wconf 89' lang='lat' dir='ltr'><strong>regni</strong></span> <span class='ocrx_word' id='word_1_151' title='bbox 1344 2865 1507 2924; x_wconf 88' lang='lat' dir='ltr'><strong>Sclauonie</strong></span> <span class='ocrx_word' id='word_1_152' title='bbox 1541 2867 1634 2934; x_wconf 85' lang='lat' dir='ltr'><strong>bano,</strong></span> 
     </span>
     <span class='ocr_line' id='line_1_21' title="bbox 368 2972 1634 3047; baseline 0 -17"><span class='ocrx_word' id='word_1_153' title='bbox 368 2973 468 3030; x_wconf 90' lang='lat' dir='ltr'><strong>amico</strong></span> <span class='ocrx_word' id='word_1_154' title='bbox 498 2989 606 3030; x_wconf 89' lang='lat' dir='ltr'><strong>eorum</strong></span> <span class='ocrx_word' id='word_1_155' title='bbox 638 2972 827 3042; x_wconf 87' lang='lat' dir='ltr'><strong>honorando,</strong></span> <span class='ocrx_word' id='word_1_156' title='bbox 862 2974 1034 3047; x_wconf 89' lang='lat' dir='ltr'><strong>capitulum</strong></span> <span class='ocrx_word' id='word_1_157' title='bbox 1065 2974 1193 3031; x_wconf 91' lang='lat' dir='ltr'><strong>ecclesie</strong></span> <span class='ocrx_word' id='word_1_158' title='bbox 1224 2974 1430 3045; x_wconf 88' lang='lat' dir='ltr'><strong>zagrabiensis</strong></span> <span class='ocrx_word' id='word_1_159' title='bbox 1460 2974 1634 3030; x_wconf 89' lang='lat' dir='ltr'><strong>amiciciam</strong></span> 
     </span>
     <span class='ocr_line' id='line_1_22' title="bbox 369 3077 1636 3152; baseline 0 -17"><span class='ocrx_word' id='word_1_160' title='bbox 369 3084 509 3152; x_wconf 84' lang='lat' dir='ltr'><strong>paratam</strong></span> <span class='ocrx_word' id='word_1_161' title='bbox 540 3095 611 3136; x_wconf 89' lang='lat' dir='ltr'><strong>curn</strong></span> <span class='ocrx_word' id='word_1_162' title='bbox 644 3079 767 3136; x_wconf 85' lang='lat' dir='ltr'><strong>bonore.</strong></span> <span class='ocrx_word' id='word_1_163' title='bbox 801 3079 929 3137; x_wconf 89' lang='lat' dir='ltr'><strong>Noverit</strong></span> <span class='ocrx_word' id='word_1_164' title='bbox 961 3086 1063 3136; x_wconf 89' lang='lat' dir='ltr'><strong>vestra</strong></span> <span class='ocrx_word' id='word_1_165' title='bbox 1094 3078 1334 3151; x_wconf 87' lang='lat' dir='ltr'><strong>magnificencia,</strong></span> <span class='ocrx_word' id='word_1_166' title='bbox 1366 3077 1448 3152; x_wconf 89' lang='lat' dir='ltr'><strong>quod</strong></span> <span class='ocrx_word' id='word_1_167' title='bbox 1476 3094 1548 3136; x_wconf 87' lang='lat' dir='ltr'><strong>cum</strong></span> <span class='ocrx_word' id='word_1_168' title='bbox 1579 3093 1636 3136; x_wconf 88' lang='lat' dir='ltr'><strong>nos</strong></span> 
     </span>
     <span class='ocr_line' id='line_1_23' title="bbox 368 3185 1634 3259; baseline -0.001 -17"><span class='ocrx_word' id='word_1_169' title='bbox 368 3186 454 3242; x_wconf 84' lang='lat' dir='ltr'><strong>iuxta</strong></span> <span class='ocrx_word' id='word_1_170' title='bbox 476 3185 698 3242; x_wconf 89' lang='lat' dir='ltr'><strong>continenciam</strong></span> <span class='ocrx_word' id='word_1_171' title='bbox 722 3185 895 3242; x_wconf 88' lang='lat' dir='ltr'><strong>litterarum</strong></span> <span class='ocrx_word' id='word_1_172' title='bbox 920 3191 1092 3242; x_wconf 87' lang='lat' dir='ltr'><strong>vestrarum</strong></span> <span class='ocrx_word' id='word_1_173' title='bbox 1120 3185 1315 3243; x_wconf 89' lang='lat' dir='ltr'><strong>iudiciarium</strong></span> <span class='ocrx_word' id='word_1_174' title='bbox 1347 3191 1485 3242; x_wconf 89' lang='lat' dir='ltr'><strong>vestrum</strong></span> <span class='ocrx_word' id='word_1_175' title='bbox 1510 3199 1634 3259; x_wconf 89' lang='lat' dir='ltr'><strong>proces-</strong></span> 
     </span>
     <span class='ocr_line' id='line_1_24' title="bbox 369 3290 1635 3363; baseline 0.002 -17"><span class='ocrx_word' id='word_1_176' title='bbox 369 3305 438 3347; x_wconf 90' lang='lat' dir='ltr'><strong>sum</strong></span> <span class='ocrx_word' id='word_1_177' title='bbox 473 3290 639 3347; x_wconf 90' lang='lat' dir='ltr'><strong>simulcum</strong></span> <span class='ocrx_word' id='word_1_178' title='bbox 671 3291 911 3363; x_wconf 90' lang='lat' dir='ltr'><strong>possessionaria</strong></span> <span class='ocrx_word' id='word_1_179' title='bbox 942 3291 1201 3362; x_wconf 89' lang='lat' dir='ltr'><strong>reambulacione,</strong></span> <span class='ocrx_word' id='word_1_180' title='bbox 1233 3296 1386 3348; x_wconf 90' lang='lat' dir='ltr'><strong>metarum</strong></span> <span class='ocrx_word' id='word_1_181' title='bbox 1416 3292 1573 3348; x_wconf 89' lang='lat' dir='ltr'><strong>ereccione</strong></span> <span class='ocrx_word' id='word_1_182' title='bbox 1605 3297 1635 3347; x_wconf 91' lang='lat' dir='ltr'><strong>et</strong></span> 
     </span>
     <span class='ocr_line' id='line_1_25' title="bbox 369 3395 1634 3469; baseline 0.002 -18"><span class='ocrx_word' id='word_1_183' title='bbox 369 3395 538 3453; x_wconf 89' lang='lat' dir='ltr'><strong>statucione</strong></span> <span class='ocrx_word' id='word_1_184' title='bbox 561 3396 640 3453; x_wconf 87' lang='lat' dir='ltr'><strong>inter</strong></span> <span class='ocrx_word' id='word_1_185' title='bbox 660 3401 761 3454; x_wconf 89' lang='lat' dir='ltr'><strong>cetera</strong></span> <span class='ocrx_word' id='word_1_186' title='bbox 784 3396 814 3454; x_wconf 95' lang='lat' dir='ltr'><strong>in</strong></span> <span class='ocrx_word' id='word_1_187' title='bbox 845 3412 878 3452; x_wconf 92' lang='lat' dir='ltr'><strong>se</strong></span> <span class='ocrx_word' id='word_1_188' title='bbox 908 3397 1142 3467; x_wconf 80' lang='lat' dir='ltr'><strong>continenciam,</strong></span> <span class='ocrx_word' id='word_1_189' title='bbox 1174 3397 1286 3469; x_wconf 91' lang='lat' dir='ltr'><strong>sigillis</strong></span> <span class='ocrx_word' id='word_1_190' title='bbox 1313 3397 1423 3455; x_wconf 87' lang='lat' dir='ltr'><strong>vestris</strong></span> <span class='ocrx_word' id='word_1_191' title='bbox 1446 3397 1634 3466; x_wconf 84' lang='lat' dir='ltr'><strong>absentibus,</strong></span> 
     </span>
     <span class='ocr_line' id='line_1_26' title="bbox 369 3501 1634 3575; baseline 0 -17"><span class='ocrx_word' id='word_1_192' title='bbox 369 3501 474 3572; x_wconf 90' lang='lat' dir='ltr'><strong>sigillo</strong></span> <span class='ocrx_word' id='word_1_193' title='bbox 498 3501 638 3574; x_wconf 89' lang='lat' dir='ltr'><strong>magistri</strong></span> <span class='ocrx_word' id='word_1_194' title='bbox 661 3501 786 3560; x_wconf 87' lang='lat' dir='ltr'><strong>Martini</strong></span> <span class='ocrx_word' id='word_1_195' title='bbox 815 3502 895 3558; x_wconf 90' lang='lat' dir='ltr'><strong>Ders</strong></span> <span class='ocrx_word' id='word_1_196' title='bbox 925 3502 1067 3560; x_wconf 88' lang='lat' dir='ltr'><strong>vicebani</strong></span> <span class='ocrx_word' id='word_1_197' title='bbox 1096 3508 1126 3560; x_wconf 90' lang='lat' dir='ltr'><strong>et</strong></span> <span class='ocrx_word' id='word_1_198' title='bbox 1156 3503 1277 3560; x_wconf 93' lang='lat' dir='ltr'><strong>comitis</strong></span> <span class='ocrx_word' id='word_1_199' title='bbox 1309 3503 1403 3560; x_wconf 90' lang='lat' dir='ltr'><strong>vestri</strong></span> <span class='ocrx_word' id='word_1_200' title='bbox 1427 3503 1634 3575; x_wconf 85' lang='lat' dir='ltr'><strong>zagrabiensis</strong></span> 
     </span>
     <span class='ocr_line' id='line_1_27' title="bbox 369 3607 1633 3681; baseline 0.005 -17"><span class='ocrx_word' id='word_1_201' title='bbox 369 3608 626 3679; x_wconf 88' lang='lat' dir='ltr'><strong>consignatarum,</strong></span> <span class='ocrx_word' id='word_1_202' title='bbox 650 3622 708 3681; x_wconf 93' lang='lat' dir='ltr'><strong>pro</strong></span> <span class='ocrx_word' id='word_1_203' title='bbox 731 3607 840 3678; x_wconf 91' lang='lat' dir='ltr'><strong>iudice,</strong></span> <span class='ocrx_word' id='word_1_204' title='bbox 864 3608 972 3666; x_wconf 86' lang='lat' dir='ltr'><strong>iuratis</strong></span> <span class='ocrx_word' id='word_1_205' title='bbox 988 3614 1017 3665; x_wconf 91' lang='lat' dir='ltr'><strong>et</strong></span> <span class='ocrx_word' id='word_1_206' title='bbox 1032 3609 1154 3665; x_wconf 86' lang='lat' dir='ltr'><strong>civibus</strong></span> <span class='ocrx_word' id='word_1_207' title='bbox 1170 3609 1302 3665; x_wconf 88' lang='lat' dir='ltr'><strong>civitatis</strong></span> <span class='ocrx_word' id='word_1_208' title='bbox 1326 3610 1439 3666; x_wconf 93' lang='lat' dir='ltr'><strong>montis</strong></span> <span class='ocrx_word' id='word_1_209' title='bbox 1462 3608 1633 3670; x_wconf 87' lang='lat' dir='ltr'><strong>Grecensis.</strong></span> 
     </span>
     <span class='ocr_line' id='line_1_28' title="bbox 367 3712 1633 3786; baseline 0.001 -16"><span class='ocrx_word' id='word_1_210' title='bbox 367 3719 474 3770; x_wconf 85' lang='lat' dir='ltr'><strong>contra</strong></span> <span class='ocrx_word' id='word_1_211' title='bbox 502 3712 689 3783; x_wconf 81' lang='lat' dir='ltr'><strong>ladizlaum,</strong></span> <span class='ocrx_word' id='word_1_212' title='bbox 713 3712 813 3771; x_wconf 89' lang='lat' dir='ltr'><strong>filium</strong></span> <span class='ocrx_word' id='word_1_213' title='bbox 840 3713 1002 3785; x_wconf 91' lang='lat' dir='ltr'><strong>Valentini,</strong></span> <span class='ocrx_word' id='word_1_214' title='bbox 1035 3714 1175 3784; x_wconf 87' lang='lat' dir='ltr'><strong>Paulum,</strong></span> <span class='ocrx_word' id='word_1_215' title='bbox 1207 3713 1308 3772; x_wconf 91' lang='lat' dir='ltr'><strong>filiurn</strong></span> <span class='ocrx_word' id='word_1_216' title='bbox 1337 3713 1427 3786; x_wconf 92' lang='lat' dir='ltr'><strong>Petri,</strong></span> <span class='ocrx_word' id='word_1_217' title='bbox 1461 3713 1633 3786; x_wconf 88' lang='lat' dir='ltr'><strong>Nicolaum,</strong></span> 
     </span>
     <span class='ocr_line' id='line_1_29' title="bbox 369 3817 1634 3893; baseline 0.002 -17"><span class='ocrx_word' id='word_1_218' title='bbox 369 3817 473 3876; x_wconf 91' lang='lat' dir='ltr'><strong>filium</strong></span> <span class='ocrx_word' id='word_1_219' title='bbox 497 3817 587 3876; x_wconf 84' lang='lat' dir='ltr'><strong>Noulr</strong></span> <span class='ocrx_word' id='word_1_220' title='bbox 610 3826 640 3876; x_wconf 90' lang='lat' dir='ltr'><strong>et</strong></span> <span class='ocrx_word' id='word_1_221' title='bbox 662 3819 856 3891; x_wconf 90' lang='lat' dir='ltr'><strong>Dyonisium,</strong></span> <span class='ocrx_word' id='word_1_222' title='bbox 879 3819 980 3876; x_wconf 88' lang='lat' dir='ltr'><strong>filium</strong></span> <span class='ocrx_word' id='word_1_223' title='bbox 1001 3820 1088 3890; x_wconf 88' lang='lat' dir='ltr'><strong>Petri,</strong></span> <span class='ocrx_word' id='word_1_224' title='bbox 1105 3825 1318 3877; x_wconf 87' lang='lat' dir='ltr'><strong>emanatarum</strong></span> <span class='ocrx_word' id='word_1_225' title='bbox 1334 3821 1486 3893; x_wconf 89' lang='lat' dir='ltr'><strong>nobisque</strong></span> <span class='ocrx_word' id='word_1_226' title='bbox 1506 3821 1634 3893; x_wconf 85' lang='lat' dir='ltr'><strong>loquen-</strong></span> 
     </span>
     <span class='ocr_line' id='line_1_30' title="bbox 369 3924 1631 3999; baseline 0 -17"><span class='ocrx_word' id='word_1_227' title='bbox 369 3926 452 3982; x_wconf 89' lang='lat' dir='ltr'><strong>cium</strong></span> <span class='ocrx_word' id='word_1_228' title='bbox 476 3931 505 3982; x_wconf 94' lang='lat' dir='ltr'><strong>et</strong></span> <span class='ocrx_word' id='word_1_229' title='bbox 529 3924 725 3994; x_wconf 85' lang='lat' dir='ltr'><strong>directarum,</strong></span> <span class='ocrx_word' id='word_1_230' title='bbox 749 3940 825 3998; x_wconf 89' lang='lat' dir='ltr'><strong>quas</strong></span> <span class='ocrx_word' id='word_1_231' title='bbox 848 3926 947 3999; x_wconf 90' lang='lat' dir='ltr'><strong>capite</strong></span> <span class='ocrx_word' id='word_1_232' title='bbox 970 3926 1066 3998; x_wconf 88' lang='lat' dir='ltr'><strong>sigilli</strong></span> <span class='ocrx_word' id='word_1_233' title='bbox 1090 3926 1186 3983; x_wconf 88' lang='lat' dir='ltr'><strong>nostri</strong></span> <span class='ocrx_word' id='word_1_234' title='bbox 1210 3925 1417 3998; x_wconf 87' lang='lat' dir='ltr'><strong>consignando</strong></span> <span class='ocrx_word' id='word_1_235' title='bbox 1442 3933 1544 3983; x_wconf 91' lang='lat' dir='ltr'><strong>vestre</strong></span> <span class='ocrx_word' id='word_1_236' title='bbox 1567 3941 1631 3983; x_wconf 87' lang='lat' dir='ltr'><strong>ma-</strong></span> 
     </span>
     <span class='ocr_line' id='line_1_31' title="bbox 368 4029 1632 4104; baseline 0 -16"><span class='ocrx_word' id='word_1_237' title='bbox 368 4030 551 4103; x_wconf 87' lang='lat' dir='ltr'><strong>gnificencie</strong></span> <span class='ocrx_word' id='word_1_238' title='bbox 574 4031 604 4088; x_wconf 94' lang='lat' dir='ltr'><strong>in</strong></span> <span class='ocrx_word' id='word_1_239' title='bbox 627 4031 729 4104; x_wconf 91' lang='lat' dir='ltr'><strong>specie</strong></span> <span class='ocrx_word' id='word_1_240' title='bbox 751 4029 897 4089; x_wconf 90' lang='lat' dir='ltr'><strong>duximus</strong></span> <span class='ocrx_word' id='word_1_241' title='bbox 919 4030 1127 4102; x_wconf 87' lang='lat' dir='ltr'><strong>remittendas,</strong></span> <span class='ocrx_word' id='word_1_242' title='bbox 1143 4046 1276 4088; x_wconf 88' lang='lat' dir='ltr'><strong>unacum</strong></span> <span class='ocrx_word' id='word_1_243' title='bbox 1294 4031 1398 4104; x_wconf 90' lang='lat' dir='ltr'><strong>l’aulo,</strong></span> <span class='ocrx_word' id='word_1_244' title='bbox 1418 4032 1484 4090; x_wconf 92' lang='lat' dir='ltr'><strong>filio</strong></span> <span class='ocrx_word' id='word_1_245' title='bbox 1508 4034 1632 4104; x_wconf 79' lang='lat' dir='ltr'><strong>Mathey</strong></span> 
     </span>
     <span class='ocr_line' id='line_1_32' title="bbox 368 4135 1634 4210; baseline 0.001 -16"><span class='ocrx_word' id='word_1_246' title='bbox 368 4136 407 4194; x_wconf 90' lang='lat' dir='ltr'><strong>de</strong></span> <span class='ocrx_word' id='word_1_247' title='bbox 432 4135 600 4208; x_wconf 85' lang='lat' dir='ltr'><strong>Mykuliclr,</strong></span> <span class='ocrx_word' id='word_1_248' title='bbox 624 4135 791 4194; x_wconf 88' lang='lat' dir='ltr'><strong>discretum</strong></span> <span class='ocrx_word' id='word_1_249' title='bbox 815 4137 919 4194; x_wconf 92' lang='lat' dir='ltr'><strong>virum</strong></span> <span class='ocrx_word' id='word_1_250' title='bbox 940 4139 1126 4210; x_wconf 87' lang='lat' dir='ltr'><strong>magistrum</strong></span> <span class='ocrx_word' id='word_1_251' title='bbox 1150 4138 1233 4195; x_wconf 86' lang='lat' dir='ltr'><strong>lwan</strong></span> <span class='ocrx_word' id='word_1_252' title='bbox 1256 4137 1295 4195; x_wconf 88' lang='lat' dir='ltr'><strong>de</strong></span> <span class='ocrx_word' id='word_1_253' title='bbox 1319 4139 1495 4209; x_wconf 69' lang='lat' dir='ltr'><strong>,lloroucha</strong></span> <span class='ocrx_word' id='word_1_254' title='bbox 1517 4139 1634 4196; x_wconf 85' lang='lat' dir='ltr'><strong>socium</strong></span> 
     </span>
     <span class='ocr_line' id='line_1_33' title="bbox 369 4242 1629 4316; baseline 0.002 -18"><span class='ocrx_word' id='word_1_255' title='bbox 369 4247 399 4298; x_wconf 95' lang='lat' dir='ltr'><strong>et</strong></span> <span class='ocrx_word' id='word_1_256' title='bbox 422 4242 661 4299; x_wconf 88' lang='lat' dir='ltr'><strong>concanonicum</strong></span> <span class='ocrx_word' id='word_1_257' title='bbox 692 4247 832 4300; x_wconf 90' lang='lat' dir='ltr'><strong>nostrum</strong></span> <span class='ocrx_word' id='word_1_258' title='bbox 862 4258 921 4315; x_wconf 94' lang='lat' dir='ltr'><strong>pro</strong></span> <span class='ocrx_word' id='word_1_259' title='bbox 952 4249 1040 4316; x_wconf 89' lang='lat' dir='ltr'><strong>parte</strong></span> <span class='ocrx_word' id='word_1_260' title='bbox 1072 4242 1229 4301; x_wconf 91' lang='lat' dir='ltr'><strong>dictorum</strong></span> <span class='ocrx_word' id='word_1_261' title='bbox 1260 4242 1377 4314; x_wconf 91' lang='lat' dir='ltr'><strong>iudicis,</strong></span> <span class='ocrx_word' id='word_1_262' title='bbox 1406 4243 1576 4302; x_wconf 89' lang='lat' dir='ltr'><strong>iuratorum</strong></span> <span class='ocrx_word' id='word_1_263' title='bbox 1600 4252 1629 4301; x_wconf 92' lang='lat' dir='ltr'><strong>et</strong></span> 
     </span>
     <span class='ocr_line' id='line_1_34' title="bbox 368 4347 1632 4408; baseline 0.002 -3"><span class='ocrx_word' id='word_1_264' title='bbox 368 4349 485 4406; x_wconf 89' lang='lat' dir='ltr'><strong>civium</strong></span> <span class='ocrx_word' id='word_1_265' title='bbox 507 4347 588 4406; x_wconf 90' lang='lat' dir='ltr'><strong>dicte</strong></span> <span class='ocrx_word' id='word_1_266' title='bbox 611 4349 743 4406; x_wconf 87' lang='lat' dir='ltr'><strong>civitatis</strong></span> <span class='ocrx_word' id='word_1_267' title='bbox 766 4351 880 4406; x_wconf 90' lang='lat' dir='ltr'><strong>montis</strong></span> <span class='ocrx_word' id='word_1_268' title='bbox 900 4349 1062 4407; x_wconf 90' lang='lat' dir='ltr'><strong>Grecensis</strong></span> <span class='ocrx_word' id='word_1_269' title='bbox 1078 4357 1225 4407; x_wconf 88' lang='lat' dir='ltr'><strong>actorum.</strong></span> <span class='ocrx_word' id='word_1_270' title='bbox 1242 4349 1318 4406; x_wconf 90' lang='lat' dir='ltr'><strong>Item</strong></span> <span class='ocrx_word' id='word_1_271' title='bbox 1335 4350 1479 4407; x_wconf 88' lang='lat' dir='ltr'><strong>similiter</strong></span> <span class='ocrx_word' id='word_1_272' title='bbox 1500 4365 1632 4408; x_wconf 89' lang='lat' dir='ltr'><strong>unacum</strong></span> 
     </span>
     <span class='ocr_line' id='line_1_35' title="bbox 368 4452 1634 4528; baseline -0.001 -17"><span class='ocrx_word' id='word_1_273' title='bbox 368 4454 474 4524; x_wconf 87' lang='lat' dir='ltr'><strong>Paulo,</strong></span> <span class='ocrx_word' id='word_1_274' title='bbox 497 4453 565 4512; x_wconf 89' lang='lat' dir='ltr'><strong>filio</strong></span> <span class='ocrx_word' id='word_1_275' title='bbox 587 4453 711 4512; x_wconf 83' lang='lat' dir='ltr'><strong>Chemlr</strong></span> <span class='ocrx_word' id='word_1_276' title='bbox 734 4452 773 4512; x_wconf 89' lang='lat' dir='ltr'><strong>de</strong></span> <span class='ocrx_word' id='word_1_277' title='bbox 796 4469 907 4528; x_wconf 90' lang='lat' dir='ltr'><strong>campo</strong></span> <span class='ocrx_word' id='word_1_278' title='bbox 929 4455 1128 4527; x_wconf 87' lang='lat' dir='ltr'><strong>zagrabiensi,</strong></span> <span class='ocrx_word' id='word_1_279' title='bbox 1146 4455 1324 4512; x_wconf 91' lang='lat' dir='ltr'><strong>hominibus</strong></span> <span class='ocrx_word' id='word_1_280' title='bbox 1347 4455 1466 4525; x_wconf 81' lang='lat' dir='ltr'><strong>vestris,</strong></span> <span class='ocrx_word' id='word_1_281' title='bbox 1491 4457 1520 4513; x_wconf 94' lang='lat' dir='ltr'><strong>in</strong></span> <span class='ocrx_word' id='word_1_282' title='bbox 1545 4455 1634 4513; x_wconf 80' lang='lat' dir='ltr'><strong>dictis</strong></span> 
     </span>
     <span class='ocr_line' id='line_1_36' title="bbox 369 4559 1631 4636; baseline 0.001 -20"><span class='ocrx_word' id='word_1_283' title='bbox 369 4559 480 4616; x_wconf 89' lang='lat' dir='ltr'><strong>litteris</strong></span> <span class='ocrx_word' id='word_1_284' title='bbox 503 4559 615 4616; x_wconf 89' lang='lat' dir='ltr'><strong>vestris</strong></span> <span class='ocrx_word' id='word_1_285' title='bbox 637 4559 717 4616; x_wconf 87' lang='lat' dir='ltr'><strong>inter</strong></span> <span class='ocrx_word' id='word_1_286' title='bbox 739 4559 817 4617; x_wconf 90' lang='lat' dir='ltr'><strong>alios</strong></span> <span class='ocrx_word' id='word_1_287' title='bbox 841 4561 980 4618; x_wconf 90' lang='lat' dir='ltr'><strong>homines</strong></span> <span class='ocrx_word' id='word_1_288' title='bbox 1003 4567 1122 4618; x_wconf 90' lang='lat' dir='ltr'><strong>vestros</strong></span> <span class='ocrx_word' id='word_1_289' title='bbox 1145 4561 1229 4618; x_wconf 82' lang='lat' dir='ltr'><strong>clare</strong></span> <span class='ocrx_word' id='word_1_290' title='bbox 1252 4567 1283 4618; x_wconf 87' lang='lat' dir='ltr'><strong>et</strong></span> <span class='ocrx_word' id='word_1_291' title='bbox 1307 4561 1492 4619; x_wconf 89' lang='lat' dir='ltr'><strong>nominatim</strong></span> <span class='ocrx_word' id='word_1_292' title='bbox 1509 4577 1631 4636; x_wconf 84' lang='lat' dir='ltr'><strong>expres·</strong></span> 
     </span>
     <span class='ocr_line' id='line_1_37' title="bbox 369 4665 1631 4738; baseline 0.002 -17"><span class='ocrx_word' id='word_1_293' title='bbox 369 4665 418 4735; x_wconf 66' lang='grc' dir='ltr'><strong>εἰς,</strong></span> <span class='ocrx_word' id='word_1_294' title='bbox 442 4665 546 4722; x_wconf 90' lang='lat' dir='ltr'><strong>virum</strong></span> <span class='ocrx_word' id='word_1_295' title='bbox 570 4665 738 4723; x_wconf 88' lang='lat' dir='ltr'><strong>discretum</strong></span> <span class='ocrx_word' id='word_1_296' title='bbox 759 4667 944 4738; x_wconf 88' lang='lat' dir='ltr'><strong>magistrum</strong></span> <span class='ocrx_word' id='word_1_297' title='bbox 968 4667 1130 4738; x_wconf 87' lang='lat' dir='ltr'><strong>Thomam,</strong></span> <span class='ocrx_word' id='word_1_298' title='bbox 1146 4667 1241 4726; x_wconf 90' lang='lat' dir='ltr'><strong>modo</strong></span> <span class='ocrx_word' id='word_1_299' title='bbox 1257 4668 1353 4725; x_wconf 89' lang='lat' dir='ltr'><strong>simili</strong></span> <span class='ocrx_word' id='word_1_300' title='bbox 1375 4669 1496 4725; x_wconf 90' lang='lat' dir='ltr'><strong>socium</strong></span> <span class='ocrx_word' id='word_1_301' title='bbox 1515 4673 1544 4725; x_wconf 89' lang='lat' dir='ltr'><strong>et</strong></span> <span class='ocrx_word' id='word_1_302' title='bbox 1561 4683 1631 4724; x_wconf 94' lang='lat' dir='ltr'><strong>con·</strong></span> 
     </span>
     <span class='ocr_line' id='line_1_38' title="bbox 368 4771 1631 4848; baseline 0.004 -21"><span class='ocrx_word' id='word_1_303' title='bbox 368 4771 549 4828; x_wconf 89' lang='lat' dir='ltr'><strong>canonicum</strong></span> <span class='ocrx_word' id='word_1_304' title='bbox 571 4776 720 4842; x_wconf 88' lang='lat' dir='ltr'><strong>nostrum,</strong></span> <span class='ocrx_word' id='word_1_305' title='bbox 744 4772 884 4829; x_wconf 89' lang='lat' dir='ltr'><strong>homines</strong></span> <span class='ocrx_word' id='word_1_306' title='bbox 914 4778 1044 4846; x_wconf 87' lang='lat' dir='ltr'><strong>nostros,</strong></span> <span class='ocrx_word' id='word_1_307' title='bbox 1075 4789 1133 4848; x_wconf 91' lang='lat' dir='ltr'><strong>pro</strong></span> <span class='ocrx_word' id='word_1_308' title='bbox 1156 4780 1244 4848; x_wconf 89' lang='lat' dir='ltr'><strong>parte</strong></span> <span class='ocrx_word' id='word_1_309' title='bbox 1275 4774 1429 4831; x_wconf 90' lang='lat' dir='ltr'><strong>dictorum</strong></span> <span class='ocrx_word' id='word_1_310' title='bbox 1454 4775 1483 4832; x_wconf 91' lang='lat' dir='ltr'><strong>in</strong></span> <span class='ocrx_word' id='word_1_311' title='bbox 1507 4789 1631 4832; x_wconf 89' lang='lat' dir='ltr'><strong>causam</strong></span> 
     </span>
     <span class='ocr_line' id='line_1_39' title="bbox 369 4875 1634 4953; baseline 0.002 -21"><span class='ocrx_word' id='word_1_312' title='bbox 369 4881 580 4944; x_wconf 80' lang='lat' dir='ltr'><strong>attraclorum</strong></span> <span class='ocrx_word' id='word_1_313' title='bbox 604 4875 641 4933; x_wconf 90' lang='lat' dir='ltr'><strong>ad</strong></span> <span class='ocrx_word' id='word_1_314' title='bbox 666 4892 702 4934; x_wconf 91' lang='lat' dir='ltr'><strong>ea</strong></span> <span class='ocrx_word' id='word_1_315' title='bbox 726 4876 909 4950; x_wconf 87' lang='lat' dir='ltr'><strong>peragenda,</strong></span> <span class='ocrx_word' id='word_1_316' title='bbox 941 4894 1002 4950; x_wconf 92' lang='lat' dir='ltr'><strong>que</strong></span> <span class='ocrx_word' id='word_1_317' title='bbox 1032 4880 1062 4936; x_wconf 94' lang='lat' dir='ltr'><strong>in</strong></span> <span class='ocrx_word' id='word_1_318' title='bbox 1093 4879 1209 4937; x_wconf 91' lang='lat' dir='ltr'><strong>eisdem</strong></span> <span class='ocrx_word' id='word_1_319' title='bbox 1242 4880 1352 4937; x_wconf 89' lang='lat' dir='ltr'><strong>litteris</strong></span> <span class='ocrx_word' id='word_1_320' title='bbox 1375 4881 1486 4937; x_wconf 84' lang='lat' dir='ltr'><strong>vestris</strong></span> <span class='ocrx_word' id='word_1_321' title='bbox 1513 4881 1634 4953; x_wconf 87' lang='lat' dir='ltr'><strong>plenius</strong></span> 
     </span>
     <span class='ocr_line' id='line_1_40' title="bbox 370 4983 1636 5059; baseline 0.003 -19"><span class='ocrx_word' id='word_1_322' title='bbox 370 4983 571 5052; x_wconf 88' lang='lat' dir='ltr'><strong>continentur,</strong></span> <span class='ocrx_word' id='word_1_323' title='bbox 594 4984 707 5040; x_wconf 89' lang='lat' dir='ltr'><strong>nostris</strong></span> <span class='ocrx_word' id='word_1_324' title='bbox 731 4999 788 5057; x_wconf 92' lang='lat' dir='ltr'><strong>pro</strong></span> <span class='ocrx_word' id='word_1_325' title='bbox 813 4985 995 5041; x_wconf 90' lang='lat' dir='ltr'><strong>testimoniis</strong></span> <span class='ocrx_word' id='word_1_326' title='bbox 1011 4999 1069 5058; x_wconf 92' lang='lat' dir='ltr'><strong>pro</strong></span> <span class='ocrx_word' id='word_1_327' title='bbox 1085 4985 1224 5057; x_wconf 91' lang='lat' dir='ltr'><strong>utrisque</strong></span> <span class='ocrx_word' id='word_1_328' title='bbox 1240 4986 1380 5059; x_wconf 87' lang='lat' dir='ltr'><strong>partibus</strong></span> <span class='ocrx_word' id='word_1_329' title='bbox 1405 4987 1636 5044; x_wconf 87' lang='lat' dir='ltr'><strong>transmisimus</strong></span> 
     </span>
    </p>
   </div>
   <div class='ocr_carea' id='block_1_8' title="bbox 0 0 1922 5806">
    <p class='ocr_par' dir='ltr' id='par_1_8' title="bbox 0 0 1922 5806">
     <span class='ocr_line' id='line_1_41' title="bbox 0 0 1922 5806; baseline 0 0"><span class='ocrx_word' id='word_1_330' title='bbox 0 0 1922 5806; x_wconf 95' lang='lat' dir='ltr'><strong> </strong></span> 
     </span>
    </p>
   </div>
  </div>
 </body>
</html>
