3854 5806
709 575 857 635 Adtienda.
877 609 913 620 —
932 577 989 636 An.
1011 573 1100 656 1346.
1472 599 1535 661 447

270 779 458 851 proponeret
481 791 513 834 se
536 779 700 850 promptos
723 773 831 833 audire
853 779 884 833 et
906 774 945 832 ad
969 790 1005 834 ea
1033 775 1221 851 respondere
1249 776 1456 840 affirmassent
1480 798 1534 858 pa·

271 887 362 940 ratos.
386 882 463 939 Ecce
494 881 638 939 dominus
668 881 811 965 Jacobus,
843 880 924 939 dicte
953 883 1159 953 zagrabiensis
1189 884 1318 944 ecclesie
1349 889 1537 962 prepositus.⁴

272 994 335 1044 tam
359 1001 418 1060 pro
443 1003 476 1044 se
499 985 712 1060 personaliter,
737 1000 830 1058 quam
861 1001 932 1043 cum
963 989 1185 1060 procuratoriis
1214 989 1326 1048 litteris
1357 991 1430 1052 dicti
1453 997 1537 1069 capi·

271 1093 329 1150 tuli
352 1105 410 1166 pro
433 1091 543 1150 eodem
567 1091 703 1165 capitulo
727 1091 945 1166 comparendo,
973 1108 1005 1150 se
1021 1099 1050 1150 et
1065 1093 1169 1167 ipsum
1187 1097 1361 1170 capitulum
1380 1114 1451 1156 cum
1468 1117 1536 1174 pre·

271 1197 413 1270 allegatis
436 1197 613 1272 hospitibus
647 1213 741 1272 super
764 1196 845 1255 sacto
868 1198 1108 1272 possessionario
1131 1199 1162 1258 in
1185 1216 1277 1259 causa
1304 1201 1398 1262 tuisse
1421 1215 1451 1263 et
1474 1207 1535 1264 iam

271 1302 324 1362 diu
349 1304 531 1364 ventilatam
554 1310 585 1361 et
608 1303 647 1362 ad
671 1311 828 1378 presentes
850 1309 974 1361 octavas
990 1303 1234 1378 Epiphaniarum
1260 1307 1377 1367 domini
1394 1325 1460 1368 esse
1483 1311 1534 1370 de·

271 1409 405 1480 ductam,
428 1411 459 1470 iu
483 1425 545 1484 qua
568 1411 666 1468 eciam
688 1410 792 1484 ipsum
815 1409 987 1482 capitulum
1011 1409 1139 1470 deberet
1162 1413 1364 1476 instrumenta
1380 1417 1535 1482 exhibere,

270 1517 436 1576 astruendo
459 1518 620 1576 universas
642 1517 761 1575 litteras
785 1523 848 1574 tarn
874 1516 1012 1574 causales
1041 1532 1134 1589 quarn
1159 1518 1372 1591 privilegiales
1394 1527 1536 1596 tempore

270 1623 494 1682 combustionis
517 1623 650 1680 civitatis
673 1621 711 1680 de
735 1620 908 1695 Wysegrad
938 1615 983 1698 (in
1009 1616 1251 1698 con)servat0rio
1282 1625 1399 1684 domini
1424 1607 1535 1687 'iliata-

270 1730 369 1801 merii,
392 1730 528 1788 albensis
549 1729 678 1787 ecclesie
704 1729 862 1802 prepositi,
892 1728 922 1785 iu
953 1743 1015 1800 quo
1046 1744 1103 1802 per
1124 1730 1308 1802 magistrum
1342 1733 1535 1795 Demetrium

269 1836 531 1909 archydiaconum
555 1835 795 1908 zagrabiensem,
820 1840 892 1892 tunc
914 1841 1147 1906 procuratorem
1170 1835 1268 1909 ipsius
1291 1839 1419 1912 capituli
1442 1857 1533 1916 repo-

270 1943 326 2000 site
350 1941 471 2000 fuerant
494 1940 534 1999 ad
557 1940 754 2011 servandum,
778 1940 903 1997 omnino
928 1937 1056 1997 fuissent
1079 1947 1271 2017 concremate
1293 1949 1323 2001 et
1344 1946 1463 2006 amisse.
1486 1949 1534 2005 Ad

270 2047 533 2121 quarumquidem
555 2047 731 2105 litterarum
763 2045 1000 2119 requisicionem
1023 2051 1053 2102 et
1075 2045 1323 2106 reinvencionem
1347 2050 1458 2110 eodem
1481 2053 1534 2112 do·

271 2154 356 2214 mino
383 2153 546 2227 preposito
575 2153 723 2210 instanter
752 2151 937 2224 postulante,
967 2149 1044 2208 duas
1068 2151 1211 2234 ipsorum
1242 2170 1367 2216 causas:
1391 2157 1535 2218 videlicet

270 2275 363 2334 super
397 2258 478 2318 facto
508 2257 750 2333 possessionario
780 2265 811 2314 et
840 2273 934 2332 super
964 2256 1046 2316 facto
1076 2258 1237 2334 cuiusdam
1268 2259 1374 2320 fossati
1404 2250 1534 2337 habitas,

271 2366 445 2439 quamlibet
473 2365 613 2439 ipsarum
643 2379 714 2421 cum
743 2363 906 2438 dupplatis
936 2363 1094 2436 regalibus
1126 2364 1246 2423 iudiciis
1275 2381 1320 2438 eo,
1354 2369 1438 2442 quod
1468 2372 1535 2446 ipse

271 2470 417 2531 dominus
438 2471 615 2546 prepositus
638 2475 745 2527 suaet
768 2469 906 2528 eiusdem
933 2470 1062 2543 capituli
1086 2471 1116 2527 in
1140 2486 1272 2543 persona
1295 2473 1392 2532 dictas
1414 2475 1534 2536 litteras

270 2593 336 2634 esse
359 2578 523 2635 conbustus
545 2591 607 2634 nou
630 2575 902 2649 aliquacredibili
920 2575 1042 2633 racione
1073 2575 1127 2633 sed
1152 2578 1256 2636 solum
1279 2582 1435 2639 asserebat
1451 2582 1534 2640 nudo

270 2683 377 2754 verbo,
400 2681 439 2740 ad
461 2681 544 2740 diem
567 2680 669 2738 medie
691 2679 927 2754 quadragesime
951 2680 1139 2738 duxeramus
1163 2684 1401 2758 prorogandam,
1425 2687 1534 2746 eodem

270 2787 398 2847 domino
419 2788 537 2871 Jacobo
561 2787 719 2862 preposito
751 2787 789 2844 ad
822 2787 948 2844 terciam
982 2787 1080 2862 ipsius
1110 2789 1239 2862 capituli
1261 2791 1426 2867 accionem,
1449 2795 1535 2853 vide·

269 2894 342 2952 licet
364 2909 458 2967 super
481 2892 564 2951 tacto
587 2892 696 2950 tributi
718 2893 857 2950 habitam
897 2908 956 2950 non
981 2901 1180 2966 comparente
1205 2895 1264 2953 ‘nec
1286 2896 1425 2972 aliquam
1450 2915 1534 2958 men·

269 2999 388 3058 cionem
413 2997 550 3070 iaciente,
581 3004 712 3072 propter
736 2997 820 3072 quod
845 2998 949 3072 ipsum
973 2999 1154 3072 capitulum,
1171 3007 1205 3088 ut
1222 3009 1316 3074 actor,
1340 3011 1446 3063 contra
1469 3021 1535 3064 eos·

270 3103 341 3168 dem
365 3104 508 3177 iudicem,
531 3106 655 3176 iuratos,
678 3119 813 3177 quorum
835 3105 961 3162 nomina
989 3105 1130 3178 superius
1153 3084 1224 3165 sunt
1251 3124 1398 3182 expressa
1429 3121 1459 3170 et
1480 3113 1535 3171 ho·

269 3212 365 3286 spites
388 3211 427 3269 de
450 3211 552 3270 Grech
575 3211 736 3269 universos
759 3211 790 3268 in
814 3209 934 3269 iudiciis
965 3211 1123 3284 regalibus
1153 3211 1229 3270 dum
1263 3229 1335 3287 pars
1358 3222 1480 3290 partem
1504 3219 1533 3276 in

269 3332 394 3376 causam
416 3317 576 3375 attraxerit
598 3315 788 3390 deponendis
810 3321 881 3374 sunt
903 3316 1037 3375 convicti
1072 3323 1104 3374 ut
1128 3319 1233 3376 omnia
1248 3319 1399 3392 premissa
1422 3327 1452 3380 et
1474 3323 1534 3382 sin-

269 3423 344 3494 gula
367 3425 600 3498 premissorum,
625 3414 742 3501 (prout)
774 3421 876 3480 littere
907 3421 1025 3481 domini
1055 3423 1174 3482 Thome
1204 3424 1361 3497 quondam
1391 3428 1535 3501 voyvode

269 3529 452 3588 transilvani
475 3535 504 3586 et
528 3529 647 3587 domini
672 3527 830 3602 Stephani,
861 3544 942 3586 nunc
964 3528 1109 3601 voyvode
1131 3529 1270 3588 eiusdem
1293 3532 1390 3606 partis
1413 3535 1535 3592 transil-

270 3650 356 3706 vane,
380 3641 453 3694 tunc
476 3635 696 3708 magistrorum
720 3635 950 3693 tauamicorum
972 3635 1126 3707 regalium
1142 3642 1306 3710 nostreque
1320 3641 1535 3712 prorogatorie

269 3749 300 3800 et
322 3740 481 3800 iudiciales
503 3739 703 3798 declarabant
725 3738 895 3798 manifeste.
919 3739 1058 3798 Tandem
1082 3740 1150 3814 ipso
1173 3740 1224 3799 die
1246 3741 1348 3801 medie
1364 3744 1535 3818 quadrage·

270 3846 347 3904 sime
378 3845 545 3904 adherente
574 3847 641 3919 ipse
673 3845 820 3917 magister
851 3845 1027 3903 Demetrius
1057 3845 1302 3917 archydiaconus
1335 3857 1365 3906 et
1388 3850 1535 3922 magister

271 3950 437 4024 Dyonisius
460 3951 624 4010 canonicus
647 3950 745 4024 ipsius
775 3949 903 4008 ecclesie
933 3949 1141 4022 zagrahiensis
1166 3957 1230 4009 tam
1253 3967 1366 4026 prose
1389 3970 1534 4028 persona·

269 4056 349 4128 liter,
373 4068 468 4129 quam
491 4071 562 4116 curu
586 4055 809 4130 procuratoriis
833 4056 944 4114 litteris
967 4055 1041 4114 dicti
1064 4057 1194 4131 capituli
1209 4059 1337 4117 ecclesie
1356 4062 1543 4134 zagrabien·⁴

269 4163 311 4222 sis
334 4178 392 4235 pro
415 4161 524 4220 eodem
549 4161 642 4236 pleno
665 4161 802 4234 capitulo
826 4162 857 4220 in
880 4161 982 4235 figura
1003 4163 1099 4222 nostri
1118 4162 1448 4240 iudicii-comparendo
1465 4183 1534 4240 ege·

269 4274 340 4326 runt
363 4282 400 4326 eo
423 4267 533 4326 modo:
557 4266 641 4340 quod
665 4267 724 4341 ipsi
747 4267 830 4325 cives
853 4274 883 4326 et
906 4268 1043 4342 hospites
1074 4267 1112 4325 de
1134 4267 1237 4328 Grech
1264 4269 1415 4343 quasdam
1439 4275 1534 4347 parti·

269 4375 355 4432 culas
378 4381 460 4432 terre
482 4373 522 4432 ad
545 4374 772 4447 possessionem
793 4389 881 4432 suam
915 4381 945 4432 et
970 4375 1097 4432 ecclesie
1123 4391 1177 4436 sue
1201 4377 1388 4449 pertinentes
1420 4379 1534 4438 Kasina

270 4486 412 4538 vocatam
435 4485 466 4538 et
488 4480 568 4538 intra
589 4486 688 4538 metas
712 4479 849 4538 eiusdem
873 4480 1038 4541 existentes
1054 4495 1072 4538 a
1088 4487 1228 4555 tempore
1251 4482 1450 4544 dominorum
1466 4484 1531 4545 Ste-

270 4587 364 4660 phani
388 4593 418 4644 et
441 4584 577 4644 Ladislai
597 4585 767 4647 illustrium
790 4584 949 4659 quondam
975 4601 1085 4659 regum
1112 4587 1278 4660 Hungarie,
1301 4589 1462 4650 beatarum
1486 4609 1533 4651 re·

268 4691 497 4764 cordacicnum,
519 4691 700 4766 occupando
723 4690 893 4756 detinerent
915 4699 945 4752 et
967 4691 1133 4752 detinendo
1156 4693 1349 4767 possiderent
1371 4697 1402 4755 iu
1416 4699 1534 4770 grande

270 4797 475 4876 preludicium
498 4797 579 4862 dicte
601 4797 730 4856 ecclesie
752 4807 782 4856 et
804 4799 963 4869 iacturam,
986 4805 1015 4856 et
1033 4798 1117 4871 quod
1133 4815 1191 4873 per
1205 4800 1364 4874 quoddam
1381 4801 1531 4862 fossatum

269 4919 326 4978 per
347 4903 471 4964 eosdem
495 4905 633 4977 hospites
656 4902 781 4976 factum,
805 4902 963 4978 quandam
989 4918 1103 4977 aquam
1134 4905 1282 4977 velocem,
1307 4913 1423 4966 terram
1448 4909 1529 4982 ipso·-

268 5025 338 5068 rum
355 5009 571 5082 destruentem,
587 5025 711 5071 currere
722 5008 872 5069 iecissent.
885 5009 971 5082 Item,
987 5009 1071 5083 quod
1088 5016 1197 5074 contra:
1209 5011 1386 5070 libertatem
1403 5015 1531 5088 ecclesie
