<?xml version="1.0" encoding="UTF-8"?>
<!DOCTYPE html PUBLIC "-//W3C//DTD XHTML 1.0 Transitional//EN"
    "http://www.w3.org/TR/xhtml1/DTD/xhtml1-transitional.dtd">
<html xmlns="http://www.w3.org/1999/xhtml" xml:lang="en" lang="en">
 <head>
  <title>
</title>
<meta http-equiv="Content-Type" content="text/html;charset=utf-8" />
  <meta name='ocr-system' content='tesseract 3.04.00' />
  <meta name='ocr-capabilities' content='ocr_page ocr_carea ocr_par ocr_line ocrx_word'/>
</head>
<body>
  <div class='ocr_page' id='page_1' title='image "./monumentahistor18laszgoog_0302.png"; bbox 0 0 3600 5804; ppageno 0'>
   <div class='ocr_carea' id='block_1_1' title="bbox 379 545 1246 626">
    <p class='ocr_par' dir='ltr' id='par_1_1' title="bbox 379 545 1246 626">
     <span class='ocr_line' id='line_1_1' title="bbox 379 545 1246 626; baseline 0 -20"><span class='ocrx_word' id='word_1_1' title='bbox 379 549 419 607; x_wconf 88' lang='lat'>66</span> <span class='ocrx_word' id='word_1_2' title='bbox 772 550 844 607; x_wconf 84' lang='lat' dir='ltr'>Doc.</span> <span class='ocrx_word' id='word_1_3' title='bbox 868 560 915 625; x_wconf 91' lang='lat'>77.</span> <span class='ocrx_word' id='word_1_4' title='bbox 938 545 988 626; x_wconf 84' lang='lat'>78.</span> <span class='ocrx_word' id='word_1_5' title='bbox 1016 583 1052 591; x_wconf 92' lang='lat'>-</span> <span class='ocrx_word' id='word_1_6' title='bbox 1078 549 1134 607; x_wconf 85' lang='lat' dir='ltr'>An.</span> <span class='ocrx_word' id='word_1_7' title='bbox 1159 563 1246 624; x_wconf 85' lang='lat'><em>1291.</em></span> 
     </span>
    </p>
   </div>
   <div class='ocr_carea' id='block_1_2' title="bbox 377 745 1643 936">
    <p class='ocr_par' dir='ltr' id='par_1_2' title="bbox 377 745 1643 936">
     <span class='ocr_line' id='line_1_2' title="bbox 377 745 1643 824; baseline 0.004 -22"><span class='ocrx_word' id='word_1_8' title='bbox 377 745 483 818; x_wconf 90' lang='lat' dir='ltr'>aliqua</span> <span class='ocrx_word' id='word_1_9' title='bbox 506 745 615 804; x_wconf 78' lang='lat' dir='ltr'>fraude</span> <span class='ocrx_word' id='word_1_10' title='bbox 639 747 777 806; x_wconf 79' lang='lat' dir='ltr'><strong>debeatis</strong></span> <span class='ocrx_word' id='word_1_11' title='bbox 808 748 901 822; x_wconf 92' lang='lat' dir='ltr'>pleno</span> <span class='ocrx_word' id='word_1_12' title='bbox 932 749 999 806; x_wconf 88' lang='lat' dir='ltr'>iure</span> <span class='ocrx_word' id='word_1_13' title='bbox 1030 754 1060 806; x_wconf 92' lang='lat' dir='ltr'>et</span> <span class='ocrx_word' id='word_1_14' title='bbox 1090 748 1176 806; x_wconf 91' lang='lat' dir='ltr'>aliud</span> <span class='ocrx_word' id='word_1_15' title='bbox 1208 747 1308 806; x_wconf 84' lang='lat' dir='ltr'>facere</span> <span class='ocrx_word' id='word_1_16' title='bbox 1335 749 1513 807; x_wconf 90' lang='lat' dir='ltr'>nullatenus</span> <span class='ocrx_word' id='word_1_17' title='bbox 1535 765 1643 824; x_wconf 90' lang='lat' dir='ltr'>presu-</span> 
     </span>
     <span class='ocr_line' id='line_1_3' title="bbox 377 852 1412 936; baseline 0.004 -28"><span class='ocrx_word' id='word_1_18' title='bbox 377 852 476 910; x_wconf 82' lang='lat' dir='ltr'><strong>matis.</strong></span> <span class='ocrx_word' id='word_1_19' title='bbox 499 852 615 910; x_wconf 89' lang='lat' dir='ltr'>Datum</span> <span class='ocrx_word' id='word_1_20' title='bbox 637 853 756 936; x_wconf 85' lang='lat' dir='ltr'>Jaurini</span> <span class='ocrx_word' id='word_1_21' title='bbox 777 854 808 911; x_wconf 91' lang='lat' dir='ltr'>in</span> <span class='ocrx_word' id='word_1_22' title='bbox 832 852 910 911; x_wconf 84' lang='lat' dir='ltr'>sesto</span> <span class='ocrx_word' id='word_1_23' title='bbox 933 854 1016 912; x_wconf 90' lang='lat' dir='ltr'>beati</span> <span class='ocrx_word' id='word_1_24' title='bbox 1038 853 1194 912; x_wconf 88' lang='lat' dir='ltr'>Benedicti</span> <span class='ocrx_word' id='word_1_25' title='bbox 1221 853 1412 913; x_wconf 85' lang='lat' dir='ltr'>confessoris.</span> 
     </span>
    </p>
   </div>
   <div class='ocr_carea' id='block_1_3' title="bbox 465 969 1318 1037">
    <p class='ocr_par' dir='ltr' id='par_1_3' title="bbox 465 969 1318 1037">
     <span class='ocr_line' id='line_1_4' title="bbox 465 969 1318 1037; baseline 0.002 -18"><span class='ocrx_word' id='word_1_26' title='bbox 465 970 487 1020; x_wconf 87' lang='lat' dir='ltr'><strong>E</strong></span> <span class='ocrx_word' id='word_1_27' title='bbox 507 977 671 1036; x_wconf 86' lang='lat' dir='ltr'>transumpto</span> <span class='ocrx_word' id='word_1_28' title='bbox 690 971 860 1037; x_wconf 74' lang='lat' dir='ltr'>magistratus</span> <span class='ocrx_word' id='word_1_29' title='bbox 879 971 951 1022; x_wconf 73' lang='lat' dir='ltr'>civit,</span> <span class='ocrx_word' id='word_1_30' title='bbox 972 969 1137 1028; x_wconf 87' lang='lat' dir='ltr'>Grechensis,</span> <span class='ocrx_word' id='word_1_31' title='bbox 1156 985 1223 1021; x_wconf 89' lang='lat' dir='ltr'>anno</span> <span class='ocrx_word' id='word_1_32' title='bbox 1245 981 1318 1035; x_wconf 82' lang='lat'>1291.</span> 
     </span>
    </p>
   </div>
   <div class='ocr_carea' id='block_1_4' title="bbox 482 1324 1011 1391">
    <p class='ocr_par' dir='ltr' id='par_1_4' title="bbox 482 1324 1011 1391">
     <span class='ocr_line' id='line_1_5' title="bbox 482 1324 1011 1391; baseline 0.004 -17"><span class='ocrx_word' id='word_1_33' title='bbox 482 1327 558 1375; x_wconf 79' lang='lat' dir='ltr'>Anno</span> <span class='ocrx_word' id='word_1_34' title='bbox 576 1334 650 1388; x_wconf 86' lang='lat'>1291,</span> <span class='ocrx_word' id='word_1_35' title='bbox 670 1333 708 1379; x_wconf 87' lang='lat'>17.</span> <span class='ocrx_word' id='word_1_36' title='bbox 729 1325 810 1391; x_wconf 87' lang='lat' dir='ltr'>Junii.</span> <span class='ocrx_word' id='word_1_37' title='bbox 831 1324 862 1375; x_wconf 95' lang='lat' dir='ltr'>In</span> <span class='ocrx_word' id='word_1_38' title='bbox 881 1325 1011 1376; x_wconf 87' lang='lat' dir='ltr'>Maulcha.</span> 
     </span>
    </p>
   </div>
   <div class='ocr_carea' id='block_1_5' title="bbox 397 1448 1627 1630">
    <p class='ocr_par' dir='ltr' id='par_1_5' title="bbox 397 1448 1627 1630">
     <span class='ocr_line' id='line_1_6' title="bbox 397 1448 1627 1527; baseline 0 -17"><span class='ocrx_word' id='word_1_39' title='bbox 397 1448 520 1523; x_wconf 82' lang='lat' dir='ltr'>Paulus,</span> <span class='ocrx_word' id='word_1_40' title='bbox 545 1451 687 1526; x_wconf 80' lang='lat' dir='ltr'><em>Stephani</em></span> <span class='ocrx_word' id='word_1_41' title='bbox 706 1453 883 1527; x_wconf 83' lang='lat' dir='ltr'>bonifilius,</span> <span class='ocrx_word' id='word_1_42' title='bbox 899 1455 1047 1527; x_wconf 82' lang='lat' dir='ltr'>palatium</span> <span class='ocrx_word' id='word_1_43' title='bbox 1070 1455 1101 1510; x_wconf 88' lang='lat' dir='ltr'>in</span> <span class='ocrx_word' id='word_1_44' title='bbox 1123 1461 1214 1510; x_wconf 77' lang='lat' dir='ltr'>niente</span> <span class='ocrx_word' id='word_1_45' title='bbox 1243 1451 1338 1512; x_wconf 79' lang='lat' dir='ltr'>Greclr</span> <span class='ocrx_word' id='word_1_46' title='bbox 1361 1454 1456 1524; x_wconf 83' lang='lat' dir='ltr'>situm,</span> <span class='ocrx_word' id='word_1_47' title='bbox 1478 1473 1508 1512; x_wconf 84' lang='lat' dir='ltr'>se</span> <span class='ocrx_word' id='word_1_48' title='bbox 1529 1457 1627 1512; x_wconf 69' lang='lat' dir='ltr'>consiti</span> 
     </span>
     <span class='ocr_line' id='line_1_7' title="bbox 767 1557 1255 1630; baseline -0.004 -13"><span class='ocrx_word' id='word_1_49' title='bbox 767 1557 881 1617; x_wconf 82' lang='lat' dir='ltr'>Gilioni</span> <span class='ocrx_word' id='word_1_50' title='bbox 901 1559 974 1616; x_wconf 85' lang='lat' dir='ltr'>dono</span> <span class='ocrx_word' id='word_1_51' title='bbox 996 1559 1111 1630; x_wconf 79' lang='lat' dir='ltr'><em>dedisse,</em></span> <span class='ocrx_word' id='word_1_52' title='bbox 1134 1560 1255 1616; x_wconf 67' lang='lat' dir='ltr'>nuntiat.</span> 
     </span>
    </p>
   </div>
   <div class='ocr_carea' id='block_1_6' title="bbox 371 1702 1641 3046">
    <p class='ocr_par' dir='ltr' id='par_1_6' title="bbox 371 1702 1641 3046">
     <span class='ocr_line' id='line_1_8' title="bbox 463 1702 1641 1778; baseline 0.002 -18"><span class='ocrx_word' id='word_1_53' title='bbox 463 1702 526 1760; x_wconf 90' lang='lat' dir='ltr'>Nos</span> <span class='ocrx_word' id='word_1_54' title='bbox 548 1703 696 1775; x_wconf 85' lang='lat' dir='ltr'>magister</span> <span class='ocrx_word' id='word_1_55' title='bbox 712 1703 833 1769; x_wconf 89' lang='lat' dir='ltr'>Paulus,</span> <span class='ocrx_word' id='word_1_56' title='bbox 856 1702 940 1760; x_wconf 90' lang='lat' dir='ltr'>filius</span> <span class='ocrx_word' id='word_1_57' title='bbox 956 1702 1104 1778; x_wconf 85' lang='lat' dir='ltr'>Stephani</span> <span class='ocrx_word' id='word_1_58' title='bbox 1123 1705 1199 1761; x_wconf 89' lang='lat' dir='ltr'>bani.</span> <span class='ocrx_word' id='word_1_59' title='bbox 1216 1703 1364 1760; x_wconf 85' lang='lat' dir='ltr'>ltlemorie</span> <span class='ocrx_word' id='word_1_60' title='bbox 1387 1703 1641 1762; x_wconf 89' lang='lat' dir='ltr'>commendantes</span> 
     </span>
     <span class='ocr_line' id='line_1_9' title="bbox 376 1807 1639 1884; baseline 0.002 -19"><span class='ocrx_word' id='word_1_61' title='bbox 376 1807 586 1880; x_wconf 84' lang='lat' dir='ltr'>significamus</span> <span class='ocrx_word' id='word_1_62' title='bbox 609 1809 768 1880; x_wconf 88' lang='lat' dir='ltr'>universis,</span> <span class='ocrx_word' id='word_1_63' title='bbox 793 1809 907 1882; x_wconf 92' lang='lat' dir='ltr'>quibus</span> <span class='ocrx_word' id='word_1_64' title='bbox 929 1809 1063 1882; x_wconf 87' lang='lat' dir='ltr'>expedit,</span> <span class='ocrx_word' id='word_1_65' title='bbox 1076 1809 1271 1884; x_wconf 89' lang='lat' dir='ltr'>presencium</span> <span class='ocrx_word' id='word_1_66' title='bbox 1295 1823 1351 1882; x_wconf 92' lang='lat' dir='ltr'>per</span> <span class='ocrx_word' id='word_1_67' title='bbox 1375 1815 1522 1880; x_wconf 90' lang='lat' dir='ltr'>tenorem,</span> <span class='ocrx_word' id='word_1_68' title='bbox 1555 1810 1639 1884; x_wconf 93' lang='lat' dir='ltr'>quod</span> 
     </span>
     <span class='ocr_line' id='line_1_10' title="bbox 374 1911 1638 1988; baseline 0.002 -18"><span class='ocrx_word' id='word_1_69' title='bbox 374 1929 429 1970; x_wconf 90' lang='lat' dir='ltr'>uos</span> <span class='ocrx_word' id='word_1_70' title='bbox 452 1930 491 1970; x_wconf 86' lang='lat' dir='ltr'>ex</span> <span class='ocrx_word' id='word_1_71' title='bbox 513 1928 661 1971; x_wconf 88' lang='lat' dir='ltr'>consensu</span> <span class='ocrx_word' id='word_1_72' title='bbox 693 1911 825 1970; x_wconf 83' lang='lat' dir='ltr'><strong>fratrum</strong></span> <span class='ocrx_word' id='word_1_73' title='bbox 856 1919 885 1971; x_wconf 89' lang='lat' dir='ltr'>et</span> <span class='ocrx_word' id='word_1_74' title='bbox 915 1913 1054 1972; x_wconf 84' lang='lat' dir='ltr'>filiorum</span> <span class='ocrx_word' id='word_1_75' title='bbox 1083 1921 1261 1972; x_wconf 90' lang='lat' dir='ltr'>nostrorum</span> <span class='ocrx_word' id='word_1_76' title='bbox 1292 1915 1448 1988; x_wconf 88' lang='lat' dir='ltr'>palacium</span> <span class='ocrx_word' id='word_1_77' title='bbox 1486 1921 1638 1986; x_wconf 88' lang='lat' dir='ltr'>nostrum,</span> 
     </span>
     <span class='ocr_line' id='line_1_11' title="bbox 375 1997 1638 2094; baseline 0.002 -19"><span class='ocrx_word' id='word_1_78' title='bbox 375 2018 458 2090; x_wconf 91' lang='lat' dir='ltr'>quod</span> <span class='ocrx_word' id='word_1_79' title='bbox 482 2020 633 2077; x_wconf 88' lang='lat' dir='ltr'>habemus</span> <span class='ocrx_word' id='word_1_80' title='bbox 656 2019 687 2076; x_wconf 90' lang='lat' dir='ltr'>in</span> <span class='ocrx_word' id='word_1_81' title='bbox 710 2017 861 2092; x_wconf 84' lang='lat' dir='ltr'>Zagrabia</span> <span class='ocrx_word' id='word_1_82' title='bbox 877 2021 908 2078; x_wconf 93' lang='lat' dir='ltr'>in</span> <span class='ocrx_word' id='word_1_83' title='bbox 925 1997 1029 2078; x_wconf 80' lang='lat' dir='ltr'>monte</span> <span class='ocrx_word' id='word_1_84' title='bbox 1048 2020 1176 2090; x_wconf 90' lang='lat' dir='ltr'>Greech,</span> <span class='ocrx_word' id='word_1_85' title='bbox 1201 2036 1258 2094; x_wconf 92' lang='lat' dir='ltr'>pro</span> <span class='ocrx_word' id='word_1_86' title='bbox 1278 2021 1460 2078; x_wconf 91' lang='lat' dir='ltr'>concambio</span> <span class='ocrx_word' id='word_1_87' title='bbox 1483 2035 1501 2077; x_wconf 93' lang='lat' dir='ltr'>a</span> <span class='ocrx_word' id='word_1_88' title='bbox 1524 2022 1638 2078; x_wconf 86' lang='lat' dir='ltr'>comite</span> 
     </span>
     <span class='ocr_line' id='line_1_12' title="bbox 374 2123 1636 2200; baseline 0.002 -19"><span class='ocrx_word' id='word_1_89' title='bbox 374 2123 482 2182; x_wconf 91' lang='lat' dir='ltr'>Hodus</span> <span class='ocrx_word' id='word_1_90' title='bbox 504 2125 688 2196; x_wconf 88' lang='lat' dir='ltr'>revocando,</span> <span class='ocrx_word' id='word_1_91' title='bbox 720 2124 871 2196; x_wconf 89' lang='lat' dir='ltr'>dedimus,</span> <span class='ocrx_word' id='word_1_92' title='bbox 902 2127 1089 2184; x_wconf 90' lang='lat' dir='ltr'>contulimus</span> <span class='ocrx_word' id='word_1_93' title='bbox 1120 2133 1150 2184; x_wconf 93' lang='lat' dir='ltr'>et</span> <span class='ocrx_word' id='word_1_94' title='bbox 1179 2127 1394 2184; x_wconf 90' lang='lat' dir='ltr'>constituimus</span> <span class='ocrx_word' id='word_1_95' title='bbox 1422 2127 1525 2198; x_wconf 90' lang='lat' dir='ltr'>ipsum</span> <span class='ocrx_word' id='word_1_96' title='bbox 1549 2127 1636 2200; x_wconf 92' lang='lat' dir='ltr'>pala-</span> 
     </span>
     <span class='ocr_line' id='line_1_13' title="bbox 373 2230 1639 2304; baseline 0.002 -16"><span class='ocrx_word' id='word_1_97' title='bbox 373 2230 456 2288; x_wconf 92' lang='lat' dir='ltr'>cium</span> <span class='ocrx_word' id='word_1_98' title='bbox 478 2246 549 2288; x_wconf 88' lang='lat' dir='ltr'>cum</span> <span class='ocrx_word' id='word_1_99' title='bbox 572 2231 717 2288; x_wconf 91' lang='lat' dir='ltr'>omnibus</span> <span class='ocrx_word' id='word_1_100' title='bbox 740 2231 925 2289; x_wconf 83' lang='lat' dir='ltr'>utilitatibus</span> <span class='ocrx_word' id='word_1_101' title='bbox 948 2232 1063 2289; x_wconf 90' lang='lat' dir='ltr'>suiset</span> <span class='ocrx_word' id='word_1_102' title='bbox 1085 2233 1282 2304; x_wconf 89' lang='lat' dir='ltr'>pertinenciis</span> <span class='ocrx_word' id='word_1_103' title='bbox 1302 2232 1407 2290; x_wconf 90' lang='lat' dir='ltr'>comiti</span> <span class='ocrx_word' id='word_1_104' title='bbox 1439 2230 1554 2304; x_wconf 92' lang='lat' dir='ltr'>Gilion,</span> <span class='ocrx_word' id='word_1_105' title='bbox 1579 2234 1639 2292; x_wconf 83' lang='lat' dir='ltr'>civi</span> 
     </span>
     <span class='ocr_line' id='line_1_14' title="bbox 373 2335 1639 2411; baseline 0.002 -17"><span class='ocrx_word' id='word_1_106' title='bbox 373 2336 511 2394; x_wconf 90' lang='lat' dir='ltr'>eiusdem</span> <span class='ocrx_word' id='word_1_107' title='bbox 534 2335 637 2395; x_wconf 92' lang='lat' dir='ltr'>Grech</span> <span class='ocrx_word' id='word_1_108' title='bbox 660 2336 837 2411; x_wconf 89' lang='lat' dir='ltr'>supradicti,</span> <span class='ocrx_word' id='word_1_109' title='bbox 870 2338 933 2395; x_wconf 92' lang='lat' dir='ltr'>suis</span> <span class='ocrx_word' id='word_1_110' title='bbox 964 2337 1139 2408; x_wconf 86' lang='lat' dir='ltr'>heredibus,</span> <span class='ocrx_word' id='word_1_111' title='bbox 1172 2337 1385 2411; x_wconf 89' lang='lat' dir='ltr'>heredumque</span> <span class='ocrx_word' id='word_1_112' title='bbox 1409 2340 1639 2396; x_wconf 87' lang='lat' dir='ltr'>successoribus</span> 
     </span>
     <span class='ocr_line' id='line_1_15' title="bbox 372 2441 1640 2517; baseline 0 -17"><span class='ocrx_word' id='word_1_113' title='bbox 372 2443 619 2500; x_wconf 86' lang='lat' dir='ltr'>irrevocabiliter</span> <span class='ocrx_word' id='word_1_114' title='bbox 647 2449 798 2516; x_wconf 90' lang='lat' dir='ltr'>perpetuo</span> <span class='ocrx_word' id='word_1_115' title='bbox 828 2441 1059 2516; x_wconf 89' lang='lat' dir='ltr'>possidendum,</span> <span class='ocrx_word' id='word_1_116' title='bbox 1091 2448 1184 2517; x_wconf 91' lang='lat' dir='ltr'>prout</span> <span class='ocrx_word' id='word_1_117' title='bbox 1215 2445 1313 2502; x_wconf 92' lang='lat' dir='ltr'>eciam</span> <span class='ocrx_word' id='word_1_118' title='bbox 1343 2450 1432 2517; x_wconf 90' lang='lat' dir='ltr'>pater</span> <span class='ocrx_word' id='word_1_119' title='bbox 1458 2449 1562 2501; x_wconf 89' lang='lat' dir='ltr'>noster</span> <span class='ocrx_word' id='word_1_120' title='bbox 1588 2443 1640 2500; x_wconf 87' lang='lat' dir='ltr'>ka·</span> 
     </span>
     <span class='ocr_line' id='line_1_16' title="bbox 372 2547 1637 2624; baseline 0 -18"><span class='ocrx_word' id='word_1_121' title='bbox 372 2549 512 2606; x_wconf 77' lang='lat' dir='ltr'>sissimus</span> <span class='ocrx_word' id='word_1_122' title='bbox 535 2547 709 2623; x_wconf 88' lang='lat' dir='ltr'>Stephanus</span> <span class='ocrx_word' id='word_1_123' title='bbox 732 2549 839 2620; x_wconf 90' lang='lat' dir='ltr'>banus,</span> <span class='ocrx_word' id='word_1_124' title='bbox 869 2549 949 2606; x_wconf 88' lang='lat' dir='ltr'>bone</span> <span class='ocrx_word' id='word_1_125' title='bbox 978 2549 1136 2620; x_wconf 89' lang='lat' dir='ltr'>memorie,</span> <span class='ocrx_word' id='word_1_126' title='bbox 1167 2556 1408 2624; x_wconf 87' lang='lat' dir='ltr'>perpetuaverat</span> <span class='ocrx_word' id='word_1_127' title='bbox 1441 2550 1502 2622; x_wconf 88' lang='lat' dir='ltr'>ipsi</span> <span class='ocrx_word' id='word_1_128' title='bbox 1530 2549 1637 2607; x_wconf 91' lang='lat' dir='ltr'>comiti</span> 
     </span>
     <span class='ocr_line' id='line_1_17' title="bbox 372 2652 1637 2729; baseline 0.001 -17"><span class='ocrx_word' id='word_1_129' title='bbox 372 2653 477 2712; x_wconf 90' lang='lat' dir='ltr'>Gilion</span> <span class='ocrx_word' id='word_1_130' title='bbox 500 2653 660 2712; x_wconf 91' lang='lat' dir='ltr'>antedicto.</span> <span class='ocrx_word' id='word_1_131' title='bbox 687 2654 726 2713; x_wconf 90' lang='lat' dir='ltr'>Ut</span> <span class='ocrx_word' id='word_1_132' title='bbox 750 2661 853 2711; x_wconf 90' lang='lat' dir='ltr'>autem</span> <span class='ocrx_word' id='word_1_133' title='bbox 877 2654 934 2711; x_wconf 83' lang='lat' dir='ltr'>ista</span> <span class='ocrx_word' id='word_1_134' title='bbox 957 2652 1086 2712; x_wconf 89' lang='lat' dir='ltr'>donacio</span> <span class='ocrx_word' id='word_1_135' title='bbox 1117 2663 1222 2713; x_wconf 92' lang='lat' dir='ltr'>nostra</span> <span class='ocrx_word' id='word_1_136' title='bbox 1253 2663 1404 2729; x_wconf 90' lang='lat' dir='ltr'>perpetuo</span> <span class='ocrx_word' id='word_1_137' title='bbox 1436 2661 1542 2729; x_wconf 89' lang='lat' dir='ltr'>posset</span> <span class='ocrx_word' id='word_1_138' title='bbox 1565 2671 1637 2729; x_wconf 91' lang='lat' dir='ltr'>per-</span> 
     </span>
     <span class='ocr_line' id='line_1_18' title="bbox 372 2760 1638 2834; baseline 0.001 -16"><span class='ocrx_word' id='word_1_139' title='bbox 372 2761 492 2832; x_wconf 91' lang='lat' dir='ltr'>durare,</span> <span class='ocrx_word' id='word_1_140' title='bbox 517 2761 635 2818; x_wconf 85' lang='lat' dir='ltr'>litteras</span> <span class='ocrx_word' id='word_1_141' title='bbox 657 2767 778 2818; x_wconf 86' lang='lat' dir='ltr'>nostras</span> <span class='ocrx_word' id='word_1_142' title='bbox 802 2760 903 2818; x_wconf 91' lang='lat' dir='ltr'>eidem</span> <span class='ocrx_word' id='word_1_143' title='bbox 923 2761 1130 2818; x_wconf 89' lang='lat' dir='ltr'>concessimus</span> <span class='ocrx_word' id='word_1_144' title='bbox 1154 2762 1251 2834; x_wconf 84' lang='lat' dir='ltr'>sigilli</span> <span class='ocrx_word' id='word_1_145' title='bbox 1273 2763 1371 2820; x_wconf 92' lang='lat' dir='ltr'>nostri</span> <span class='ocrx_word' id='word_1_146' title='bbox 1395 2762 1566 2820; x_wconf 89' lang='lat' dir='ltr'>munimine</span> <span class='ocrx_word' id='word_1_147' title='bbox 1590 2777 1638 2819; x_wconf 83' lang='lat' dir='ltr'>ro</span> 
     </span>
     <span class='ocr_line' id='line_1_19' title="bbox 371 2866 1638 2938; baseline 0.001 -13"><span class='ocrx_word' id='word_1_148' title='bbox 371 2869 503 2925; x_wconf 78' lang='lat' dir='ltr'>boratas</span> <span class='ocrx_word' id='word_1_149' title='bbox 526 2867 643 2924; x_wconf 90' lang='lat' dir='ltr'>Datum</span> <span class='ocrx_word' id='word_1_150' title='bbox 674 2873 704 2924; x_wconf 90' lang='lat' dir='ltr'>et</span> <span class='ocrx_word' id='word_1_151' title='bbox 734 2875 837 2924; x_wconf 92' lang='lat' dir='ltr'>actum</span> <span class='ocrx_word' id='word_1_152' title='bbox 867 2867 898 2924; x_wconf 92' lang='lat' dir='ltr'>in</span> <span class='ocrx_word' id='word_1_153' title='bbox 929 2866 1080 2938; x_wconf 88' lang='lat' dir='ltr'>Maulcha,</span> <span class='ocrx_word' id='word_1_154' title='bbox 1102 2869 1133 2925; x_wconf 93' lang='lat' dir='ltr'>in</span> <span class='ocrx_word' id='word_1_155' title='bbox 1165 2868 1281 2925; x_wconf 86' lang='lat' dir='ltr'>octavis</span> <span class='ocrx_word' id='word_1_156' title='bbox 1311 2867 1517 2926; x_wconf 89' lang='lat' dir='ltr'>Pentecosten.</span> <span class='ocrx_word' id='word_1_157' title='bbox 1548 2869 1638 2926; x_wconf 80' lang='lat' dir='ltr'>Anno</span> 
     </span>
     <span class='ocr_line' id='line_1_20' title="bbox 372 2971 954 3046; baseline -0.003 -16"><span class='ocrx_word' id='word_1_158' title='bbox 372 2972 491 3034; x_wconf 88' lang='lat' dir='ltr'>domiui</span> <span class='ocrx_word' id='word_1_159' title='bbox 514 2971 597 3030; x_wconf 88' lang='lat' dir='ltr'>MCC</span> <span class='ocrx_word' id='word_1_160' title='bbox 621 2973 820 3046; x_wconf 85' lang='lat' dir='ltr'>nonagesimo</span> <span class='ocrx_word' id='word_1_161' title='bbox 845 2972 954 3045; x_wconf 91' lang='lat' dir='ltr'>primo.</span> 
     </span>
    </p>
   </div>
   <div class='ocr_carea' id='block_1_7' title="bbox 459 3088 1312 3154">
    <p class='ocr_par' dir='ltr' id='par_1_7' title="bbox 459 3088 1312 3154">
     <span class='ocr_line' id='line_1_21' title="bbox 459 3088 1312 3154; baseline -0.002 -14"><span class='ocrx_word' id='word_1_162' title='bbox 459 3090 481 3139; x_wconf 89' lang='lat' dir='ltr'>E</span> <span class='ocrx_word' id='word_1_163' title='bbox 500 3095 665 3154; x_wconf 87' lang='lat' dir='ltr'>transumpto</span> <span class='ocrx_word' id='word_1_164' title='bbox 684 3089 854 3154; x_wconf 85' lang='lat' dir='ltr'>magistratus</span> <span class='ocrx_word' id='word_1_165' title='bbox 873 3088 945 3139; x_wconf 82' lang='lat' dir='ltr'>civit</span> <span class='ocrx_word' id='word_1_166' title='bbox 965 3088 1129 3147; x_wconf 89' lang='lat' dir='ltr'>Grechensis,</span> <span class='ocrx_word' id='word_1_167' title='bbox 1149 3105 1216 3140; x_wconf 89' lang='lat' dir='ltr'>anno</span> <span class='ocrx_word' id='word_1_168' title='bbox 1239 3099 1312 3152; x_wconf 85' lang='lat'>1291.</span> 
     </span>
    </p>
   </div>
   <div class='ocr_carea' id='block_1_8' title="bbox 970 3299 1031 3368">
    <p class='ocr_par' dir='ltr' id='par_1_8' title="bbox 970 3299 1031 3368">
     <span class='ocr_line' id='line_1_22' title="bbox 970 3299 1031 3368; baseline -0.082 0"><span class='ocrx_word' id='word_1_169' title='bbox 970 3299 1031 3368; x_wconf 78' lang='lat'>78.</span> 
     </span>
    </p>
   </div>
   <div class='ocr_carea' id='block_1_9' title="bbox 479 3441 994 3508">
    <p class='ocr_par' dir='ltr' id='par_1_9' title="bbox 479 3441 994 3508">
     <span class='ocr_line' id='line_1_23' title="bbox 479 3441 994 3508; baseline -0.012 -13"><span class='ocrx_word' id='word_1_170' title='bbox 479 3448 554 3495; x_wconf 80' lang='lat' dir='ltr'>Anno</span> <span class='ocrx_word' id='word_1_171' title='bbox 576 3454 650 3506; x_wconf 82' lang='lat'>1291,</span> <span class='ocrx_word' id='word_1_172' title='bbox 670 3445 692 3494; x_wconf 90' lang='lat'>8.</span> <span class='ocrx_word' id='word_1_173' title='bbox 712 3443 787 3508; x_wconf 90' lang='lat' dir='ltr'>Julii,</span> <span class='ocrx_word' id='word_1_174' title='bbox 807 3441 833 3492; x_wconf 85' lang='lat' dir='ltr'>in</span> <span class='ocrx_word' id='word_1_175' title='bbox 853 3441 994 3491; x_wconf 86' lang='lat' dir='ltr'>Kamarun.</span> 
     </span>
    </p>
   </div>
   <div class='ocr_carea' id='block_1_10' title="bbox 370 3567 1634 3750">
    <p class='ocr_par' dir='ltr' id='par_1_10' title="bbox 370 3567 1634 3750">
     <span class='ocr_line' id='line_1_24' title="bbox 370 3567 1634 3644; baseline -0.005 -14"><span class='ocrx_word' id='word_1_176' title='bbox 370 3573 503 3630; x_wconf 78' lang='lat' dir='ltr'>Andreas</span> <span class='ocrx_word' id='word_1_177' title='bbox 528 3573 587 3629; x_wconf 89' lang='lat' dir='ltr'><em>III.</em></span> <span class='ocrx_word' id='word_1_178' title='bbox 611 3571 786 3644; x_wconf 82' lang='lat' dir='ltr'>Hungariae</span> <span class='ocrx_word' id='word_1_179' title='bbox 801 3577 848 3627; x_wconf 78' lang='lat' dir='ltr'>etc.</span> <span class='ocrx_word' id='word_1_180' title='bbox 872 3588 926 3625; x_wconf 83' lang='lat' dir='ltr'>rex</span> <span class='ocrx_word' id='word_1_181' title='bbox 948 3568 1097 3626; x_wconf 82' lang='lat' dir='ltr'>donationi</span> <span class='ocrx_word' id='word_1_182' title='bbox 1106 3570 1220 3642; x_wconf 80' lang='lat' dir='ltr'>palatii</span> <span class='ocrx_word' id='word_1_183' title='bbox 1241 3570 1270 3625; x_wconf 83' lang='lat' dir='ltr'>in</span> <span class='ocrx_word' id='word_1_184' title='bbox 1291 3576 1382 3626; x_wconf 77' lang='lat' dir='ltr'>monle</span> <span class='ocrx_word' id='word_1_185' title='bbox 1403 3567 1501 3627; x_wconf 77' lang='lat' dir='ltr'>Grecli</span> <span class='ocrx_word' id='word_1_186' title='bbox 1524 3571 1634 3644; x_wconf 75' lang='lat' dir='ltr'>sitiper</span> 
     </span>
     <span class='ocr_line' id='line_1_25' title="bbox 562 3673 1434 3750; baseline -0.005 -16"><span class='ocrx_word' id='word_1_187' title='bbox 562 3679 729 3750; x_wconf 83' lang='lat' dir='ltr'>magistrum</span> <span class='ocrx_word' id='word_1_188' title='bbox 752 3676 890 3744; x_wconf 86' lang='lat' dir='ltr'>Paulum,</span> <span class='ocrx_word' id='word_1_189' title='bbox 919 3673 1033 3732; x_wconf 82' lang='lat' dir='ltr'>Gilioni</span> <span class='ocrx_word' id='word_1_190' title='bbox 1052 3677 1144 3732; x_wconf 72' lang='lat' dir='ltr'>contin</span> <span class='ocrx_word' id='word_1_191' title='bbox 1159 3675 1270 3749; x_wconf 79' lang='lat' dir='ltr'>sactae,</span> <span class='ocrx_word' id='word_1_192' title='bbox 1293 3676 1434 3731; x_wconf 79' lang='lat' dir='ltr'>consentit.</span> 
     </span>
    </p>
   </div>
   <div class='ocr_carea' id='block_1_11' title="bbox 364 3819 1637 5062">
    <p class='ocr_par' dir='ltr' id='par_1_11' title="bbox 364 3819 1637 5062">
     <span class='ocr_line' id='line_1_26' title="bbox 459 3819 1634 3895; baseline -0.004 -12"><span class='ocrx_word' id='word_1_193' title='bbox 459 3826 522 3883; x_wconf 88' lang='lat' dir='ltr'>Nos</span> <span class='ocrx_word' id='word_1_194' title='bbox 546 3824 685 3882; x_wconf 83' lang='lat' dir='ltr'>Andreas</span> <span class='ocrx_word' id='word_1_195' title='bbox 709 3823 757 3880; x_wconf 85' lang='lat' dir='ltr'>tlei</span> <span class='ocrx_word' id='word_1_196' title='bbox 789 3823 891 3895; x_wconf 85' lang='lat' dir='ltr'>gracia</span> <span class='ocrx_word' id='word_1_197' title='bbox 918 3837 972 3878; x_wconf 89' lang='lat' dir='ltr'>rex</span> <span class='ocrx_word' id='word_1_198' title='bbox 1005 3821 1169 3893; x_wconf 87' lang='lat' dir='ltr'>Hungarie.</span> <span class='ocrx_word' id='word_1_199' title='bbox 1202 3821 1348 3878; x_wconf 89' lang='lat' dir='ltr'>llemorie</span> <span class='ocrx_word' id='word_1_200' title='bbox 1380 3819 1634 3878; x_wconf 88' lang='lat' dir='ltr'>commendantes</span> 
     </span>
     <span class='ocr_line' id='line_1_27' title="bbox 371 3925 1635 4004; baseline -0.005 -14"><span class='ocrx_word' id='word_1_201' title='bbox 371 3931 589 4004; x_wconf 81' lang='lat' dir='ltr'>significamus,</span> <span class='ocrx_word' id='word_1_202' title='bbox 620 3929 734 4002; x_wconf 92' lang='lat' dir='ltr'>quibus</span> <span class='ocrx_word' id='word_1_203' title='bbox 765 3927 898 4001; x_wconf 85' lang='lat' dir='ltr'>expedit,</span> <span class='ocrx_word' id='word_1_204' title='bbox 918 3927 1078 3996; x_wconf 88' lang='lat' dir='ltr'>universis,</span> <span class='ocrx_word' id='word_1_205' title='bbox 1110 3926 1192 3999; x_wconf 89' lang='lat' dir='ltr'>quod</span> <span class='ocrx_word' id='word_1_206' title='bbox 1227 3927 1373 3998; x_wconf 83' lang='lat' dir='ltr'>magister</span> <span class='ocrx_word' id='word_1_207' title='bbox 1403 3925 1526 3994; x_wconf 88' lang='lat' dir='ltr'>Paulus,</span> <span class='ocrx_word' id='word_1_208' title='bbox 1551 3925 1635 3984; x_wconf 87' lang='lat' dir='ltr'>filius</span> 
     </span>
     <span class='ocr_line' id='line_1_28' title="bbox 370 4031 1636 4111; baseline -0.004 -16"><span class='ocrx_word' id='word_1_209' title='bbox 370 4036 517 4111; x_wconf 90' lang='lat' dir='ltr'>Stephani</span> <span class='ocrx_word' id='word_1_210' title='bbox 541 4036 622 4106; x_wconf 91' lang='lat' dir='ltr'>bani,</span> <span class='ocrx_word' id='word_1_211' title='bbox 645 4036 751 4092; x_wconf 89' lang='lat' dir='ltr'>retulit</span> <span class='ocrx_word' id='word_1_212' title='bbox 783 4036 855 4092; x_wconf 87' lang='lat' dir='ltr'>viva</span> <span class='ocrx_word' id='word_1_213' title='bbox 886 4048 970 4097; x_wconf 80' lang='lat' dir='ltr'>voce.</span> <span class='ocrx_word' id='word_1_214' title='bbox 1002 4032 1085 4105; x_wconf 85' lang='lat' dir='ltr'>quod</span> <span class='ocrx_word' id='word_1_215' title='bbox 1117 4033 1272 4106; x_wconf 90' lang='lat' dir='ltr'>palacium</span> <span class='ocrx_word' id='word_1_216' title='bbox 1302 4031 1461 4104; x_wconf 87' lang='lat' dir='ltr'>quoddam</span> <span class='ocrx_word' id='word_1_217' title='bbox 1486 4031 1636 4106; x_wconf 89' lang='lat' dir='ltr'>Stephani</span> 
     </span>
     <span class='ocr_line' id='line_1_29' title="bbox 369 4138 1637 4216; baseline -0.003 -16"><span class='ocrx_word' id='word_1_218' title='bbox 369 4143 450 4202; x_wconf 88' lang='lat' dir='ltr'>bani.</span> <span class='ocrx_word' id='word_1_219' title='bbox 473 4143 570 4216; x_wconf 86' lang='lat' dir='ltr'>patris</span> <span class='ocrx_word' id='word_1_220' title='bbox 594 4141 641 4198; x_wconf 89' lang='lat' dir='ltr'>sui</span> <span class='ocrx_word' id='word_1_221' title='bbox 672 4141 803 4198; x_wconf 88' lang='lat' dir='ltr'>existens</span> <span class='ocrx_word' id='word_1_222' title='bbox 835 4139 1003 4212; x_wconf 83' lang='lat' dir='ltr'>Zagrabiae</span> <span class='ocrx_word' id='word_1_223' title='bbox 1034 4141 1064 4196; x_wconf 92' lang='lat' dir='ltr'>in</span> <span class='ocrx_word' id='word_1_224' title='bbox 1096 4148 1200 4196; x_wconf 88' lang='lat' dir='ltr'>monte</span> <span class='ocrx_word' id='word_1_225' title='bbox 1231 4138 1385 4208; x_wconf 90' lang='lat' dir='ltr'>Grecensi,</span> <span class='ocrx_word' id='word_1_226' title='bbox 1417 4138 1502 4210; x_wconf 92' lang='lat' dir='ltr'>quod</span> <span class='ocrx_word' id='word_1_227' title='bbox 1530 4139 1637 4196; x_wconf 90' lang='lat' dir='ltr'>comiti</span> 
     </span>
     <span class='ocr_line' id='line_1_30' title="bbox 368 4244 1635 4321; baseline -0.003 -15"><span class='ocrx_word' id='word_1_228' title='bbox 368 4249 485 4318; x_wconf 74' lang='lat' dir='ltr'>HoduS,</span> <span class='ocrx_word' id='word_1_229' title='bbox 508 4254 638 4320; x_wconf 86' lang='lat' dir='ltr'>cognato</span> <span class='ocrx_word' id='word_1_230' title='bbox 662 4263 725 4318; x_wconf 88' lang='lat' dir='ltr'>su0‚</span> <span class='ocrx_word' id='word_1_231' title='bbox 750 4253 901 4321; x_wconf 90' lang='lat' dir='ltr'>perpetuo</span> <span class='ocrx_word' id='word_1_232' title='bbox 925 4247 1104 4316; x_wconf 87' lang='lat' dir='ltr'>contulerat,</span> <span class='ocrx_word' id='word_1_233' title='bbox 1128 4246 1168 4302; x_wconf 90' lang='lat' dir='ltr'>ab</span> <span class='ocrx_word' id='word_1_234' title='bbox 1192 4244 1301 4302; x_wconf 89' lang='lat' dir='ltr'>eodem</span> <span class='ocrx_word' id='word_1_235' title='bbox 1319 4244 1431 4301; x_wconf 90' lang='lat' dir='ltr'>comite</span> <span class='ocrx_word' id='word_1_236' title='bbox 1448 4244 1558 4302; x_wconf 91' lang='lat' dir='ltr'>Hodus</span> <span class='ocrx_word' id='word_1_237' title='bbox 1576 4260 1635 4317; x_wconf 91' lang='lat' dir='ltr'>pro</span> 
     </span>
     <span class='ocr_line' id='line_1_31' title="bbox 368 4349 1635 4426; baseline -0.003 -14"><span class='ocrx_word' id='word_1_238' title='bbox 368 4355 549 4412; x_wconf 88' lang='lat' dir='ltr'>concambio</span> <span class='ocrx_word' id='word_1_239' title='bbox 572 4353 778 4426; x_wconf 79' lang='lat' dir='ltr'>quarumdam</span> <span class='ocrx_word' id='word_1_240' title='bbox 812 4354 1039 4425; x_wconf 88' lang='lat' dir='ltr'>possessionum</span> <span class='ocrx_word' id='word_1_241' title='bbox 1071 4367 1206 4422; x_wconf 85' lang='lat' dir='ltr'>suarum,</span> <span class='ocrx_word' id='word_1_242' title='bbox 1239 4350 1398 4407; x_wconf 90' lang='lat' dir='ltr'>videlicet:</span> <span class='ocrx_word' id='word_1_243' title='bbox 1431 4349 1581 4419; x_wconf 89' lang='lat' dir='ltr'>Polkuna‚</span> <span class='ocrx_word' id='word_1_244' title='bbox 1606 4351 1635 4408; x_wconf 93' lang='lat' dir='ltr'>in</span> 
     </span>
     <span class='ocr_line' id='line_1_32' title="bbox 368 4457 1636 4530; baseline -0.002 -12"><span class='ocrx_word' id='word_1_245' title='bbox 368 4463 514 4518; x_wconf 89' lang='lat' dir='ltr'>comitatu</span> <span class='ocrx_word' id='word_1_246' title='bbox 539 4460 577 4516; x_wconf 89' lang='lat' dir='ltr'>de</span> <span class='ocrx_word' id='word_1_247' title='bbox 601 4458 966 4530; x_wconf 78' lang='lat' dir='ltr'>Borsad,tte1n:ssuken,</span> <span class='ocrx_word' id='word_1_248' title='bbox 990 4459 1082 4529; x_wconf 88' lang='lat' dir='ltr'>Myxe</span> <span class='ocrx_word' id='word_1_249' title='bbox 1105 4464 1134 4514; x_wconf 89' lang='lat' dir='ltr'>et</span> <span class='ocrx_word' id='word_1_250' title='bbox 1158 4457 1275 4529; x_wconf 83' lang='lat' dir='ltr'>Gyurlr‚</span> <span class='ocrx_word' id='word_1_251' title='bbox 1300 4458 1329 4514; x_wconf 91' lang='lat' dir='ltr'>iu</span> <span class='ocrx_word' id='word_1_252' title='bbox 1353 4457 1501 4514; x_wconf 90' lang='lat' dir='ltr'>comitatu</span> <span class='ocrx_word' id='word_1_253' title='bbox 1525 4457 1562 4514; x_wconf 87' lang='lat' dir='ltr'>de</span> <span class='ocrx_word' id='word_1_254' title='bbox 1581 4457 1636 4515; x_wconf 90' lang='lat' dir='ltr'>Zo-</span> 
     </span>
     <span class='ocr_line' id='line_1_33' title="bbox 368 4563 1635 4637; baseline -0.003 -13"><span class='ocrx_word' id='word_1_255' title='bbox 368 4567 471 4636; x_wconf 89' lang='lat' dir='ltr'>bolch‚</span> <span class='ocrx_word' id='word_1_256' title='bbox 495 4566 705 4634; x_wconf 76' lang='lat' dir='ltr'>existendum,</span> <span class='ocrx_word' id='word_1_257' title='bbox 729 4566 922 4622; x_wconf 90' lang='lat' dir='ltr'>rehabuisset</span> <span class='ocrx_word' id='word_1_258' title='bbox 945 4571 975 4620; x_wconf 88' lang='lat' dir='ltr'>et</span> <span class='ocrx_word' id='word_1_259' title='bbox 998 4564 1171 4637; x_wconf 89' lang='lat' dir='ltr'>recepisset,</span> <span class='ocrx_word' id='word_1_260' title='bbox 1203 4569 1233 4619; x_wconf 91' lang='lat' dir='ltr'>et</span> <span class='ocrx_word' id='word_1_261' title='bbox 1264 4564 1366 4636; x_wconf 89' lang='lat' dir='ltr'>ipsum</span> <span class='ocrx_word' id='word_1_262' title='bbox 1394 4563 1552 4635; x_wconf 89' lang='lat' dir='ltr'>palacium</span> <span class='ocrx_word' id='word_1_263' title='bbox 1578 4579 1635 4637; x_wconf 89' lang='lat' dir='ltr'>per</span> 
     </span>
     <span class='ocr_line' id='line_1_34' title="bbox 366 4667 1634 4738; baseline -0.003 -7"><span class='ocrx_word' id='word_1_264' title='bbox 366 4673 496 4731; x_wconf 92' lang='lat' dir='ltr'>modum</span> <span class='ocrx_word' id='word_1_265' title='bbox 519 4670 692 4728; x_wconf 90' lang='lat' dir='ltr'>concambii</span> <span class='ocrx_word' id='word_1_266' title='bbox 724 4671 753 4727; x_wconf 92' lang='lat' dir='ltr'>in</span> <span class='ocrx_word' id='word_1_267' title='bbox 785 4686 875 4726; x_wconf 92' lang='lat' dir='ltr'>suum</span> <span class='ocrx_word' id='word_1_268' title='bbox 899 4671 946 4726; x_wconf 94' lang='lat' dir='ltr'>ius</span> <span class='ocrx_word' id='word_1_269' title='bbox 974 4671 1082 4726; x_wconf 88' lang='lat' dir='ltr'>iterato</span> <span class='ocrx_word' id='word_1_270' title='bbox 1113 4669 1305 4738; x_wconf 85' lang='lat' dir='ltr'>devolutum,</span> <span class='ocrx_word' id='word_1_271' title='bbox 1330 4667 1446 4725; x_wconf 89' lang='lat' dir='ltr'>Gilioni</span> <span class='ocrx_word' id='word_1_272' title='bbox 1471 4669 1532 4726; x_wconf 91' lang='lat' dir='ltr'>civi</span> <span class='ocrx_word' id='word_1_273' title='bbox 1556 4667 1634 4727; x_wconf 89' lang='lat' dir='ltr'>Gre-</span> 
     </span>
     <span class='ocr_line' id='line_1_35' title="bbox 367 4774 1634 4850; baseline -0.002 -15"><span class='ocrx_word' id='word_1_274' title='bbox 367 4779 457 4848; x_wconf 88' lang='lat' dir='ltr'>censi,</span> <span class='ocrx_word' id='word_1_275' title='bbox 481 4777 625 4834; x_wconf 88' lang='lat' dir='ltr'>similiter</span> <span class='ocrx_word' id='word_1_276' title='bbox 649 4777 851 4850; x_wconf 90' lang='lat' dir='ltr'>personaliter</span> <span class='ocrx_word' id='word_1_277' title='bbox 874 4777 993 4839; x_wconf 82' lang='lat' dir='ltr'>astanti,</span> <span class='ocrx_word' id='word_1_278' title='bbox 1018 4776 1059 4832; x_wconf 94' lang='lat' dir='ltr'>ob</span> <span class='ocrx_word' id='word_1_279' title='bbox 1079 4776 1189 4831; x_wconf 88' lang='lat' dir='ltr'>merita</span> <span class='ocrx_word' id='word_1_280' title='bbox 1220 4774 1422 4831; x_wconf 89' lang='lat' dir='ltr'>serviciorum</span> <span class='ocrx_word' id='word_1_281' title='bbox 1451 4790 1580 4832; x_wconf 91' lang='lat' dir='ltr'>suorum</span> <span class='ocrx_word' id='word_1_282' title='bbox 1605 4782 1634 4832; x_wconf 88' lang='lat' dir='ltr'>et</span> 
     </span>
     <span class='ocr_line' id='line_1_36' title="bbox 365 4877 1634 4957; baseline -0.002 -17"><span class='ocrx_word' id='word_1_283' title='bbox 365 4883 686 4957; x_wconf 86' lang='lat' dir='ltr'>recompensacionem</span> <span class='ocrx_word' id='word_1_284' title='bbox 709 4897 814 4939; x_wconf 90' lang='lat' dir='ltr'>rerum</span> <span class='ocrx_word' id='word_1_285' title='bbox 837 4897 964 4939; x_wconf 92' lang='lat' dir='ltr'>suarum</span> <span class='ocrx_word' id='word_1_286' title='bbox 987 4881 1046 4938; x_wconf 87' lang='lat' dir='ltr'>sibi</span> <span class='ocrx_word' id='word_1_287' title='bbox 1070 4887 1098 4937; x_wconf 90' lang='lat' dir='ltr'>et</span> <span class='ocrx_word' id='word_1_288' title='bbox 1122 4878 1279 4953; x_wconf 89' lang='lat' dir='ltr'>Stephano</span> <span class='ocrx_word' id='word_1_289' title='bbox 1303 4879 1391 4948; x_wconf 92' lang='lat' dir='ltr'>bano,</span> <span class='ocrx_word' id='word_1_290' title='bbox 1414 4877 1504 4936; x_wconf 80' lang='lat' dir='ltr'>tratri</span> <span class='ocrx_word' id='word_1_291' title='bbox 1521 4895 1586 4942; x_wconf 82' lang='lat' dir='ltr'>suo.</span> <span class='ocrx_word' id='word_1_292' title='bbox 1603 4881 1634 4938; x_wconf 93' lang='lat' dir='ltr'>in</span> 
     </span>
     <span class='ocr_line' id='line_1_37' title="bbox 364 4984 1632 5062; baseline -0.004 -14"><span class='ocrx_word' id='word_1_293' title='bbox 364 4991 543 5048; x_wconf 90' lang='lat' dir='ltr'>necessitate</span> <span class='ocrx_word' id='word_1_294' title='bbox 566 5003 675 5046; x_wconf 89' lang='lat' dir='ltr'>eorum</span> <span class='ocrx_word' id='word_1_295' title='bbox 699 5003 754 5062; x_wconf 90' lang='lat' dir='ltr'>per</span> <span class='ocrx_word' id='word_1_296' title='bbox 777 4989 881 5061; x_wconf 88' lang='lat' dir='ltr'>ipsum</span> <span class='ocrx_word' id='word_1_297' title='bbox 904 4986 1071 5059; x_wconf 90' lang='lat' dir='ltr'>Gylionem</span> <span class='ocrx_word' id='word_1_298' title='bbox 1094 4984 1237 5043; x_wconf 91' lang='lat' dir='ltr'>datarum</span> <span class='ocrx_word' id='word_1_299' title='bbox 1254 4989 1284 5042; x_wconf 89' lang='lat' dir='ltr'>et</span> <span class='ocrx_word' id='word_1_300' title='bbox 1302 4999 1510 5058; x_wconf 86' lang='lat' dir='ltr'>expensarum</span> <span class='ocrx_word' id='word_1_301' title='bbox 1537 4985 1632 5058; x_wconf 89' lang='lat' dir='ltr'>dedit,</span> 
     </span>
    </p>
   </div>
   <div class='ocr_carea' id='block_1_12' title="bbox 0 0 1804 5804">
    <p class='ocr_par' dir='ltr' id='par_1_12' title="bbox 0 0 1804 5804">
     <span class='ocr_line' id='line_1_38' title="bbox 0 0 1804 5804; baseline 0 3"><span class='ocrx_word' id='word_1_302' title='bbox 0 0 1804 5804; x_wconf 95' lang='lat' dir='ltr'> </span> 
     </span>
    </p>
   </div>
  </div>
 </body>
</html>
