3824 5806
360 500 423 561 394
777 486 851 545 Doc.
873 500 947 564 409.
974 521 1010 530 -
1036 483 1209 566 Aa1398.

448 679 561 738 Civitas,
581 695 639 729 cum
657 680 778 746 sigillum
798 681 823 732 vi
844 687 964 747 ereptum
983 688 1050 733 esset
1075 689 1101 732 et
1127 698 1259 747 nunqnam
1279 683 1421 744 redditum,
1441 685 1512 735 idem
1530 669 1629 747 novum

360 766 455 816 excudi
479 767 596 826 curavit;
624 769 669 816 sed
696 775 771 818 antea
792 769 843 818 iam
869 776 895 819 et
917 770 1025 834 quidem
1052 786 1119 821 auno
1149 772 1221 832 1384
1242 771 1428 824 immutaverat
1451 772 1565 824 formam
1583 790 1628 824 an-

361 853 429 917 tiqui
448 853 533 919 sigilli
553 861 664 920 propter
689 855 818 914 falsarios,
845 857 891 921 qui
917 860 951 908 ad
976 857 1083 908 fraudes
1108 873 1158 924 ope
1182 858 1335 924 sigillorum
1361 861 1561 912 committendas
1582 870 1628 912 aut

361 955 429 990 nova
448 942 599 992 adulterina
611 943 780 1001 adhibebant,
799 950 845 994 aut
857 945 971 1011 genuina
985 946 1148 996 documentis
1162 946 1280 998 indubiis
1294 949 1470 1014 decerpebant
1484 951 1628 1014 eademque

362 1029 460 1080 litteris
478 1030 577 1095 spuriis
601 1039 627 1082 et
650 1033 836 1084 commentitiis
859 1033 1036 1100 applicabant.
1063 1035 1151 1086 Huius
1177 1036 1274 1087 abusus
1298 1037 1396 1088 mentio
1421 1035 1450 1086 fit
1475 1037 1502 1087 in
1530 1037 1629 1088 tabulis

363 1117 511 1168 iudiciariis
531 1119 571 1169 his
591 1120 694 1170 verbis:

453 1211 544 1268 „Anno
569 1209 671 1260 domini
695 1210 1138 1276 MCCCLXXXllI.1tem,quod
1163 1213 1227 1276 quia
1246 1213 1316 1263 circa
1335 1215 1447 1264 Paulum
1469 1213 1624 1272 litteratum,

363 1298 447 1348 filium
474 1297 624 1355 Clementis,
649 1298 702 1348 tria
726 1297 792 1349 salsa
811 1299 901 1365 sigilla
921 1299 1067 1350 invenimus
1086 1306 1112 1350 et
1131 1317 1191 1351 cum
1211 1301 1276 1366 ipsis
1294 1301 1393 1367 sigillis
1412 1304 1507 1352 multas
1527 1303 1626 1353 salsita-

364 1396 402 1438 tes
427 1388 497 1436 idem
519 1387 611 1437 iecisse
637 1395 676 1438 cst
698 1395 826 1453 repertus,
852 1389 911 1439 ideo
937 1389 1024 1454 ipsum
1049 1391 1161 1440 cremari
1180 1390 1290 1440 fecimus
1309 1397 1335 1440 et
1353 1391 1474 1441 comburi
1493 1407 1525 1440 ne
1542 1392 1576 1440 ab
1597 1407 1629 1441 eo

365 1475 451 1526 forent
468 1476 636 1541 exemplati.“

453 1563 499 1623 „ln
525 1565 629 1614 nomine
648 1565 755 1615 domini.
775 1568 865 1616 Amen.
886 1567 965 1616 Feria
983 1567 1076 1630 quinta
1095 1567 1218 1632 proxima
1237 1575 1296 1617 ante
1316 1567 1411 1617 festum
1430 1567 1629 1632 purificacionis

364 1652 439 1701 beate
469 1653 589 1719 virginis,
609 1669 677 1704 anuo
702 1655 804 1704 domini
822 1655 1031 1705 MCCCLXXX
1050 1663 1154 1720 quarto.
1175 1657 1230 1706 Nos
1249 1656 1386 1714 hliklinus,
1405 1655 1476 1705 filius
1494 1655 1628 1722 Johannis,

364 1740 453 1798 iudex,
468 1741 556 1800 iurati,
575 1741 721 1792 consiliarii
741 1753 766 1792 et
787 1743 903 1794 universi
922 1743 993 1794 cives
1013 1744 1109 1794 montis
1132 1744 1296 1794 Grechensis.
1317 1743 1488 1794 Notificamus
1507 1743 1630 1794 omnibus

364 1835 512 1893 presentem
538 1830 674 1880 kateruam
702 1831 866 1896 inspecturis,
891 1832 1018 1896 quoniam
1037 1833 1143 1886 malicia
1161 1833 1276 1882 maxime
1294 1833 1468 1898 gubernabat,
1487 1839 1513 1882 et
1531 1849 1562 1882 nc
1581 1848 1630 1898 per

366 1917 451 1982 ipsius
470 1919 574 1968 malicie
592 1919 816 1985 gubernacionem
836 1920 863 1970 in
882 1921 1083 1972 conservacione
1104 1921 1202 1970 iurium
1220 1921 1488 1986 possessionariorum
1502 1921 1529 1971 in
1541 1928 1631 1971 nostra

365 2007 472 2058 civitate
491 2014 517 2058 et
536 2008 592 2058 eius
612 2009 749 2060 territorio
768 2009 941 2060 existencium
954 2009 1064 2074 aliquod
1077 2011 1176 2076 nephas
1194 2025 1240 2060 seu
1253 2011 1405 2060 scandalum
1422 2009 1556 2076 gignetur,
1575 2017 1631 2060 turn

366 2097 449 2147 eciam
467 2113 517 2163 pro
539 2098 635 2148 tuciori
655 2099 857 2149 conservacione
877 2099 996 2164 ipsorum
1017 2097 1117 2148 iurium
1136 2097 1403 2164 possessionariorum
1423 2097 1450 2149 in
1474 2099 1633 2148 communali

366 2192 457 2236 nostro
470 2187 581 2236 consilio
596 2187 712 2236 unanimi
726 2191 752 2237 et
766 2187 825 2252 pari
844 2189 980 2238 voluntate
998 2188 1065 2237 hane
1083 2193 1231 2252 presentem
1249 2193 1366 2237 nostram
1384 2187 1520 2236 iraternam
1540 2186 1632 2236 iecisse

366 2283 392 2325 et
404 2275 523 2340 sigillum
537 2281 625 2326 nostre
644 2275 842 2326 communitatis
853 2275 879 2325 in
898 2275 1058 2339 quibusdam
1076 2276 1142 2325 locis
1155 2291 1294 2326 renovasse
1307 2275 1472 2326 decrevimus
1491 2281 1517 2325 et
1536 2275 1628 2325 statui·

367 2380 423 2414 mus
448 2380 480 2415 eo
503 2366 591 2422 modo,
617 2369 645 2414 ut
672 2365 794 2414 universe
820 2363 909 2414 littere
933 2362 1001 2414 facta
1021 2363 1228 2430 possessionaria
1246 2364 1409 2416 continentes
1434 2371 1487 2414 tam
1513 2369 1633 2429 tempore

367 2453 450 2504 nostri
476 2453 615 2511 iudicatus,
635 2468 715 2517 quam
733 2453 816 2502 eciam
835 2457 954 2518 tempore
974 2453 1089 2502 aliorum
1108 2452 1228 2503 iudicum
1246 2461 1398 2503 nostrorum
1417 2453 1634 2518 predecessorum

367 2541 491 2600 confecta
511 2548 537 2592 et
556 2542 638 2593 eciam
658 2548 776 2607 tempore
791 2530 913 2591 'iudicum
933 2541 960 2591 iu
979 2541 1098 2592 futurum
1124 2541 1367 2592 constituendorum
1386 2540 1555 2600 conficiente,
1574 2539 1633 2606 ipso

367 2619 458 2698 sigillo
484 2639 610 2683 renovato
634 2630 784 2697 consignari
810 2636 836 2681 ct
860 2630 888 2680 in
913 2630 997 2696 ipsam
1021 2631 1156 2681 laternam
1182 2630 1291 2680 inscribi
1316 2630 1435 2679 debeant.
1462 2629 1634 2692 Quecumque

367 2739 431 2773 vero
445 2722 534 2772 littere
553 2721 625 2771 dicto
644 2720 736 2786 sigillo
754 2727 881 2771 renovato
901 2737 916 2770 a
936 2721 997 2770 data
1015 2721 1181 2786 presencium
1200 2735 1247 2785 per
1266 2721 1333 2770 duos
1351 2734 1432 2769 annos
1445 2718 1564 2784 integros
1583 2733 1635 2767 uon

368 2812 587 2876 consignarentur
606 2817 631 2860 et
651 2809 677 2860 in
696 2815 844 2874 presentem
863 2809 1000 2859 lratcrnam
1018 2825 1071 2859 nou
1090 2809 1305 2866 inscriberentur,
1324 2808 1371 2857 has
1390 2807 1493 2857 litteras
1512 2807 1636 2856 volumus

368 2918 422 2952 esse
442 2900 545 2950 viribus
563 2914 654 2949 earum
673 2897 804 2948 carituras
823 2904 849 2948 et
868 2898 957 2948 inanes
975 2913 1005 2947 ac
1024 2913 1115 2948 eorum
1135 2896 1332 2948 exhibitoribus
1350 2895 1509 2947 nocituras.“

952 3217 1048 3282 409.

475 3383 552 3430 Anno
574 3379 648 3439 1398,
671 3387 708 3426 10.
729 3376 866 3427 februarii.
886 3375 1009 3442 Baehyie.

372 3529 572 3604 Segismundus
606 3527 784 3600 Hungan'ae
812 3534 860 3582 etc.
899 3543 963 3596 rex,
984 3525 1115 3598 ferndum
1153 3524 1251 3580 currite
1284 3525 1314 3578 in
1345 3530 1436 3578 monte
1471 3521 1639 3591 Greclvensi,

369 3635 559 3694 molendthum
582 3651 616 3690 ac
638 3634 769 3691 balneum
792 3633 823 3689 in
848 3633 907 3688 eius
934 3629 1076 3700 suburbio,
1098 3647 1172 3703 quae
1187 3630 1316 3703 ficemur
1335 3627 1477 3702 quondam
1498 3625 1643 3699 Stephani

372 3743 441 3800 dicti
470 3741 568 3814 Vrdug
596 3739 630 3796 de
653 3737 810 3796 Prodanic'
836 3737 964 3812 „notorii
992 3736 1129 3809 aemuli“‚
1158 3733 1330 3792 Eberhardo
1358 3735 1484 3806 episcopo
1518 3733 1637 3805 zagrab.

944 3841 1062 3917 confert.

460 4009 524 4067 Nos
547 4006 763 4081 sigismundus
786 4005 836 4064 dei
858 4006 962 4078 gracia
985 4021 1040 4062 rex
1065 4003 1231 4076 Hungarie,
1251 4001 1421 4071 Dalmaeie‚
1437 3999 1565 4058 Croacie
1583 4006 1640 4059 etc.

373 4117 573 4190 marchioque
595 4112 913 4186 Brandemburgensis
937 4117 992 4170 etc.
1013 4109 1161 4168 Memorie
1177 4107 1431 4166 commendamus
1448 4112 1553 4164 tenore
1569 4122 1640 4181 pre-

374 4225 510 4283 sencium
534 4221 740 4295 significantes
764 4220 878 4293 quibus
902 4217 1027 4292 expedit
1050 4216 1217 4274 universis:
1242 4212 1327 4288 quod
1349 4228 1404 4270 uos
1428 4227 1486 4286 pro
1506 4211 1641 4270 fidelita-

373 4334 456 4391 tibus
488 4336 517 4388 et
547 4329 705 4402 obsequiis
737 4327 839 4384 fidelis
876 4325 973 4383 nostri
1005 4323 1118 4393 dilecti,
1147 4320 1310 4379 reverendi
1338 4320 1368 4377 iu
1395 4319 1520 4376 Christo
1543 4319 1641 4392 patris

374 4438 493 4496 domini
515 4435 688 4493 Eberhardi
710 4433 800 4491 electi
822 4438 854 4489 et
876 4430 1051 4489 confirmati
1074 4428 1202 4486 ecclesie
1223 4425 1436 4499 zagrabiensis‚
1460 4425 1641 4500 peripsum

374 4545 433 4602 sub
457 4542 634 4600 diversitate
657 4541 798 4598 locorum
823 4543 853 4595 et
877 4543 1063 4610 temporum,
1086 4549 1148 4592 non
1171 4532 1327 4607 parcendo
1349 4531 1443 4590 rebus
1463 4537 1493 4588 et
1508 4545 1641 4604 persone

374 4653 446 4722 suis,
470 4655 574 4707 nostre
598 4646 773 4705 celsitudini
796 4643 943 4702 exhibitis
967 4649 996 4700 et
1019 4641 1175 4715 impensis¹
1204 4638 1305 4697 eidem
1328 4637 1484 4710 quendam
1507 4635 1642 4694 fundum

375 4757 459 4816 curie
482 4756 514 4816 in
537 4759 641 4812 monte
664 4751 810 4810 Greceusl
833 4767 886 4808 seu
910 4750 1034 4806 civitate
1057 4746 1246 4820 zagrabiensi
1281 4761 1316 4802 ac
1340 4742 1498 4817 quoddam
1522 4743 1642 4800 molen·

376 4863 484 4922 diuum
508 4877 626 4920 necnon
648 4859 795 4917 balneum
817 4858 849 4915 in
872 4855 1024 4914 suburbio
1048 4853 1122 4911 dicti
1145 4851 1259 4910 montis
1281 4851 1426 4909 habitum
1454 4853 1484 4906 et
1499 4849 1643 4906 existens.

375 4985 436 5042 que
459 4967 591 5026 condam
616 4964 772 5039 Stephani,
797 4962 870 5021 dicti
896 4961 1007 5034 Vrdug
1033 4959 1071 5016 de
1094 4957 1263 5030 Prodanyz,
1289 4957 1388 5015 nostri
1410 4955 1524 5014 notorii
1546 4954 1645 5012 emuli
