3854 5806
677 1567 1147 1672 ADDENDA.

387 1890 464 1938 Anno
485 1893 559 1942 1217·
899 1851 931 1918 1⁰

339 1998 484 2057 Ecclesiae
512 1997 676 2055 cathedrali
703 1997 820 2072 aagrab.
840 1998 997 2072 praedium
1027 1996 1147 2056 Gremla
1170 2005 1230 2072 pro
1259 1997 1380 2056 emendes
1409 1999 1494 2056 cereis

840 2103 995 2179 confertur.

371 2248 476 2306 Prima
500 2252 583 2306 meta
605 2252 686 2305 terre
709 2247 846 2319 Gremla‚
871 2264 965 2322 quarn
989 2247 1116 2322 quidam
1146 2247 1260 2306 nobilis
1287 2247 1411 2306 nomine
1441 2247 1549 2305 Petrus

288 2354 427 2426 contulit,
450 2369 510 2427 que
533 2353 571 2411 ad
595 2353 654 2412 hoc
677 2359 711 2411 ut
734 2353 869 2427 ecclesie,
893 2354 1012 2429 pluries
1043 2353 1131 2424 dicte,
1159 2367 1262 2411 ceram
1285 2353 1429 2425 solveret,
1453 2352 1549 2428 depu-

285 2465 347 2518 tata
370 2467 425 2518 est.

376 2595 398 2644 E
410 2594 556 2661 diplomate
567 2609 621 2658 quo
629 2597 748 2645 Andreas
758 2594 791 2645 11.
802 2594 994 2662 proficiscendo
1005 2597 1037 2646 ad
1049 2598 1256 2663 recuperandam
1267 2601 1365 2648 terram
1374 2601 1496 2652 sanctam,
1504 2595 1550 2644 Za·

286 2683 396 2751 grabiae
407 2698 509 2734 moram
521 2682 634 2740 trahens,
648 2683 735 2733 omnia
746 2681 890 2750 privilegia
901 2691 926 2735 et
937 2683 1091 2736 donationes
1102 2687 1163 2736 eccl.
1174 2685 1278 2752 zagrab.
1290 2700 1410 2736 concessa
1426 2689 1452 2734 et
1470 2682 1552 2736 lactas

286 2771 431 2841 confirmat„
451 2773 525 2838 Joan.
545 2769 661 2822 Tkaleie.
681 2771 751 2822 Mon.
771 2771 831 2822 hist.
851 2773 930 2839 episc.
950 2775 1054 2840 zagrab.
1075 2776 1127 2826 vol.
1146 2773 1166 2824 1.
1186 2791 1211 2840 p.
1231 2785 1273 2836 40.
1293 2773 1323 2825 In
1338 2773 1410 2825 libro
1423 2774 1550 2826 Statutor.

287 2859 364 2926 capit.
384 2860 498 2927 zagrab„
518 2859 564 2910 ubi
586 2875 673 2910 sermo
699 2859 729 2911 fit
753 2862 785 2910 de
813 2863 920 2912 custode
948 2862 1073 2912 ecclesiae
1101 2861 1262 2913 cathedralis
1283 2867 1445 2913 memoratur
1473 2844 1552 2912 etiam

287 2951 420 3018 „quedam
433 2947 562 3014 possessio
581 2947 638 2999 sive
656 2947 780 3014 predium
801 2986 806 2998 .
826 2987 831 2998 .
852 2988 857 3000 .
877 2955 978 3010 comta,
1004 2965 1055 3016 que
1081 2951 1145 3002 olim
1172 2966 1220 3016 per
1239 2951 1312 3001 Bank
1331 2951 1429 3000 banum
1447 2947 1499 2999 luit
1516 2950 1552 2999 le-

286 3043 349 3104 gata
368 3043 394 3088 et
413 3039 510 3088 collata
529 3043 618 3087 nostre
636 3036 754 3097 ecclesie,
773 3037 926 3104 specialiter
950 3040 984 3108 ad
1008 3054 1086 3090 usum
1103 3037 1332 3089 luminariorum.“
1352 3037 1450 3087 Procul
1469 3035 1552 3086 dubio

286 3129 410 3178 redactor
432 3127 558 3178 Statutor.
582 3132 790 3177 commutaverat
808 3142 901 3177 nomen
920 3125 1069 3178 fundatoris
1088 3125 1249 3178 centurionis
1270 3125 1351 3186 Petri,
1369 3141 1429 3177 eum
1447 3123 1553 3176 nomine

286 3215 360 3268 Bank
380 3213 450 3266 bani.

358 3484 435 3534 Anno
457 3491 532 3542 1335,
554 3491 592 3548 19.
611 3480 682 3533 maii.

300 3628 423 3687 Carolus
445 3629 623 3704 Hungariae
645 3637 692 3688 etc.
715 3649 777 3700 rex,
801 3639 902 3687 toxam
933 3629 1194 3688 contributionum
1218 3627 1256 3690 ab
1278 3632 1423 3689 extraneis
1450 3649 1555 3688 merca·

395 3738 503 3795 toribus
525 3735 634 3795 civt'bus
663 3735 871 3796 Grectensitus
885 3735 1068 3810 pendmdam
1090 3755 1155 3807 csse,
1178 3738 1280 3795 iterum
1302 3739 1460 3814 confimat.

378 3897 513 3957 Karolus
536 3897 586 3956 dei
608 3898 711 3971 gracia
734 3897 901 3970 Hungarie,
924 3897 1092 3970 Dalmacie,
1121 3897 1277 3970 Crouacie,
1305 3898 1410 3970 Rame,
1441 3897 1556 3969 seroie,

289 4005 430 4076 Gallicie,
453 4004 645 4076 Lodomerie,
669 4004 826 4074 Cumanie,
850 4003 1056 4079 Bulgarieque
1079 4021 1142 4064 rex.
1165 4004 1312 4080 Princeps
1339 4005 1557 4063 sallernltanus

290 4117 321 4169 et
344 4111 478 4169 Honoris
501 4127 537 4168 ac
559 4111 673 4170 montis
695 4111 791 4169 sancti
809 4111 920 4184 Angeli
941 4111 1093 4170 dominus.
1111 4111 1263 4170 Omnibus
1280 4111 1394 4170 Christi
1410 4111 1556 4170 fidelibus

290 4217 486 4292 presentibus
509 4225 538 4276 et
562 4218 682 4291 futuris,
706 4219 902 4292 presencium
923 4219 1069 4277 noticiam
1101 4219 1262 4290 habituris,
1293 4218 1425 4276 salutem
1457 4219 1486 4276 in
1510 4235 1553 4276 sa·

289 4325 363 4385 lutis
385 4325 540 4399 largitore.
562 4325 658 4409 Justis
681 4326 857 4400 petencium
881 4325 1041 4384 desideriis
1065 4325 1189 4384 facilem
1214 4325 1343 4398 prebere
1374 4339 1554 4382 consensum

292 4434 340 4491 ius
362 4432 481 4502 invitat,
505 4432 588 4489 racio
612 4432 789 4504 expostulat
811 4437 842 4489 et
863 4431 977 4504 regalis
1001 4432 1176 4490 sublimitas
1202 4431 1314 4488 merito
1333 4435 1499 4489 exortatur.
1515 4431 1557 4488 Ea

290 4545 420 4615 propter
442 4538 481 4597 ad
498 4539 714 4596 universorum
732 4539 878 4596 noticiam
894 4539 1006 4597 harum
1022 4539 1099 4597 serie
1115 4539 1261 4595 volumus
1280 4538 1451 4611 pervenire,
1474 4537 1558 4611 quod

291 4645 471 4703 Franciscus
495 4644 588 4702 iudex
612 4643 744 4701 civitatis
768 4643 806 4701 de
829 4649 934 4702 monte
958 4644 1112 4708 Grecensi,
1136 4643 1239 4702 fidelis
1262 4649 1373 4715 noster,
1397 4643 1429 4702 in
1451 4660 1506 4702 sua
1529 4649 1559 4702 et

293 4753 510 4812 universorum
534 4751 650 4808 civium
674 4750 810 4808 eiusdem
836 4751 968 4809 civitatis
992 4756 1095 4810 nostre
1110 4752 1140 4809 in
1157 4766 1288 4824 persona
1309 4749 1347 4808 ad
1368 4749 1558 4808 celsitudinis

291 4865 395 4918 nostre
418 4857 564 4916 accedens
587 4858 778 4932 presenciam
803 4857 945 4915 exhibuit
960 4858 1050 4916 nobis
1066 4855 1217 4930 quasdam
1233 4857 1351 4915 litteras
1370 4862 1489 4914 nostras
1505 4873 1559 4930 pa-

296 4971 402 5038 tentes,
426 4963 540 5023 tenoris
563 4962 759 5040 infrascripti,
783 4969 890 5039 petens
913 4969 1051 5022 nostram
1074 4963 1292 5022 excellenciam
1320 4962 1481 5023 humiliter
1511 4979 1557 5026 su·
