3728 5806
422 556 482 624 256
847 554 920 612 Doc.
944 550 1015 630 265.
1042 588 1080 598 -
1105 555 1161 612 An
1186 563 1271 631 1377.

421 735 571 808 premisse
594 749 669 792 vero
693 735 930 808 composicionis
954 741 983 792 et
1005 735 1211 792 ordinacionis
1243 733 1424 792 firmitatem
1449 737 1479 790 et
1502 733 1680 790 memoriam

420 845 602 914 perpetuam
626 841 765 912 sigillum
782 841 879 898 nostri
896 848 1065 899 conventus
1080 840 1226 898 duximus
1249 841 1442 913 presentibus
1458 837 1680 912 apponendum.

420 946 537 1004 Datum
571 946 720 1018 vigesima
743 945 877 1002 secunda
900 945 950 1004 dei
973 947 1087 1004 mensis
1109 947 1226 1020 aprilis.
1260 947 1349 1002 Anno
1376 945 1494 1002 domini
1520 945 1681 1002 millesimo

420 1050 583 1108 CCCLXX
607 1051 748 1124 septimo

509 1184 531 1232 E
550 1191 716 1248 transumpto
735 1184 905 1249 magistratus
924 1185 1041 1236 civitatis
1060 1183 1225 1242 Grechensis,
1245 1199 1312 1234 auno
1334 1185 1407 1242 1378.

1010 1473 1097 1540 265.

526 1635 602 1682 Anno
625 1641 699 1691 1377.
719 1641 759 1690 25.
779 1632 880 1698 aprilis.
903 1633 1059 1696 Zagrabiae.

421 1762 471 1818 Fr.
495 1769 648 1818 catenantur
669 1781 691 1818 s.
716 1761 837 1818 Mkolni
863 1760 923 1818 ord.
955 1761 1196 1818 Praedicatorum
1224 1763 1351 1834 legatam
1377 1759 1434 1817 sibi
1454 1760 1577 1820 niueam.
1601 1759 1685 1816 Mar-

421 1869 480 1924 tt'no
502 1875 530 1924 et
550 1869 693 1943 Dionysio
715 1868 822 1924 ciru'bus
853 1867 1061 1926 Greclrensr'bus
1090 1869 1173 1924 certis
1203 1868 1255 1924 sub
1286 1866 1505 1938 obligationibus
1530 1867 1686 1940 conserunt.

510 2029 573 2086 Nos
596 2029 706 2087 fratres
727 2037 895 2088 conventus
919 2032 1015 2088 sancti
1040 2031 1159 2088 Nicolai
1183 2029 1221 2088 de
1244 2029 1404 2102 Zagrabia,
1421 2028 1539 2086 ordinis
1557 2027 1686 2085 fratrum

421 2135 663 2206 Predicatorum,
688 2135 847 2194 videlicet:
881 2137 975 2194 frater
1004 2138 1167 2220 Johannes,
1199 2137 1294 2210 prior,
1327 2134 1421 2192 trater
1452 2135 1569 2200 Petrus
1595 2133 1689 2191 irater

421 2243 611 2313 Dominicis,
636 2241 730 2300 frater
754 2241 892 2300 Andreas
915 2249 945 2300 et
962 2243 1057 2300 irater
1079 2244 1233 2300 Fabianus
1256 2258 1292 2300 ac
1307 2242 1399 2298 ceteri
1420 2239 1539 2298 iratres.
1564 2238 1687 2311 Signifi-

421 2365 527 2406 camus
550 2351 664 2422 quibus
687 2349 813 2422 expedit
844 2350 996 2407 universis
1030 2349 1225 2423 presencium
1256 2365 1312 2422 per
1344 2354 1490 2416 tenorem,
1522 2345 1606 2418 quod
1630 2361 1685 2402 nos

421 2471 514 2512 unam
541 2457 664 2512 vineam
690 2472 746 2529 per
770 2455 901 2526 Kusech,
926 2455 1031 2513 fratris
1054 2454 1148 2528 Span‚
1172 2455 1249 2512 civis
1272 2454 1311 2512 de
1336 2459 1439 2511 monte
1463 2452 1575 2518 Grech,
1599 2457 1689 2509 testa·

421 2561 563 2618 mentarti
596 2562 671 2619 iuris
699 2561 788 2618 titulo
818 2560 857 2617 ad
888 2562 1059 2618 claustrum
1092 2559 1249 2634 prefatum
1279 2560 1416 2632 legitime
1447 2557 1627 2615 devolutam
1661 2562 1690 2614 et

421 2667 605 2725 iudicialiter
642 2668 810 2737 obtentam,
842 2667 873 2723 in
905 2667 1061 2724 territorio
1092 2665 1195 2724 Grech
1226 2666 1416 2736 existentem,
1448 2680 1518 2721 cum
1541 2665 1689 2721 omnibus

420 2774 541 2831 iuribus
574 2780 604 2830 et
634 2773 822 2830 utilitatibus
849 2773 912 2830 suis
947 2773 1089 2844 Martino,
1121 2771 1187 2828 filio
1218 2770 1348 2828 Doklisa
1379 2777 1409 2828 et
1439 2771 1598 2842 Dyonisi0,
1622 2769 1690 2827 filio

421 2879 534 2951 Paulis,
559 2880 680 2937 civibus
704 2878 842 2952 predicte
864 2879 997 2936 civitatis
1029 2884 1059 2936 et
1090 2894 1146 2952 per
1176 2892 1229 2936 eos
1260 2892 1368 2934 eorum
1399 2876 1575 2945 heredibus
1602 2877 1691 2934 here

421 2985 559 3058 dumque
583 2986 724 3059 ipsorum
748 2985 986 3054 successoribus,
1011 2983 1153 3041 dedimus
1182 2985 1248 3040 iure
1279 2989 1430 3056 perpetuo
1459 2981 1691 3055 possidendam,

421 3091 585 3148 tenendam
609 3098 639 3148 et
662 3090 837 3148 habendam
869 3090 920 3147 vel
952 3090 1137 3162 cuicumque
1168 3089 1325 3146 voluerint
1355 3088 1581 3162 disponendam
1603 3089 1692 3145 iuxta

422 3197 675 3256 consuetudinem
697 3203 728 3254 et
751 3197 963 3254 condicionem
986 3195 1067 3253 dicte
1100 3196 1234 3253 civitatis
1264 3195 1488 3269 approbatam;
1512 3195 1554 3251 ita
1577 3201 1691 3264 tamen,

422 3305 506 3379 quod
530 3304 660 3378 predicti
685 3304 836 3360 Martinus
859 3307 889 3359 et
912 3302 1079 3372 Dyonisius
1102 3316 1215 3374 prose
1245 3301 1337 3374 ipsos
1366 3316 1536 3372 eorumque
1558 3299 1691 3356 heredes

422 3419 451 3468 et
475 3425 664 3468 successores
688 3409 784 3483 ipsius
808 3409 896 3464 vinee
928 3407 1055 3480 quosvis
1076 3421 1268 3479 possessores
1292 3406 1322 3462 in
1345 3405 1487 3462 futurum
1507 3404 1620 3462 dictam
1639 3405 1692 3461 vi·

422 3535 512 3575 neam
537 3515 737 3592 possidentes
762 3514 915 3588 prefatam
939 3514 1062 3571 vineam
1086 3514 1164 3570 bene
1187 3513 1298 3582 colere,
1315 3527 1432 3568 necnon
1448 3511 1578 3582 singulis
1600 3512 1693 3568 annis

423 3624 461 3681 de
485 3625 557 3680 vino
580 3622 742 3696 ipsiusmet
765 3622 854 3678 vinee
878 3621 908 3677 in
932 3619 1087 3676 vindemie
1111 3625 1251 3692 tempore
1274 3612 1380 3675 decem
1414 3619 1545 3674 cubulos
1567 3632 1694 3674 recusa·

423 3732 509 3787 cione
532 3711 650 3801 absque
674 3727 767 3796 omni,
791 3727 895 3783 salvos
919 3731 949 3783 et
972 3726 1013 3782 ab
1037 3725 1121 3782 omni
1149 3723 1357 3781 decimacione
1381 3723 1542 3796 expeditos
1565 3725 1595 3780 in
1618 3739 1695 3780 vec-

423 3841 492 3892 tura
516 3835 643 3908 propria
666 3831 704 3890 ad
729 3831 846 3888 dictum
870 3831 1021 3887 clustrum
1045 3828 1234 3898 deducenda,
1261 3827 1410 3885 fratribus
1434 3829 1545 3901 prefati
1561 3829 1695 3886 claustri

422 3947 571 4013 perpetue
594 3938 668 3995 dare
692 3943 722 3994 et
744 3937 971 3994 amministrare
995 3937 1180 3993 tenebuntur
1199 3941 1229 3991 et
1245 3934 1402 3991 debebunt
1417 3950 1453 3990 ac
1469 3935 1564 3990 eciam
1592 3933 1695 3992 futuri

423 4046 525 4118 quivis
548 4059 740 4118 possessores
763 4043 843 4100 dicte
867 4043 955 4100 vinee
980 4043 1046 4115 pari
1070 4043 1193 4098 racione
1217 4041 1402 4098 tenebuntur
1418 4045 1448 4096 et
1464 4039 1620 4096 debebunt
1651 4040 1695 4098 ad

422 4151 522 4220 idem;
545 4152 604 4208 hoc
627 4151 725 4206 eciam
749 4149 915 4218 interiectu,
948 4147 1032 4220 quod
1063 4149 1090 4205 si
1122 4163 1177 4220 per
1209 4145 1376 4218 grandines
1406 4151 1460 4202 aut
1482 4147 1551 4202 anni
1575 4147 1696 4203 sterili·

422 4263 499 4314 tates
522 4257 553 4314 in
579 4254 699 4329 prelata
722 4255 811 4312 vinea
836 4253 953 4311 fructus
981 4270 1044 4310 non
1076 4254 1262 4326 proveniret,
1294 4256 1366 4310 tunc
1395 4253 1454 4324 ipsi
1487 4252 1635 4308 Martinus
1663 4259 1697 4310 et

423 4361 590 4433 Dyonisius
613 4375 649 4417 ac
672 4375 778 4417 omnes
802 4359 882 4416 dicte
907 4361 994 4416 vinee
1018 4360 1121 4431 quivis
1144 4358 1239 4416 futuri
1262 4373 1454 4432 possessores
1478 4363 1638 4416 teneantur
1663 4359 1695 4416 in

424 4466 492 4524 toro
515 4465 554 4523 de
577 4466 660 4524 bono
691 4467 764 4523 vino
792 4465 929 4539 prelatos
962 4465 1068 4522 decem
1099 4465 1230 4522 cubulos
1262 4479 1365 4521 emere
1395 4468 1424 4520 et
1456 4463 1494 4520 ad
1517 4464 1697 4522 claustrum

321 4599 324 4606 v
422 4578 631 4630 memoratum
654 4571 748 4629 modo
773 4586 836 4644 quo
858 4571 1049 4645 premittitur
1071 4569 1250 4628 conducere.
1275 4570 1343 4642 Que
1366 4571 1470 4626 omnia
1494 4570 1646 4626 Martinus
1664 4579 1699 4628 et

422 4680 589 4751 Dyonisius
612 4694 671 4753 per
694 4679 778 4752 ipsos
802 4676 942 4734 facienda
965 4681 994 4732 et
1018 4693 1074 4749 per
1098 4676 1170 4733 illos
1194 4675 1233 4733 ad
1257 4691 1470 4749 quoscumque
1494 4674 1574 4732 dicta
1599 4675 1697 4734 vinea

422 4803 479 4860 per
501 4787 585 4859 ipsos
608 4783 827 4842 devolveretur
850 4782 952 4840 fienda
974 4788 1217 4855 assumpserunt,
1241 4788 1274 4839 ut
1298 4781 1495 4855 premittitur.
1513 4781 1593 4837 Meta
1609 4796 1694 4841 vero

424 4891 562 4966 predicte
585 4891 674 4948 vinee
696 4905 715 4947 a
737 4893 825 4964 parte
846 4905 908 4946 una
931 4895 976 4945 est
999 4889 1089 4945 vinea
1111 4888 1346 4960 Dragozlauich,
1370 4885 1428 4945 filii
1444 4887 1535 4956 lwan,
1551 4887 1628 4943 civis
1651 4887 1696 4946 de

423 4999 534 5069 Grecb,
558 5013 576 5054 a
599 5000 687 5071 parte
711 5011 786 5054 vero
809 4995 870 5052 alia
895 4993 1052 5068 protendit
1083 4993 1121 5051 de
1149 4993 1229 5050 dicta
1261 4994 1351 5052 vinea
1382 4993 1413 5050 in
1435 4993 1565 5064 longum
1589 5008 1698 5066 usque
