3782 5812
725 548 797 604 Doc.
822 542 873 624 48.
902 578 938 586 -
966 539 1055 601 1266.
1484 561 1523 621 39

245 743 375 802 tionem
397 750 484 802 tuam
514 759 661 818 rogamus
692 748 722 801 et
753 743 915 802 hortamur
945 745 1068 814 attente,
1100 741 1289 813 mandantes,
1313 747 1464 815 quatenus
1487 741 1526 798 ad

244 848 412 923 predictas
434 855 540 924 partes
563 857 593 908 et
616 850 781 908 ecclesiam
804 830 1009 924 personaliter
1035 864 1107 906 cum
1137 848 1237 920 gratia
1259 851 1363 906 nostre
1385 847 1527 906 benedic·

245 957 349 1014 tionis
372 956 529 1028 accedens,
554 955 694 1014 eiusdem
723 955 851 1013 ecclesie
881 955 1049 1013 sollicitam
1080 969 1188 1012 curam
1220 969 1316 1026 geras.
1349 952 1527 1012 Contradic-

246 1069 341 1119 tores
364 1078 423 1136 per
438 1078 599 1122 censuram
616 1061 856 1120 ecclesiasticam
871 1061 1080 1134 appellatione
1097 1061 1278 1134 postposita,
1295 1059 1526 1136 compescendo

246 1167 406 1226 Ceterum
422 1175 566 1240 castrum,
582 1169 684 1240 villas,
700 1168 917 1242 possessiones,
933 1166 1082 1238 redditus,
1099 1171 1129 1224 et
1152 1167 1214 1223 alia
1236 1166 1318 1224 bona
1339 1166 1528 1240 episcopalia

249 1275 316 1332 tibi
340 1273 436 1332 facias
461 1275 617 1345 exhiberi;
640 1275 814 1333 detentores
838 1289 946 1330 eorum
977 1277 1008 1330 et
1037 1272 1118 1344 illos,
1146 1287 1281 1346 quorum
1304 1273 1427 1332 nomine
1451 1271 1527 1330 deti·

250 1385 378 1451 nentur,
411 1381 631 1454 cuiuscumque
661 1379 828 1452 dignitatis,
858 1379 975 1437 ordinis
1015 1395 1068 1436 seu
1100 1378 1283 1437 conditionis
1313 1377 1453 1450 existant,
1487 1378 1527 1436 ad
1613 1399 1619 1412 ·

250 1501 368 1544 eorum
391 1487 613 1544 exhibitionem
637 1501 799 1544 monemus
822 1484 1021 1561 precipiendo
1043 1501 1099 1559 per
1120 1501 1281 1543 censuram
1297 1485 1434 1557 eandem,
1454 1486 1527 1544 sub-

251 1593 323 1650 lato
354 1593 574 1667 appellationis
604 1592 774 1658 obstaculo,
799 1590 1024 1666 compellendo
1060 1591 1129 1648 Non
1160 1591 1309 1662 obstante,
1341 1591 1367 1650 si
1400 1597 1446 1649 est
1472 1592 1527 1649 ali·

252 1699 374 1773 quibus
398 1700 438 1757 ab
461 1700 632 1774 apostoliea
655 1699 727 1757 sede
749 1697 914 1770 indultum,
939 1697 1023 1772 quod
1055 1698 1206 1770 interdici,
1230 1698 1378 1773 suspendi
1400 1698 1453 1756 vel
1476 1715 1527 1756 ex-

253 1806 486 1864 communicari
507 1821 568 1864 non
591 1806 711 1880 possint
733 1821 790 1879 per
812 1805 932 1863 litteras
955 1805 1149 1879 apostolicas,
1167 1819 1227 1878 que
1243 1803 1281 1862 de
1297 1804 1418 1862 indulto
1435 1804 1527 1864 huius

254 1912 388 1986 plenam
411 1917 442 1970 et
464 1928 644 1987 expressam
675 1928 736 1970 non
767 1907 894 1970 feceriut
924 1910 1122 1980 mentionem,
1146 1911 1211 1968 sive
1234 1910 1376 1984 qualibet
1398 1911 1460 1968 alia
1482 1912 1527 1970 in·

257 2017 424 2092 dulgentia
444 2017 525 2077 sedis
548 2019 695 2090 eiusdem,
727 2018 765 2076 de
795 2033 857 2091 qua
887 2017 1035 2090 cuiusque
1064 2022 1129 2074 toto
1159 2021 1264 2074 tenore
1295 2016 1334 2074 de
1365 2018 1464 2074 verbo
1487 2018 1527 2076 ad

255 2124 395 2181 verbum
419 2130 561 2198 oporteat
584 2125 615 2182 in
638 2125 751 2182 nostris
781 2124 893 2182 litteris
924 2124 1051 2197 plenam
1082 2127 1113 2180 et
1139 2138 1318 2196 expressam
1339 2125 1526 2182 mentionem

253 2231 337 2301 fieri,
369 2236 399 2287 et
429 2247 487 2304 per
515 2247 610 2304 quam
640 2231 770 2288 effectus
800 2229 991 2308 presentium
1021 2228 1168 2302 impediri
1199 2230 1301 2288 valeat
1325 2230 1376 2288 vel
1399 2229 1526 2288 differri.

255 2337 370 2394 Preces
390 2343 493 2394 autem
516 2343 546 2394 et
569 2335 752 2394 mandatum
774 2343 915 2394 nostrum
938 2336 982 2394 sic
1005 2315 1178 2410 adimpleat
1209 2343 1262 2393 tua
1285 2335 1418 2408 devotio,
1442 2336 1526 2409 quod

257 2443 318 2500 tibi
342 2443 473 2516 proinde
495 2449 600 2517 preter
623 2442 727 2500 divine
749 2441 961 2500 retributionis
984 2441 1141 2515 premium
1172 2457 1191 2498 a
1220 2442 1310 2499 nobis
1333 2441 1426 2516 digne
1455 2459 1527 2517 pro·

255 2549 364 2607 veniat
386 2550 466 2607 actio
489 2551 667 2622 gratiarum.
692 2549 808 2606 Datum
832 2546 917 2622 apud
942 2547 1060 2606 Urbem
1083 2551 1221 2606 veterem
1245 2547 1281 2605 X.
1304 2545 1452 2606 kalendas
1483 2547 1525 2605 fe·

257 2655 389 2714 bruerii.
410 2657 502 2714 Anno
525 2657 627 2714 tercio,

348 2789 444 2855 Ereg.
465 2789 533 2854 orig.
553 2790 656 2841 Urbani
675 2789 721 2840 1v.
741 2806 780 2840 au.
800 2790 847 2842 111.
868 2807 907 2858 ep.
933 2803 974 2856 92.
1003 2819 1034 2830 -
1060 2793 1091 2840 A.
1117 2789 1239 2840 Theiner.
1267 2790 1336 2842 Mon.
1357 2792 1444 2856 Hung.
1465 2790 1526 2845 hist.

257 2883 276 2928 t.
297 2877 317 2929 1.
337 2894 363 2944 p.
383 2877 442 2928 262.
462 2907 496 2914 -
515 2877 635 2929 Farlatti.
655 2878 723 2929 Illir.
743 2895 807 2930 sacr.
830 2886 890 2930 tom.
911 2880 942 2930 V.
962 2897 987 2946 p.
1008 2889 1067 2940 373.

365 3147 414 3193 An.
438 3143 512 3192 1266.
857 3109 922 3176 4⁸·

257 3254 336 3312 Bela
358 3253 415 3311 IV.
440 3254 618 3326 Hungariae
648 3261 695 3311 etc.
721 3273 775 3312 rex
806 3255 852 3312 ius
882 3255 1005 3328 elegendi
1032 3255 1137 3312 iudices
1166 3255 1273 3312 civibus
1295 3255 1528 3328 zugrabiensibus

344 3378 511 3430 concessum,
533 3361 612 3435 quod
631 3360 759 3418 Archino
781 3361 878 3418 comite
900 3361 970 3434 tpsis
990 3361 1058 3419 dato
1081 3361 1250 3436 infregerat,
1265 3361 1449 3436 redintegrat.

349 3504 424 3562 Bela
447 3503 497 3562 dei
520 3505 624 3577 gracia
647 3505 814 3578 Hungarie,
837 3505 1007 3578 Dalmacic,
1031 3505 1167 3577 Croacie,
1191 3507 1297 3578 Rame,
1321 3505 1436 3578 Seruie,
1453 3505 1527 3565 Gal-

259 3609 556 3682 licie,1odomerie,
587 3609 800 3684 Cumanieque
831 3629 894 3683 rex,
928 3612 1072 3670 omnibus
1104 3619 1261 3685 presentes
1285 3613 1403 3670 litteras
1426 3613 1527 3686 inspe-

260 3717 356 3774 cturis
378 3717 513 3775 salutem
534 3718 566 3774 in
589 3719 730 3775 omnium
753 3718 916 3777 salvatore.
941 3718 989 3776 Ad
1013 3720 1231 3776 universorum
1257 3720 1399 3778 notitiam
1418 3725 1527 3780 ,tenore

259 3823 455 3897 presencium
479 3823 627 3880 volumus
643 3824 814 3898 pervenire,
832 3824 916 3897 quod
932 3841 1003 3882 cum
1019 3825 1129 3883 fideles
1145 3825 1242 3883 nostri
1265 3827 1348 3882 cives
1369 3825 1407 3882 de
1423 3833 1528 3885 monte

259 3927 415 4000 Grecensi‚
440 3928 478 3985 de
501 3928 659 4001 Zagrabia,
683 3930 801 4003 plun'es
825 3931 915 3987 nobis
933 3931 1141 4003 querimonias
1157 3931 1375 4004 porrexissent,
1391 3931 1526 3990 dicentes

259 4035 290 4093 in
314 4050 359 4106 eo,
383 4034 468 4108 quod
491 4050 547 4092 nos
570 4035 614 4092 eis
647 4029 834 4107 Archynum
864 4037 1010 4093 comitem
1040 4037 1071 4094 in
1103 4041 1286 4110 potestatem
1317 4053 1370 4094 seu
1394 4037 1527 4096 iudicem

261 4139 499 4215 prefeceramuS,
526 4157 614 4199 suam
646 4141 772 4214 infringi
802 4142 986 4199 libertatem.
1017 4142 1089 4214 Nos
1121 4141 1201 4200 lecto
1233 4159 1327 4202 aureo
1351 4144 1527 4218 privilegio

259 4263 317 4320 per
340 4262 395 4304 nos
418 4245 535 4304 eisdem
558 4263 710 4318 concesso,
734 4248 806 4320 quia
831 4247 967 4306 vidimus
991 4248 1070 4305 inter
1092 4255 1193 4306 cetera
1216 4251 1247 4307 in
1271 4251 1339 4324 ipso
1360 4251 1527 4324 privilegio

259 4351 439 4409 huiusmodi
462 4353 628 4410 articulum
652 4353 809 4425 contineri,
833 4360 866 4411 ut
890 4353 984 4412 iidem
1009 4355 1092 4411 cives
1115 4361 1300 4428 potestatem
1324 4373 1377 4414 scu
1394 4357 1528 4416 iudicem

260 4458 329 4526 sibi,
353 4473 448 4530 quem
470 4458 589 4531 volunt,
614 4475 719 4516 secure
747 4460 861 4532 eligere
892 4465 922 4517 et
954 4460 1103 4534 preficere
1131 4462 1249 4534 possint
1279 4461 1318 4518 de
1349 4462 1473 4533 eisdem,
1498 4471 1527 4520 et

260 4564 456 4636 singulorum
481 4579 632 4622 annorum
656 4565 686 4622 in
709 4566 907 4623 revolucione
939 4565 1101 4640 deponere,
1134 4573 1164 4624 et
1194 4567 1290 4625 alium
1315 4585 1368 4626 seu
1391 4567 1527 4626 eundum

259 4668 410 4742 preficere
434 4669 520 4726 iuxta
542 4685 596 4726 sue
619 4671 784 4728 arbitrium
816 4671 994 4743 voluntatis,
1028 4671 1157 4729 eandem
1189 4669 1366 4731 libertatem
1397 4673 1436 4731 de
1459 4690 1527 4747 spe-

260 4775 331 4832 ciali
354 4775 459 4847 gracia
483 4782 514 4831 et
537 4773 644 4832 favore
668 4775 922 4834 confirmavimus
945 4776 1063 4834 eisdem
1085 4783 1115 4834 et
1136 4779 1316 4836 auctoritate
1333 4754 1532 4853 presencium

261 4879 408 4938 duximus
431 4881 555 4955 plenius
577 4879 841 4951 confirmandum;
864 4883 1012 4954 volentes,
1033 4891 1067 4940 ut
1082 4884 1171 4941 nullo
1188 4901 1333 4958 processu
1349 4891 1526 4960 temporum

263 4986 401 5044 libertas
423 4986 565 5060 ipsorum
589 4985 704 5044 civium
727 4987 759 5044 in
780 4986 922 5061 predicto
944 5004 1037 5046 aureo
1060 4991 1227 5063 privilegio
1250 4996 1399 5063 contenta,
1415 4999 1445 5049 et
1458 5009 1528 5066 pre-
