<?xml version="1.0" encoding="UTF-8"?>
<!DOCTYPE html PUBLIC "-//W3C//DTD XHTML 1.0 Transitional//EN"
    "http://www.w3.org/TR/xhtml1/DTD/xhtml1-transitional.dtd">
<html xmlns="http://www.w3.org/1999/xhtml" xml:lang="en" lang="en">
 <head>
  <title>
</title>
<meta http-equiv="Content-Type" content="text/html;charset=utf-8" />
  <meta name='ocr-system' content='tesseract 3.04.00' />
  <meta name='ocr-capabilities' content='ocr_page ocr_carea ocr_par ocr_line ocrx_word'/>
</head>
<body>
  <div class='ocr_page' id='page_1' title='image "./monumentahistor18laszgoog_0274.png"; bbox 0 0 3782 5812; ppageno 0'>
   <div class='ocr_carea' id='block_1_1' title="bbox 413 571 1245 657">
    <p class='ocr_par' dir='ltr' id='par_1_1' title="bbox 413 571 1245 657">
     <span class='ocr_line' id='line_1_1' title="bbox 413 571 1245 657; baseline -0.01 -16"><span class='ocrx_word' id='word_1_1' title='bbox 413 583 451 657; x_wconf 81' lang='grc'>38</span> <span class='ocrx_word' id='word_1_2' title='bbox 658 584 660 589; x_wconf 82' lang='grc'>’</span> <span class='ocrx_word' id='word_1_3' title='bbox 840 579 913 638; x_wconf 81' lang='lat' dir='ltr'>Doc.</span> <span class='ocrx_word' id='word_1_4' title='bbox 937 587 985 656; x_wconf 77' lang='lat'>47.</span> <span class='ocrx_word' id='word_1_5' title='bbox 1013 611 1050 619; x_wconf 97' lang='lat'>—</span> <span class='ocrx_word' id='word_1_6' title='bbox 1074 575 1130 634; x_wconf 87' lang='lat' dir='ltr'>An.</span> <span class='ocrx_word' id='word_1_7' title='bbox 1154 571 1245 654; x_wconf 72' lang='lat'><em>1264.</em></span> 
     </span>
    </p>
   </div>
   <div class='ocr_carea' id='block_1_2' title="bbox 408 771 1684 1261">
    <p class='ocr_par' dir='ltr' id='par_1_2' title="bbox 408 771 1684 1261">
     <span class='ocr_line' id='line_1_2' title="bbox 415 771 1684 852; baseline -0.009 -14"><span class='ocrx_word' id='word_1_8' title='bbox 415 780 497 852; x_wconf 89' lang='lat' dir='ltr'>dam,</span> <span class='ocrx_word' id='word_1_9' title='bbox 521 780 693 838; x_wconf 85' lang='lat' dir='ltr'>exhibeatis</span> <span class='ocrx_word' id='word_1_10' title='bbox 716 779 889 851; x_wconf 89' lang='lat' dir='ltr'>consilium,</span> <span class='ocrx_word' id='word_1_11' title='bbox 912 776 1064 835; x_wconf 84' lang='lat' dir='ltr'>auxilium</span> <span class='ocrx_word' id='word_1_12' title='bbox 1089 779 1119 832; x_wconf 92' lang='lat' dir='ltr'>et</span> <span class='ocrx_word' id='word_1_13' title='bbox 1141 773 1283 833; x_wconf 84' lang='lat' dir='ltr'>favorem</span> <span class='ocrx_word' id='word_1_14' title='bbox 1301 773 1337 831; x_wconf 78' lang='lat' dir='ltr'>&#39;in</span> <span class='ocrx_word' id='word_1_15' title='bbox 1359 772 1428 844; x_wconf 92' lang='lat' dir='ltr'>hiis,</span> <span class='ocrx_word' id='word_1_16' title='bbox 1455 787 1550 846; x_wconf 87' lang='lat' dir='ltr'>super</span> <span class='ocrx_word' id='word_1_17' title='bbox 1565 771 1684 844; x_wconf 89' lang='lat' dir='ltr'>quibus</span> 
     </span>
     <span class='ocr_line' id='line_1_3' title="bbox 412 868 1683 960; baseline -0.009 -15"><span class='ocrx_word' id='word_1_18' title='bbox 412 902 469 944; x_wconf 88' lang='lat' dir='ltr'>vos</span> <span class='ocrx_word' id='word_1_19' title='bbox 492 886 617 945; x_wconf 85' lang='lat' dir='ltr'>duxerit</span> <span class='ocrx_word' id='word_1_20' title='bbox 635 868 852 960; x_wconf 82' lang='lat' dir='ltr'>requirendos;</span> <span class='ocrx_word' id='word_1_21' title='bbox 868 883 1008 958; x_wconf 90' lang='lat' dir='ltr'>alioquin</span> <span class='ocrx_word' id='word_1_22' title='bbox 1024 882 1216 953; x_wconf 81' lang='lat' dir='ltr'><strong>sententiam,</strong></span> <span class='ocrx_word' id='word_1_23' title='bbox 1232 895 1327 954; x_wconf 90' lang='lat' dir='ltr'>quam</span> <span class='ocrx_word' id='word_1_24' title='bbox 1344 879 1429 938; x_wconf 91' lang='lat' dir='ltr'>idem</span> <span class='ocrx_word' id='word_1_25' title='bbox 1445 879 1612 953; x_wconf 90' lang='lat' dir='ltr'>episcopus</span> <span class='ocrx_word' id='word_1_26' title='bbox 1628 877 1683 935; x_wconf 87' lang='lat' dir='ltr'>vel</span> 
     </span>
     <span class='ocr_line' id='line_1_4' title="bbox 414 982 1683 1067; baseline -0.007 -17"><span class='ocrx_word' id='word_1_27' title='bbox 414 991 553 1067; x_wconf 85' lang='lat' dir='ltr'>prefatus</span> <span class='ocrx_word' id='word_1_28' title='bbox 575 993 809 1067; x_wconf 88' lang='lat' dir='ltr'>penitentiarius</span> <span class='ocrx_word' id='word_1_29' title='bbox 831 991 890 1049; x_wconf 91' lang='lat' dir='ltr'>rite</span> <span class='ocrx_word' id='word_1_30' title='bbox 912 989 1019 1047; x_wconf 86' lang='lat' dir='ltr'>tulerit</span> <span class='ocrx_word' id='word_1_31' title='bbox 1042 989 1074 1046; x_wconf 90' lang='lat' dir='ltr'>in</span> <span class='ocrx_word' id='word_1_32' title='bbox 1095 987 1230 1046; x_wconf 88' lang='lat' dir='ltr'>rebelles</span> <span class='ocrx_word' id='word_1_33' title='bbox 1252 991 1354 1044; x_wconf 89' lang='lat' dir='ltr'>ratam</span> <span class='ocrx_word' id='word_1_34' title='bbox 1378 985 1567 1043; x_wconf 87' lang='lat' dir='ltr'>habebimus</span> <span class='ocrx_word' id='word_1_35' title='bbox 1587 991 1618 1042; x_wconf 90' lang='lat' dir='ltr'>et</span> <span class='ocrx_word' id='word_1_36' title='bbox 1635 982 1683 1041; x_wconf 90' lang='lat' dir='ltr'>fa·</span> 
     </span>
     <span class='ocr_line' id='line_1_5' title="bbox 411 1090 1683 1164; baseline -0.006 -9"><span class='ocrx_word' id='word_1_37' title='bbox 411 1099 528 1156; x_wconf 90' lang='lat' dir='ltr'>ciemus</span> <span class='ocrx_word' id='word_1_38' title='bbox 551 1102 675 1155; x_wconf 91' lang='lat' dir='ltr'>auctore</span> <span class='ocrx_word' id='word_1_39' title='bbox 698 1096 825 1156; x_wconf 92' lang='lat' dir='ltr'>domino</span> <span class='ocrx_word' id='word_1_40' title='bbox 850 1095 1074 1155; x_wconf 86' lang='lat' dir='ltr'>inviolabiliter</span> <span class='ocrx_word' id='word_1_41' title='bbox 1103 1093 1272 1152; x_wconf 83' lang='lat' dir='ltr'>observari</span> <span class='ocrx_word' id='word_1_42' title='bbox 1304 1092 1420 1150; x_wconf 88' lang='lat' dir='ltr'>Datum</span> <span class='ocrx_word' id='word_1_43' title='bbox 1447 1090 1532 1164; x_wconf 92' lang='lat' dir='ltr'>apud</span> <span class='ocrx_word' id='word_1_44' title='bbox 1558 1091 1683 1149; x_wconf 87' lang='lat' dir='ltr'>Urbem</span> 
     </span>
     <span class='ocr_line' id='line_1_6' title="bbox 408 1197 1562 1261; baseline -0.005 0"><span class='ocrx_word' id='word_1_45' title='bbox 408 1211 548 1261; x_wconf 87' lang='lat' dir='ltr'>veterem</span> <span class='ocrx_word' id='word_1_46' title='bbox 570 1202 636 1260; x_wconf 90' lang='lat' dir='ltr'>XV.</span> <span class='ocrx_word' id='word_1_47' title='bbox 659 1201 808 1261; x_wconf 82' lang='lat' dir='ltr'>kalendas</span> <span class='ocrx_word' id='word_1_48' title='bbox 831 1201 989 1260; x_wconf 86' lang='lat' dir='ltr'>februarii.</span> <span class='ocrx_word' id='word_1_49' title='bbox 1012 1199 1212 1259; x_wconf 89' lang='lat' dir='ltr'>Pontificatus</span> <span class='ocrx_word' id='word_1_50' title='bbox 1234 1198 1332 1256; x_wconf 83' lang='lat' dir='ltr'>nostri</span> <span class='ocrx_word' id='word_1_51' title='bbox 1354 1213 1434 1256; x_wconf 88' lang='lat' dir='ltr'>anno</span> <span class='ocrx_word' id='word_1_52' title='bbox 1457 1197 1562 1256; x_wconf 88' lang='lat' dir='ltr'>tercio.</span> 
     </span>
    </p>
   </div>
   <div class='ocr_carea' id='block_1_3' title="bbox 409 1332 1682 1495">
    <p class='ocr_par' dir='ltr' id='par_1_3' title="bbox 409 1332 1682 1495">
     <span class='ocr_line' id='line_1_7' title="bbox 498 1332 1682 1406; baseline -0.005 -18"><span class='ocrx_word' id='word_1_53' title='bbox 498 1340 595 1406; x_wconf 86' lang='lat' dir='ltr'>Ereg.</span> <span class='ocrx_word' id='word_1_54' title='bbox 615 1339 682 1406; x_wconf 87' lang='lat' dir='ltr'>orig.</span> <span class='ocrx_word' id='word_1_55' title='bbox 703 1339 806 1391; x_wconf 89' lang='lat' dir='ltr'>Urbani</span> <span class='ocrx_word' id='word_1_56' title='bbox 825 1339 870 1389; x_wconf 93' lang='lat' dir='ltr'>IV.</span> <span class='ocrx_word' id='word_1_57' title='bbox 890 1354 929 1388; x_wconf 88' lang='lat' dir='ltr'>an.</span> <span class='ocrx_word' id='word_1_58' title='bbox 949 1337 996 1388; x_wconf 92' lang='lat' dir='ltr'>III.</span> <span class='ocrx_word' id='word_1_59' title='bbox 1016 1353 1056 1404; x_wconf 92' lang='lat' dir='ltr'>ep.</span> <span class='ocrx_word' id='word_1_60' title='bbox 1077 1346 1118 1400; x_wconf 89' lang='lat'>91.</span> <span class='ocrx_word' id='word_1_61' title='bbox 1146 1365 1177 1374; x_wconf 97' lang='lat'>-</span> <span class='ocrx_word' id='word_1_62' title='bbox 1202 1337 1233 1385; x_wconf 90' lang='lat' dir='ltr'>A.</span> <span class='ocrx_word' id='word_1_63' title='bbox 1260 1333 1382 1385; x_wconf 85' lang='lat' dir='ltr'>Theiner.</span> <span class='ocrx_word' id='word_1_64' title='bbox 1412 1333 1481 1384; x_wconf 89' lang='lat' dir='ltr'>Mon.</span> <span class='ocrx_word' id='word_1_65' title='bbox 1508 1333 1599 1399; x_wconf 88' lang='lat' dir='ltr'>Hung.</span> <span class='ocrx_word' id='word_1_66' title='bbox 1619 1332 1682 1383; x_wconf 79' lang='lat' dir='ltr'>hist</span> 
     </span>
     <span class='ocr_line' id='line_1_8' title="bbox 409 1426 1218 1495; baseline -0.005 -17"><span class='ocrx_word' id='word_1_67' title='bbox 409 1435 426 1480; x_wconf 79' lang='lat' dir='ltr'>t</span> <span class='ocrx_word' id='word_1_68' title='bbox 446 1428 467 1478; x_wconf 87' lang='lat'>1.</span> <span class='ocrx_word' id='word_1_69' title='bbox 487 1445 511 1495; x_wconf 93' lang='lat' dir='ltr'>p.</span> <span class='ocrx_word' id='word_1_70' title='bbox 536 1429 593 1478; x_wconf 80' lang='lat'>262.</span> <span class='ocrx_word' id='word_1_71' title='bbox 616 1458 647 1466; x_wconf 99' lang='lat'>-</span> <span class='ocrx_word' id='word_1_72' title='bbox 667 1427 788 1479; x_wconf 89' lang='lat' dir='ltr'>Farlatti.</span> <span class='ocrx_word' id='word_1_73' title='bbox 807 1428 874 1479; x_wconf 90' lang='lat' dir='ltr'>Illir.</span> <span class='ocrx_word' id='word_1_74' title='bbox 894 1443 958 1479; x_wconf 87' lang='lat' dir='ltr'>sacr.</span> <span class='ocrx_word' id='word_1_75' title='bbox 980 1433 1040 1478; x_wconf 91' lang='lat' dir='ltr'>torn.</span> <span class='ocrx_word' id='word_1_76' title='bbox 1062 1426 1093 1476; x_wconf 89' lang='lat' dir='ltr'>V.</span> <span class='ocrx_word' id='word_1_77' title='bbox 1115 1442 1139 1491; x_wconf 89' lang='lat' dir='ltr'>p.</span> <span class='ocrx_word' id='word_1_78' title='bbox 1160 1432 1218 1485; x_wconf 83' lang='lat'>373.</span> 
     </span>
    </p>
   </div>
   <div class='ocr_carea' id='block_1_4' title="bbox 1010 1711 1073 1779">
    <p class='ocr_par' dir='ltr' id='par_1_4' title="bbox 1010 1711 1073 1779">
     <span class='ocr_line' id='line_1_9' title="bbox 1010 1711 1073 1779; baseline 0.016 -2"><span class='ocrx_word' id='word_1_79' title='bbox 1010 1711 1073 1779; x_wconf 80' lang='lat'>47.</span> 
     </span>
    </p>
   </div>
   <div class='ocr_carea' id='block_1_5' title="bbox 515 1867 1251 1936">
    <p class='ocr_par' dir='ltr' id='par_1_5' title="bbox 515 1867 1251 1936">
     <span class='ocr_line' id='line_1_10' title="bbox 515 1867 1251 1936; baseline -0.007 -13"><span class='ocrx_word' id='word_1_80' title='bbox 515 1875 592 1923; x_wconf 81' lang='lat' dir='ltr'>Anno</span> <span class='ocrx_word' id='word_1_81' title='bbox 613 1871 687 1934; x_wconf 85' lang='lat'>1264,</span> <span class='ocrx_word' id='word_1_82' title='bbox 707 1881 748 1930; x_wconf 82' lang='lat'>23.</span> <span class='ocrx_word' id='word_1_83' title='bbox 766 1867 889 1936; x_wconf 87' lang='lat' dir='ltr'>januarii.</span> <span class='ocrx_word' id='word_1_84' title='bbox 907 1871 989 1936; x_wconf 85' lang='lat' dir='ltr'>Apud</span> <span class='ocrx_word' id='word_1_85' title='bbox 1007 1870 1109 1922; x_wconf 90' lang='lat' dir='ltr'>Urbem</span> <span class='ocrx_word' id='word_1_86' title='bbox 1128 1874 1251 1920; x_wconf 81' lang='lat' dir='ltr'>veterem.</span> 
     </span>
    </p>
   </div>
   <div class='ocr_carea' id='block_1_6' title="bbox 416 1997 1683 2165">
    <p class='ocr_par' dir='ltr' id='par_1_6' title="bbox 416 1997 1683 2165">
     <span class='ocr_line' id='line_1_11' title="bbox 416 1997 1683 2074; baseline -0.007 -12"><span class='ocrx_word' id='word_1_87' title='bbox 416 2003 569 2063; x_wconf 81' lang='lat' dir='ltr'>Gualtcrio</span> <span class='ocrx_word' id='word_1_88' title='bbox 592 2001 652 2069; x_wconf 84' lang='lat' dir='ltr'>ord.</span> <span class='ocrx_word' id='word_1_89' title='bbox 677 2001 820 2058; x_wconf 71' lang='lat' dir='ltr'>mz&#39;ezomm</span> <span class='ocrx_word' id='word_1_90' title='bbox 843 2000 880 2058; x_wconf 83' lang='lat' dir='ltr'>ab</span> <span class='ocrx_word' id='word_1_91' title='bbox 909 2000 1025 2059; x_wconf 83' lang='lat' dir='ltr'>Urbano</span> <span class='ocrx_word' id='word_1_92' title='bbox 1047 2001 1104 2058; x_wconf 89' lang='lat' dir='ltr'>IV.</span> <span class='ocrx_word' id='word_1_93' title='bbox 1128 2001 1217 2074; x_wconf 81' lang='lat' dir='ltr'>Papa</span> <span class='ocrx_word' id='word_1_94' title='bbox 1239 2018 1311 2058; x_wconf 83' lang='lat' dir='ltr'>cura</span> <span class='ocrx_word' id='word_1_95' title='bbox 1333 2000 1463 2057; x_wconf 82' lang='lat' dir='ltr'>ecclesiae</span> <span class='ocrx_word' id='word_1_96' title='bbox 1484 1997 1683 2072; x_wconf 71' lang='lat' dir='ltr'>aagrabienstk</span> 
     </span>
     <span class='ocr_line' id='line_1_12' title="bbox 955 2107 1144 2165; baseline 0 -1"><span class='ocrx_word' id='word_1_97' title='bbox 955 2107 1144 2165; x_wconf 75' lang='lat' dir='ltr'>committitur.</span> 
     </span>
    </p>
   </div>
   <div class='ocr_carea' id='block_1_7' title="bbox 407 2265 1709 5112">
    <p class='ocr_par' dir='ltr' id='par_1_7' title="bbox 407 2265 1709 5112">
     <span class='ocr_line' id='line_1_13' title="bbox 496 2265 1681 2345; baseline -0.007 -15"><span class='ocrx_word' id='word_1_98' title='bbox 496 2272 643 2331; x_wconf 91' lang='lat' dir='ltr'>Urbanus</span> <span class='ocrx_word' id='word_1_99' title='bbox 669 2271 836 2345; x_wconf 91' lang='lat' dir='ltr'>episcopus</span> <span class='ocrx_word' id='word_1_100' title='bbox 859 2285 967 2329; x_wconf 90' lang='lat' dir='ltr'>servus</span> <span class='ocrx_word' id='word_1_101' title='bbox 991 2285 1155 2328; x_wconf 86' lang='lat' dir='ltr'>servorum</span> <span class='ocrx_word' id='word_1_102' title='bbox 1175 2269 1232 2328; x_wconf 91' lang='lat' dir='ltr'>dei.</span> <span class='ocrx_word' id='word_1_103' title='bbox 1255 2269 1379 2327; x_wconf 88' lang='lat' dir='ltr'>Dilecto</span> <span class='ocrx_word' id='word_1_104' title='bbox 1395 2268 1462 2326; x_wconf 90' lang='lat' dir='ltr'>filio</span> <span class='ocrx_word' id='word_1_105' title='bbox 1478 2265 1566 2324; x_wconf 84' lang='lat' dir='ltr'>fratri</span> <span class='ocrx_word' id='word_1_106' title='bbox 1582 2265 1681 2323; x_wconf 88' lang='lat' dir='ltr'>Gual·</span> 
     </span>
     <span class='ocr_line' id='line_1_14' title="bbox 409 2360 1681 2451; baseline -0.008 -14"><span class='ocrx_word' id='word_1_107' title='bbox 409 2379 487 2437; x_wconf 89' lang='lat' dir='ltr'>terio</span> <span class='ocrx_word' id='word_1_108' title='bbox 510 2360 548 2436; x_wconf 90' lang='lat' dir='ltr'>de</span> <span class='ocrx_word' id='word_1_109' title='bbox 571 2377 679 2435; x_wconf 87' lang='lat' dir='ltr'>ordine</span> <span class='ocrx_word' id='word_1_110' title='bbox 710 2375 844 2434; x_wconf 84' lang='lat' dir='ltr'>fratrum</span> <span class='ocrx_word' id='word_1_111' title='bbox 874 2377 1039 2448; x_wconf 90' lang='lat' dir='ltr'>minorum,</span> <span class='ocrx_word' id='word_1_112' title='bbox 1070 2376 1295 2451; x_wconf 90' lang='lat' dir='ltr'>penitentiari0‚</span> <span class='ocrx_word' id='word_1_113' title='bbox 1326 2374 1488 2448; x_wconf 89' lang='lat' dir='ltr'>capellano</span> <span class='ocrx_word' id='word_1_114' title='bbox 1518 2377 1549 2430; x_wconf 91' lang='lat' dir='ltr'>et</span> <span class='ocrx_word' id='word_1_115' title='bbox 1571 2371 1681 2428; x_wconf 91' lang='lat' dir='ltr'>nuntio</span> 
     </span>
     <span class='ocr_line' id='line_1_15' title="bbox 407 2477 1679 2557; baseline -0.007 -14"><span class='ocrx_word' id='word_1_116' title='bbox 407 2489 512 2543; x_wconf 91' lang='lat' dir='ltr'>nostro</span> <span class='ocrx_word' id='word_1_117' title='bbox 537 2484 672 2541; x_wconf 90' lang='lat' dir='ltr'>salutem</span> <span class='ocrx_word' id='word_1_118' title='bbox 694 2487 724 2541; x_wconf 89' lang='lat' dir='ltr'>et</span> <span class='ocrx_word' id='word_1_119' title='bbox 752 2483 958 2557; x_wconf 91' lang='lat' dir='ltr'>apostolicam</span> <span class='ocrx_word' id='word_1_120' title='bbox 981 2483 1236 2541; x_wconf 88' lang='lat' dir='ltr'>benedictionem.</span> <span class='ocrx_word' id='word_1_121' title='bbox 1253 2482 1336 2542; x_wconf 86' lang='lat' dir='ltr'>Inter</span> <span class='ocrx_word' id='word_1_122' title='bbox 1350 2482 1428 2540; x_wconf 89' lang='lat' dir='ltr'>alias</span> <span class='ocrx_word' id='word_1_123' title='bbox 1444 2477 1679 2550; x_wconf 85' lang='lat' dir='ltr'>sollicitudines,</span> 
     </span>
     <span class='ocr_line' id='line_1_16' title="bbox 410 2584 1681 2666; baseline -0.006 -16"><span class='ocrx_word' id='word_1_124' title='bbox 410 2593 524 2666; x_wconf 92' lang='lat' dir='ltr'>quibus</span> <span class='ocrx_word' id='word_1_125' title='bbox 547 2591 669 2650; x_wconf 90' lang='lat' dir='ltr'>assidue</span> <span class='ocrx_word' id='word_1_126' title='bbox 701 2591 885 2665; x_wconf 87' lang='lat' dir='ltr'>premimur,</span> <span class='ocrx_word' id='word_1_127' title='bbox 918 2589 1053 2662; x_wconf 90' lang='lat' dir='ltr'>cogitare</span> <span class='ocrx_word' id='word_1_128' title='bbox 1084 2605 1140 2648; x_wconf 91' lang='lat' dir='ltr'>nos</span> <span class='ocrx_word' id='word_1_129' title='bbox 1168 2589 1319 2660; x_wconf 84' lang='lat' dir='ltr'>convenit,</span> <span class='ocrx_word' id='word_1_130' title='bbox 1351 2594 1386 2645; x_wconf 89' lang='lat' dir='ltr'>ut</span> <span class='ocrx_word' id='word_1_131' title='bbox 1416 2587 1544 2646; x_wconf 90' lang='lat' dir='ltr'>ecclesie</span> <span class='ocrx_word' id='word_1_132' title='bbox 1565 2603 1601 2644; x_wconf 93' lang='lat' dir='ltr'>ac</span> <span class='ocrx_word' id='word_1_133' title='bbox 1624 2584 1681 2642; x_wconf 90' lang='lat' dir='ltr'>ille</span> 
     </span>
     <span class='ocr_line' id='line_1_17' title="bbox 410 2693 1681 2773; baseline -0.006 -17"><span class='ocrx_word' id='word_1_134' title='bbox 410 2699 566 2773; x_wconf 85' lang='lat' dir='ltr'>precipue,</span> <span class='ocrx_word' id='word_1_135' title='bbox 592 2713 651 2771; x_wconf 91' lang='lat' dir='ltr'>que</span> <span class='ocrx_word' id='word_1_136' title='bbox 676 2701 748 2755; x_wconf 90' lang='lat' dir='ltr'>sunt</span> <span class='ocrx_word' id='word_1_137' title='bbox 769 2695 942 2771; x_wconf 89' lang='lat' dir='ltr'>episcopali</span> <span class='ocrx_word' id='word_1_138' title='bbox 965 2696 1114 2769; x_wconf 82' lang='lat' dir='ltr'>dignitate</span> <span class='ocrx_word' id='word_1_139' title='bbox 1138 2695 1268 2768; x_wconf 77' lang='lat' dir='ltr'>predite,</span> <span class='ocrx_word' id='word_1_140' title='bbox 1291 2695 1323 2752; x_wconf 89' lang='lat' dir='ltr'>in</span> <span class='ocrx_word' id='word_1_141' title='bbox 1345 2699 1427 2752; x_wconf 91' lang='lat' dir='ltr'>statu</span> <span class='ocrx_word' id='word_1_142' title='bbox 1454 2693 1626 2766; x_wconf 87' lang='lat' dir='ltr'>tranquillo</span> <span class='ocrx_word' id='word_1_143' title='bbox 1649 2697 1681 2750; x_wconf 88' lang='lat' dir='ltr'>et</span> 
     </span>
     <span class='ocr_line' id='line_1_18' title="bbox 408 2797 1681 2880; baseline -0.006 -17"><span class='ocrx_word' id='word_1_144' title='bbox 408 2821 560 2880; x_wconf 90' lang='lat' dir='ltr'>prospero</span> <span class='ocrx_word' id='word_1_145' title='bbox 584 2809 814 2862; x_wconf 85' lang='lat' dir='ltr'>conserventur.</span> <span class='ocrx_word' id='word_1_146' title='bbox 838 2801 918 2861; x_wconf 89' lang='lat' dir='ltr'>Sane</span> <span class='ocrx_word' id='word_1_147' title='bbox 949 2803 1078 2860; x_wconf 91' lang='lat' dir='ltr'>ecclesia</span> <span class='ocrx_word' id='word_1_148' title='bbox 1105 2801 1299 2874; x_wconf 88' lang='lat' dir='ltr'>zagabriensi</span> <span class='ocrx_word' id='word_1_149' title='bbox 1327 2800 1461 2876; x_wconf 90' lang='lat' dir='ltr'>pastoris</span> <span class='ocrx_word' id='word_1_150' title='bbox 1492 2799 1602 2857; x_wconf 91' lang='lat' dir='ltr'>solatio</span> <span class='ocrx_word' id='word_1_151' title='bbox 1626 2797 1681 2856; x_wconf 91' lang='lat' dir='ltr'>de-</span> 
     </span>
     <span class='ocr_line' id='line_1_19' title="bbox 409 2905 1680 2990; baseline -0.005 -22"><span class='ocrx_word' id='word_1_152' title='bbox 409 2913 523 2984; x_wconf 90' lang='lat' dir='ltr'>stituta,</span> <span class='ocrx_word' id='word_1_153' title='bbox 554 2925 610 2968; x_wconf 91' lang='lat' dir='ltr'>nos</span> <span class='ocrx_word' id='word_1_154' title='bbox 637 2910 853 2968; x_wconf 89' lang='lat' dir='ltr'>venerabilem</span> <span class='ocrx_word' id='word_1_155' title='bbox 885 2909 1014 2990; x_wconf 80' lang='lat' dir='ltr'>fratrem</span> <span class='ocrx_word' id='word_1_156' title='bbox 1043 2913 1186 2966; x_wconf 89' lang='lat' dir='ltr'>nostrum</span> <span class='ocrx_word' id='word_1_157' title='bbox 1215 2907 1418 2965; x_wconf 86' lang='lat' dir='ltr'>Timotheum</span> <span class='ocrx_word' id='word_1_158' title='bbox 1447 2905 1680 2979; x_wconf 80' lang='lat' dir='ltr'>zagabriensem</span> 
     </span>
     <span class='ocr_line' id='line_1_20' title="bbox 412 3011 1709 3091; baseline -0.005 -17"><span class='ocrx_word' id='word_1_159' title='bbox 412 3018 602 3091; x_wconf 89' lang='lat' dir='ltr'>episcopum,</span> <span class='ocrx_word' id='word_1_160' title='bbox 628 3021 700 3074; x_wconf 91' lang='lat' dir='ltr'>tunc</span> <span class='ocrx_word' id='word_1_161' title='bbox 723 3015 977 3074; x_wconf 89' lang='lat' dir='ltr'>archidiaconum</span> <span class='ocrx_word' id='word_1_162' title='bbox 1000 3014 1038 3072; x_wconf 93' lang='lat' dir='ltr'>de</span> <span class='ocrx_word' id='word_1_163' title='bbox 1061 3015 1135 3073; x_wconf 90' lang='lat' dir='ltr'>Zala</span> <span class='ocrx_word' id='word_1_164' title='bbox 1158 3016 1190 3072; x_wconf 92' lang='lat' dir='ltr'>in</span> <span class='ocrx_word' id='word_1_165' title='bbox 1213 3015 1343 3072; x_wconf 91' lang='lat' dir='ltr'>ecclesia</span> <span class='ocrx_word' id='word_1_166' title='bbox 1365 3011 1589 3088; x_wconf 88' lang='lat' dir='ltr'>vesprimiensi,</span> <span class='ocrx_word' id='word_1_167' title='bbox 1605 3012 1681 3068; x_wconf 90' lang='lat' dir='ltr'>sub-</span> <span class='ocrx_word' id='word_1_168' title='bbox 1708 3027 1709 3030; x_wconf 45' lang='lat'>¹</span> 
     </span>
     <span class='ocr_line' id='line_1_21' title="bbox 410 3117 1680 3197; baseline -0.004 -17"><span class='ocrx_word' id='word_1_169' title='bbox 410 3123 575 3180; x_wconf 89' lang='lat' dir='ltr'>diaconum</span> <span class='ocrx_word' id='word_1_170' title='bbox 598 3127 628 3180; x_wconf 90' lang='lat' dir='ltr'>et</span> <span class='ocrx_word' id='word_1_171' title='bbox 652 3122 850 3197; x_wconf 81' lang='lat' dir='ltr'>capellanum</span> <span class='ocrx_word' id='word_1_172' title='bbox 872 3126 1016 3180; x_wconf 89' lang='lat' dir='ltr'>nostrum</span> <span class='ocrx_word' id='word_1_173' title='bbox 1039 3138 1075 3180; x_wconf 92' lang='lat' dir='ltr'>ac</span> <span class='ocrx_word' id='word_1_174' title='bbox 1098 3123 1282 3180; x_wconf 87' lang='lat' dir='ltr'>canonicum</span> <span class='ocrx_word' id='word_1_175' title='bbox 1312 3120 1518 3194; x_wconf 84' lang='lat' dir='ltr'>zagabriensis</span> <span class='ocrx_word' id='word_1_176' title='bbox 1541 3117 1680 3192; x_wconf 89' lang='lat' dir='ltr'>ecclesie,</span> 
     </span>
     <span class='ocr_line' id='line_1_22' title="bbox 411 3227 1681 3304; baseline -0.002 -18"><span class='ocrx_word' id='word_1_177' title='bbox 411 3229 449 3287; x_wconf 90' lang='lat' dir='ltr'>de</span> <span class='ocrx_word' id='word_1_178' title='bbox 473 3229 604 3288; x_wconf 85' lang='lat' dir='ltr'>fratrum</span> <span class='ocrx_word' id='word_1_179' title='bbox 629 3237 807 3288; x_wconf 88' lang='lat' dir='ltr'>nostrorum</span> <span class='ocrx_word' id='word_1_180' title='bbox 831 3229 959 3288; x_wconf 89' lang='lat' dir='ltr'>oonsilio</span> <span class='ocrx_word' id='word_1_181' title='bbox 982 3235 1012 3286; x_wconf 91' lang='lat' dir='ltr'>et</span> <span class='ocrx_word' id='word_1_182' title='bbox 1035 3229 1205 3303; x_wconf 87' lang='lat' dir='ltr'>apostolice</span> <span class='ocrx_word' id='word_1_183' title='bbox 1220 3229 1413 3304; x_wconf 88' lang='lat' dir='ltr'>plenitudine</span> <span class='ocrx_word' id='word_1_184' title='bbox 1432 3227 1593 3303; x_wconf 89' lang='lat' dir='ltr'>potestatis</span> <span class='ocrx_word' id='word_1_185' title='bbox 1607 3242 1681 3300; x_wconf 92' lang='lat' dir='ltr'>pre·</span> 
     </span>
     <span class='ocr_line' id='line_1_23' title="bbox 412 3334 1681 3410; baseline -0.002 -17"><span class='ocrx_word' id='word_1_186' title='bbox 412 3335 542 3394; x_wconf 79' lang='lat' dir='ltr'>fecimus</span> <span class='ocrx_word' id='word_1_187' title='bbox 565 3337 626 3410; x_wconf 90' lang='lat' dir='ltr'>ipsi</span> <span class='ocrx_word' id='word_1_188' title='bbox 648 3336 839 3409; x_wconf 86' lang='lat' dir='ltr'>zagabriensi</span> <span class='ocrx_word' id='word_1_189' title='bbox 864 3337 991 3395; x_wconf 91' lang='lat' dir='ltr'>ecclesie</span> <span class='ocrx_word' id='word_1_190' title='bbox 1014 3337 1046 3393; x_wconf 89' lang='lat' dir='ltr'>in</span> <span class='ocrx_word' id='word_1_191' title='bbox 1069 3335 1254 3409; x_wconf 90' lang='lat' dir='ltr'>episcopum</span> <span class='ocrx_word' id='word_1_192' title='bbox 1276 3341 1307 3393; x_wconf 90' lang='lat' dir='ltr'>et</span> <span class='ocrx_word' id='word_1_193' title='bbox 1325 3340 1493 3409; x_wconf 90' lang='lat' dir='ltr'>pastorem,</span> <span class='ocrx_word' id='word_1_194' title='bbox 1509 3349 1545 3391; x_wconf 94' lang='lat' dir='ltr'>ac</span> <span class='ocrx_word' id='word_1_195' title='bbox 1564 3334 1592 3390; x_wconf 93' lang='lat' dir='ltr'>ei</span> <span class='ocrx_word' id='word_1_196' title='bbox 1607 3349 1681 3390; x_wconf 90' lang='lat' dir='ltr'>con-</span> 
     </span>
     <span class='ocr_line' id='line_1_24' title="bbox 412 3439 1681 3519; baseline -0.003 -19"><span class='ocrx_word' id='word_1_197' title='bbox 412 3444 590 3501; x_wconf 89' lang='lat' dir='ltr'>secrationis</span> <span class='ocrx_word' id='word_1_198' title='bbox 615 3458 727 3500; x_wconf 91' lang='lat' dir='ltr'>munus</span> <span class='ocrx_word' id='word_1_199' title='bbox 751 3442 897 3500; x_wconf 86' lang='lat' dir='ltr'>duximus</span> <span class='ocrx_word' id='word_1_200' title='bbox 921 3440 1174 3515; x_wconf 91' lang='lat' dir='ltr'>impendendum,</span> <span class='ocrx_word' id='word_1_201' title='bbox 1198 3441 1334 3500; x_wconf 91' lang='lat' dir='ltr'>iniuncto</span> <span class='ocrx_word' id='word_1_202' title='bbox 1350 3440 1486 3519; x_wconf 92' lang='lat' dir='ltr'>capitulo</span> <span class='ocrx_word' id='word_1_203' title='bbox 1510 3439 1607 3514; x_wconf 92' lang='lat' dir='ltr'>ipsius</span> <span class='ocrx_word' id='word_1_204' title='bbox 1631 3455 1681 3496; x_wconf 90' lang='lat' dir='ltr'>ec·</span> 
     </span>
     <span class='ocr_line' id='line_1_25' title="bbox 410 3548 1684 3623; baseline -0.001 -17"><span class='ocrx_word' id='word_1_205' title='bbox 410 3549 501 3606; x_wconf 90' lang='lat' dir='ltr'>clesie</span> <span class='ocrx_word' id='word_1_206' title='bbox 525 3553 555 3606; x_wconf 93' lang='lat' dir='ltr'>et</span> <span class='ocrx_word' id='word_1_207' title='bbox 579 3549 662 3608; x_wconf 90' lang='lat' dir='ltr'>clero</span> <span class='ocrx_word' id='word_1_208' title='bbox 687 3549 820 3606; x_wconf 89' lang='lat' dir='ltr'>civitatis</span> <span class='ocrx_word' id='word_1_209' title='bbox 843 3553 873 3606; x_wconf 93' lang='lat' dir='ltr'>et</span> <span class='ocrx_word' id='word_1_210' title='bbox 896 3548 1026 3606; x_wconf 92' lang='lat' dir='ltr'>diocesis</span> <span class='ocrx_word' id='word_1_211' title='bbox 1051 3549 1261 3621; x_wconf 89' lang='lat' dir='ltr'>zagabriensis</span> <span class='ocrx_word' id='word_1_212' title='bbox 1283 3565 1340 3623; x_wconf 89' lang='lat' dir='ltr'>per</span> <span class='ocrx_word' id='word_1_213' title='bbox 1362 3549 1479 3606; x_wconf 89' lang='lat' dir='ltr'>litteras</span> <span class='ocrx_word' id='word_1_214' title='bbox 1502 3552 1623 3606; x_wconf 88' lang='lat' dir='ltr'>nostras</span> <span class='ocrx_word' id='word_1_215' title='bbox 1647 3552 1684 3605; x_wconf 89' lang='lat' dir='ltr'>ut</span> 
     </span>
     <span class='ocr_line' id='line_1_26' title="bbox 412 3653 1682 3729; baseline -0.002 -17"><span class='ocrx_word' id='word_1_216' title='bbox 412 3656 472 3728; x_wconf 90' lang='lat' dir='ltr'>ipsi</span> <span class='ocrx_word' id='word_1_217' title='bbox 496 3654 636 3729; x_wconf 91' lang='lat' dir='ltr'>predicto</span> <span class='ocrx_word' id='word_1_218' title='bbox 660 3655 815 3728; x_wconf 76' lang='lat' dir='ltr'>episcopo,</span> <span class='ocrx_word' id='word_1_219' title='bbox 838 3660 909 3712; x_wconf 91' lang='lat' dir='ltr'>tunc</span> <span class='ocrx_word' id='word_1_220' title='bbox 933 3655 1039 3727; x_wconf 91' lang='lat' dir='ltr'>electo,</span> <span class='ocrx_word' id='word_1_221' title='bbox 1073 3661 1236 3728; x_wconf 90' lang='lat' dir='ltr'>tamquam</span> <span class='ocrx_word' id='word_1_222' title='bbox 1267 3656 1348 3729; x_wconf 87' lang='lat' dir='ltr'>patri</span> <span class='ocrx_word' id='word_1_223' title='bbox 1371 3661 1400 3712; x_wconf 92' lang='lat' dir='ltr'>et</span> <span class='ocrx_word' id='word_1_224' title='bbox 1423 3653 1541 3728; x_wconf 91' lang='lat' dir='ltr'>pastori</span> <span class='ocrx_word' id='word_1_225' title='bbox 1563 3653 1682 3710; x_wconf 91' lang='lat' dir='ltr'>anima·</span> 
     </span>
     <span class='ocr_line' id='line_1_27' title="bbox 410 3760 1682 3836; baseline -0.001 -18"><span class='ocrx_word' id='word_1_226' title='bbox 410 3776 481 3818; x_wconf 91' lang='lat' dir='ltr'>rum</span> <span class='ocrx_word' id='word_1_227' title='bbox 505 3777 632 3818; x_wconf 91' lang='lat' dir='ltr'>suarum</span> <span class='ocrx_word' id='word_1_228' title='bbox 648 3761 759 3818; x_wconf 90' lang='lat' dir='ltr'>devote</span> <span class='ocrx_word' id='word_1_229' title='bbox 776 3761 933 3818; x_wconf 90' lang='lat' dir='ltr'>intendere</span> <span class='ocrx_word' id='word_1_230' title='bbox 950 3766 1160 3835; x_wconf 89' lang='lat' dir='ltr'>procurarent.</span> <span class='ocrx_word' id='word_1_231' title='bbox 1177 3761 1214 3818; x_wconf 90' lang='lat' dir='ltr'>Et</span> <span class='ocrx_word' id='word_1_232' title='bbox 1231 3762 1304 3819; x_wconf 90' lang='lat' dir='ltr'>licet</span> <span class='ocrx_word' id='word_1_233' title='bbox 1326 3760 1483 3836; x_wconf 89' lang='lat' dir='ltr'>predictus</span> <span class='ocrx_word' id='word_1_234' title='bbox 1506 3761 1682 3834; x_wconf 72' lang='lat' dir='ltr'>episcopua,</span> 
     </span>
     <span class='ocr_line' id='line_1_28' title="bbox 409 3865 1682 3942; baseline 0 -18"><span class='ocrx_word' id='word_1_235' title='bbox 409 3868 487 3925; x_wconf 90' lang='lat' dir='ltr'>sicut</span> <span class='ocrx_word' id='word_1_236' title='bbox 509 3867 693 3940; x_wconf 71' lang='lat' dir='ltr'>accepimus</span> <span class='ocrx_word' id='word_1_237' title='bbox 718 3867 870 3940; x_wconf 88' lang='lat' dir='ltr'>quosdam</span> <span class='ocrx_word' id='word_1_238' title='bbox 892 3868 1015 3925; x_wconf 91' lang='lat' dir='ltr'>nuntios</span> <span class='ocrx_word' id='word_1_239' title='bbox 1037 3873 1067 3925; x_wconf 90' lang='lat' dir='ltr'>et</span> <span class='ocrx_word' id='word_1_240' title='bbox 1091 3873 1307 3942; x_wconf 87' lang='lat' dir='ltr'>procuratores</span> <span class='ocrx_word' id='word_1_241' title='bbox 1330 3882 1402 3924; x_wconf 90' lang='lat' dir='ltr'>suos</span> <span class='ocrx_word' id='word_1_242' title='bbox 1424 3866 1465 3924; x_wconf 91' lang='lat' dir='ltr'>ad</span> <span class='ocrx_word' id='word_1_243' title='bbox 1486 3865 1615 3924; x_wconf 90' lang='lat' dir='ltr'>eandem</span> <span class='ocrx_word' id='word_1_244' title='bbox 1632 3882 1682 3924; x_wconf 90' lang='lat' dir='ltr'>ec-</span> 
     </span>
     <span class='ocr_line' id='line_1_29' title="bbox 411 3971 1682 4047; baseline 0 -17"><span class='ocrx_word' id='word_1_245' title='bbox 411 3974 537 4030; x_wconf 89' lang='lat' dir='ltr'>clesiam</span> <span class='ocrx_word' id='word_1_246' title='bbox 567 3973 735 4044; x_wconf 76' lang='lat' dir='ltr'>destinarit,</span> <span class='ocrx_word' id='word_1_247' title='bbox 768 3973 822 4046; x_wconf 89' lang='lat' dir='ltr'>qui</span> <span class='ocrx_word' id='word_1_248' title='bbox 851 3989 950 4047; x_wconf 91' lang='lat' dir='ltr'>usque</span> <span class='ocrx_word' id='word_1_249' title='bbox 980 3975 1019 4031; x_wconf 92' lang='lat' dir='ltr'>ad</span> <span class='ocrx_word' id='word_1_250' title='bbox 1055 3975 1224 4032; x_wconf 90' lang='lat' dir='ltr'>adventum</span> <span class='ocrx_word' id='word_1_251' title='bbox 1254 3974 1352 4047; x_wconf 89' lang='lat' dir='ltr'>ipsius</span> <span class='ocrx_word' id='word_1_252' title='bbox 1379 3973 1516 4047; x_wconf 90' lang='lat' dir='ltr'>episcopi</span> <span class='ocrx_word' id='word_1_253' title='bbox 1540 3971 1682 4030; x_wconf 89' lang='lat' dir='ltr'>eiusdem</span> 
     </span>
     <span class='ocr_line' id='line_1_30' title="bbox 412 4078 1680 4154; baseline 0 -18"><span class='ocrx_word' id='word_1_254' title='bbox 412 4079 540 4137; x_wconf 89' lang='lat' dir='ltr'>ecclesie</span> <span class='ocrx_word' id='word_1_255' title='bbox 563 4096 670 4137; x_wconf 88' lang='lat' dir='ltr'>curam</span> <span class='ocrx_word' id='word_1_256' title='bbox 692 4085 833 4152; x_wconf 86' lang='lat' dir='ltr'>gererent</span> <span class='ocrx_word' id='word_1_257' title='bbox 857 4080 1048 4153; x_wconf 87' lang='lat' dir='ltr'>diligentem,</span> <span class='ocrx_word' id='word_1_258' title='bbox 1083 4087 1185 4138; x_wconf 89' lang='lat' dir='ltr'>tamen</span> <span class='ocrx_word' id='word_1_259' title='bbox 1217 4080 1277 4154; x_wconf 91' lang='lat' dir='ltr'>ipsi</span> <span class='ocrx_word' id='word_1_260' title='bbox 1306 4095 1368 4137; x_wconf 91' lang='lat' dir='ltr'>non</span> <span class='ocrx_word' id='word_1_261' title='bbox 1396 4078 1521 4138; x_wconf 86' lang='lat' dir='ltr'>fuerunt</span> <span class='ocrx_word' id='word_1_262' title='bbox 1542 4079 1680 4138; x_wconf 87' lang='lat' dir='ltr'>admissi.</span> 
     </span>
     <span class='ocr_line' id='line_1_31' title="bbox 411 4185 1680 4260; baseline 0.001 -18"><span class='ocrx_word' id='word_1_263' title='bbox 411 4185 475 4242; x_wconf 91' lang='lat' dir='ltr'>Nos</span> <span class='ocrx_word' id='word_1_264' title='bbox 505 4186 608 4258; x_wconf 89' lang='lat' dir='ltr'>itaque</span> <span class='ocrx_word' id='word_1_265' title='bbox 639 4186 805 4258; x_wconf 91' lang='lat' dir='ltr'>cupientes,</span> <span class='ocrx_word' id='word_1_266' title='bbox 836 4191 870 4243; x_wconf 89' lang='lat' dir='ltr'>ut</span> <span class='ocrx_word' id='word_1_267' title='bbox 900 4186 1009 4244; x_wconf 89' lang='lat' dir='ltr'>eadem</span> <span class='ocrx_word' id='word_1_268' title='bbox 1041 4187 1169 4244; x_wconf 89' lang='lat' dir='ltr'>ecclesia</span> <span class='ocrx_word' id='word_1_269' title='bbox 1199 4186 1379 4244; x_wconf 82' lang='lat' dir='ltr'>salubribus</span> <span class='ocrx_word' id='word_1_270' title='bbox 1410 4186 1553 4260; x_wconf 91' lang='lat' dir='ltr'>proficiat</span> <span class='ocrx_word' id='word_1_271' title='bbox 1583 4187 1680 4244; x_wconf 89' lang='lat' dir='ltr'>iucre-</span> 
     </span>
     <span class='ocr_line' id='line_1_32' title="bbox 411 4292 1681 4366; baseline 0.003 -18"><span class='ocrx_word' id='word_1_272' title='bbox 411 4293 530 4362; x_wconf 89' lang='lat' dir='ltr'>mentis,</span> <span class='ocrx_word' id='word_1_273' title='bbox 556 4292 594 4349; x_wconf 91' lang='lat' dir='ltr'>de</span> <span class='ocrx_word' id='word_1_274' title='bbox 618 4297 670 4350; x_wconf 90' lang='lat' dir='ltr'>tua</span> <span class='ocrx_word' id='word_1_275' title='bbox 694 4293 977 4366; x_wconf 89' lang='lat' dir='ltr'>circumspectione,</span> <span class='ocrx_word' id='word_1_276' title='bbox 1001 4308 1096 4366; x_wconf 90' lang='lat' dir='ltr'>quam</span> <span class='ocrx_word' id='word_1_277' title='bbox 1126 4294 1157 4350; x_wconf 89' lang='lat' dir='ltr'>in</span> <span class='ocrx_word' id='word_1_278' title='bbox 1185 4294 1293 4351; x_wconf 88' lang='lat' dir='ltr'>multis</span> <span class='ocrx_word' id='word_1_279' title='bbox 1316 4299 1346 4350; x_wconf 94' lang='lat' dir='ltr'>et</span> <span class='ocrx_word' id='word_1_280' title='bbox 1368 4293 1474 4352; x_wconf 91' lang='lat' dir='ltr'>arduis</span> <span class='ocrx_word' id='word_1_281' title='bbox 1496 4309 1603 4352; x_wconf 89' lang='lat' dir='ltr'>sumus</span> <span class='ocrx_word' id='word_1_282' title='bbox 1626 4309 1681 4352; x_wconf 84' lang='lat' dir='ltr'>ex·</span> 
     </span>
     <span class='ocr_line' id='line_1_33' title="bbox 411 4397 1680 4473; baseline 0.003 -19"><span class='ocrx_word' id='word_1_283' title='bbox 411 4398 500 4471; x_wconf 90' lang='lat' dir='ltr'>perti,</span> <span class='ocrx_word' id='word_1_284' title='bbox 524 4398 639 4470; x_wconf 88' lang='lat' dir='ltr'>confisi,</span> <span class='ocrx_word' id='word_1_285' title='bbox 664 4404 693 4455; x_wconf 92' lang='lat' dir='ltr'>te</span> <span class='ocrx_word' id='word_1_286' title='bbox 715 4415 773 4472; x_wconf 91' lang='lat' dir='ltr'>pro</span> <span class='ocrx_word' id='word_1_287' title='bbox 797 4397 936 4456; x_wconf 88' lang='lat' dir='ltr'>eiusdem</span> <span class='ocrx_word' id='word_1_288' title='bbox 967 4399 1094 4457; x_wconf 89' lang='lat' dir='ltr'>ecclesie</span> <span class='ocrx_word' id='word_1_289' title='bbox 1125 4405 1155 4457; x_wconf 92' lang='lat' dir='ltr'>et</span> <span class='ocrx_word' id='word_1_290' title='bbox 1189 4401 1286 4473; x_wconf 90' lang='lat' dir='ltr'>ipsius</span> <span class='ocrx_word' id='word_1_291' title='bbox 1313 4400 1453 4473; x_wconf 89' lang='lat' dir='ltr'>episcopi</span> <span class='ocrx_word' id='word_1_292' title='bbox 1474 4401 1680 4473; x_wconf 88' lang='lat' dir='ltr'>procurandis</span> 
     </span>
     <span class='ocr_line' id='line_1_34' title="bbox 412 4505 1680 4579; baseline 0.003 -18"><span class='ocrx_word' id='word_1_293' title='bbox 412 4510 442 4561; x_wconf 91' lang='lat' dir='ltr'>et</span> <span class='ocrx_word' id='word_1_294' title='bbox 466 4505 665 4578; x_wconf 86' lang='lat' dir='ltr'>expediendis</span> <span class='ocrx_word' id='word_1_295' title='bbox 687 4505 818 4578; x_wconf 88' lang='lat' dir='ltr'>negotiis</span> <span class='ocrx_word' id='word_1_296' title='bbox 845 4505 885 4563; x_wconf 90' lang='lat' dir='ltr'>ad</span> <span class='ocrx_word' id='word_1_297' title='bbox 915 4511 1018 4579; x_wconf 91' lang='lat' dir='ltr'>partes</span> <span class='ocrx_word' id='word_1_298' title='bbox 1050 4506 1186 4579; x_wconf 85' lang='lat' dir='ltr'>Ungarie</span> <span class='ocrx_word' id='word_1_299' title='bbox 1217 4507 1362 4564; x_wconf 82' lang='lat' dir='ltr'>duximus</span> <span class='ocrx_word' id='word_1_300' title='bbox 1394 4506 1616 4578; x_wconf 88' lang='lat' dir='ltr'>destinandum,</span> <span class='ocrx_word' id='word_1_301' title='bbox 1649 4515 1680 4565; x_wconf 88' lang='lat' dir='ltr'>et</span> 
     </span>
     <span class='ocr_line' id='line_1_35' title="bbox 412 4611 1679 4686; baseline 0.002 -19"><span class='ocrx_word' id='word_1_302' title='bbox 412 4611 637 4684; x_wconf 88' lang='lat' dir='ltr'>procurationis</span> <span class='ocrx_word' id='word_1_303' title='bbox 662 4611 800 4669; x_wconf 87' lang='lat' dir='ltr'>officium</span> <span class='ocrx_word' id='word_1_304' title='bbox 822 4612 863 4669; x_wconf 88' lang='lat' dir='ltr'>ab</span> <span class='ocrx_word' id='word_1_305' title='bbox 887 4612 997 4670; x_wconf 90' lang='lat' dir='ltr'>eodem</span> <span class='ocrx_word' id='word_1_306' title='bbox 1020 4613 1166 4686; x_wconf 90' lang='lat' dir='ltr'>episcopo</span> <span class='ocrx_word' id='word_1_307' title='bbox 1190 4614 1255 4685; x_wconf 90' lang='lat' dir='ltr'>tibi,</span> <span class='ocrx_word' id='word_1_308' title='bbox 1279 4619 1313 4670; x_wconf 92' lang='lat' dir='ltr'>ut</span> <span class='ocrx_word' id='word_1_309' title='bbox 1334 4614 1488 4685; x_wconf 88' lang='lat' dir='ltr'>asseritur,</span> <span class='ocrx_word' id='word_1_310' title='bbox 1516 4613 1596 4671; x_wconf 90' lang='lat' dir='ltr'>circa</span> <span class='ocrx_word' id='word_1_311' title='bbox 1625 4630 1679 4671; x_wconf 91' lang='lat' dir='ltr'>cu-</span> 
     </span>
     <span class='ocr_line' id='line_1_36' title="bbox 411 4719 1680 4794; baseline 0.003 -19"><span class='ocrx_word' id='word_1_312' title='bbox 411 4733 479 4775; x_wconf 89' lang='lat' dir='ltr'>ram</span> <span class='ocrx_word' id='word_1_313' title='bbox 503 4719 533 4775; x_wconf 95' lang='lat' dir='ltr'>in</span> <span class='ocrx_word' id='word_1_314' title='bbox 557 4719 773 4792; x_wconf 88' lang='lat' dir='ltr'>spiritualibus</span> <span class='ocrx_word' id='word_1_315' title='bbox 796 4723 826 4776; x_wconf 93' lang='lat' dir='ltr'>ct</span> <span class='ocrx_word' id='word_1_316' title='bbox 851 4719 1078 4793; x_wconf 88' lang='lat' dir='ltr'>temporalibus</span> <span class='ocrx_word' id='word_1_317' title='bbox 1101 4720 1181 4777; x_wconf 90' lang='lat' dir='ltr'>dicte</span> <span class='ocrx_word' id='word_1_318' title='bbox 1205 4720 1331 4778; x_wconf 89' lang='lat' dir='ltr'>ecclesie</span> <span class='ocrx_word' id='word_1_319' title='bbox 1353 4721 1563 4792; x_wconf 88' lang='lat' dir='ltr'>commissum,</span> <span class='ocrx_word' id='word_1_320' title='bbox 1580 4721 1680 4794; x_wconf 90' lang='lat' dir='ltr'>ipsius</span> 
     </span>
     <span class='ocr_line' id='line_1_37' title="bbox 413 4825 1680 4900; baseline 0.002 -18"><span class='ocrx_word' id='word_1_321' title='bbox 413 4825 551 4882; x_wconf 88' lang='lat' dir='ltr'>inclinati</span> <span class='ocrx_word' id='word_1_322' title='bbox 574 4825 854 4898; x_wconf 88' lang='lat' dir='ltr'>supplicationibus</span> <span class='ocrx_word' id='word_1_323' title='bbox 885 4826 1021 4899; x_wconf 88' lang='lat' dir='ltr'>episcopi</span> <span class='ocrx_word' id='word_1_324' title='bbox 1054 4828 1273 4900; x_wconf 71' lang='lat' dir='ltr'>approbantes</span> <span class='ocrx_word' id='word_1_325' title='bbox 1306 4826 1436 4884; x_wconf 91' lang='lat' dir='ltr'>eandem</span> <span class='ocrx_word' id='word_1_326' title='bbox 1466 4842 1573 4884; x_wconf 90' lang='lat' dir='ltr'>curam</span> <span class='ocrx_word' id='word_1_327' title='bbox 1595 4827 1680 4884; x_wconf 87' lang='lat' dir='ltr'>circa</span> 
     </span>
     <span class='ocr_line' id='line_1_38' title="bbox 413 4931 1680 5008; baseline 0.003 -20"><span class='ocrx_word' id='word_1_328' title='bbox 413 4933 482 5005; x_wconf 90' lang='lat' dir='ltr'>ipsa</span> <span class='ocrx_word' id='word_1_329' title='bbox 503 4931 679 5005; x_wconf 91' lang='lat' dir='ltr'>spiritualia</span> <span class='ocrx_word' id='word_1_330' title='bbox 702 4937 732 4988; x_wconf 90' lang='lat' dir='ltr'>et</span> <span class='ocrx_word' id='word_1_331' title='bbox 756 4932 941 5005; x_wconf 88' lang='lat' dir='ltr'>temporalia</span> <span class='ocrx_word' id='word_1_332' title='bbox 964 4948 1061 5004; x_wconf 88' lang='lat' dir='ltr'>usque</span> <span class='ocrx_word' id='word_1_333' title='bbox 1086 4933 1124 4990; x_wconf 92' lang='lat' dir='ltr'>ad</span> <span class='ocrx_word' id='word_1_334' title='bbox 1150 4933 1382 5007; x_wconf 91' lang='lat' dir='ltr'>beneplacitum</span> <span class='ocrx_word' id='word_1_335' title='bbox 1412 4933 1510 5006; x_wconf 91' lang='lat' dir='ltr'>ipsius</span> <span class='ocrx_word' id='word_1_336' title='bbox 1540 4933 1680 5008; x_wconf 88' lang='lat' dir='ltr'>episcopi</span> 
     </span>
     <span class='ocr_line' id='line_1_39' title="bbox 413 5037 1682 5112; baseline 0.002 -18"><span class='ocrx_word' id='word_1_337' title='bbox 413 5037 478 5109; x_wconf 89' lang='lat' dir='ltr'>tibi,</span> <span class='ocrx_word' id='word_1_338' title='bbox 502 5039 681 5096; x_wconf 88' lang='lat' dir='ltr'>auctoritate</span> <span class='ocrx_word' id='word_1_339' title='bbox 704 5038 894 5112; x_wconf 90' lang='lat' dir='ltr'>presentium</span> <span class='ocrx_word' id='word_1_340' title='bbox 928 5037 1074 5096; x_wconf 83' lang='lat' dir='ltr'>duximus</span> <span class='ocrx_word' id='word_1_341' title='bbox 1108 5039 1370 5097; x_wconf 89' lang='lat' dir='ltr'>committendam.</span> <span class='ocrx_word' id='word_1_342' title='bbox 1393 5039 1544 5112; x_wconf 82' lang='lat' dir='ltr'>Quocirca</span> <span class='ocrx_word' id='word_1_343' title='bbox 1566 5037 1682 5098; x_wconf 88' lang='lat' dir='ltr'>discre-</span> 
     </span>
    </p>
   </div>
   <div class='ocr_carea' id='block_1_8' title="bbox 0 0 1901 5812">
    <p class='ocr_par' dir='ltr' id='par_1_8' title="bbox 0 0 1901 5812">
     <span class='ocr_line' id='line_1_40' title="bbox 0 0 1901 5812; baseline 0 0"><span class='ocrx_word' id='word_1_344' title='bbox 0 0 1901 5812; x_wconf 95' lang='lat' dir='ltr'> </span> 
     </span>
    </p>
   </div>
  </div>
 </body>
</html>
