3728 5806
629 541 701 596 Dor.
720 551 793 615 325.
812 537 887 615 326.
917 573 951 581 —
979 541 1033 598 Ari.
1061 538 1150 616 1384.
1461 557 1520 616 305

851 734 935 799 325.

346 858 422 906 Anno
444 857 517 917 1384,
541 857 577 904 io.
598 855 761 920 septembris.
782 855 811 906 In
832 856 913 921 Siget.

257 983 408 1041 Elisabeth
431 985 533 1056 regina
557 984 733 1056 Hungurine
764 983 910 1057 Stephano
937 984 1010 1040 bane
1038 995 1070 1042 nt
1099 994 1238 1059 expensae
1262 997 1319 1061 per
1349 989 1421 1045 cives
1451 987 1523 1046 Gre-

331 1089 443 1146 cltcnses
465 1090 521 1146 sibi
531 1090 643 1164 factae,
667 1109 686 1145 a
709 1090 904 1162 iobagionibus
927 1091 1050 1148 bonetus
1072 1093 1270 1163 restituantur,
1287 1095 1437 1166 praecipit.

345 1235 512 1305 Elizabeth,
537 1235 587 1292 dei
610 1237 714 1306 gracia
734 1236 839 1307 regina
865 1236 1007 1308 Vngarie,
1026 1237 1158 1306 polonie,
1176 1237 1335 1294 Dalmacie
1352 1243 1407 1295 etc.
1424 1237 1523 1295 Fideli

257 1357 313 1399 suo
337 1340 502 1412 magnifico
527 1341 595 1398 viro
619 1341 745 1398 domino
768 1340 933 1416 Stephano,
957 1344 1044 1415 regni
1067 1344 1163 1400 nostri
1187 1342 1349 1401 Sclauonie
1372 1346 1460 1415 bane,
1477 1359 1524 1401 sa-

257 1447 356 1503 lutem
379 1454 409 1503 et
431 1448 575 1518 graciam.
599 1448 721 1504 Dicitur
743 1449 833 1504 nobis
856 1449 886 1505 in
910 1449 1049 1521 personis
1073 1449 1290 1506 universorum
1310 1450 1426 1506 civium
1450 1449 1524 1506 civi-

258 1554 328 1609 tatis
350 1557 454 1609 nostre
477 1553 590 1610 montis
607 1552 776 1623 Grecensis
794 1553 878 1626 quod
895 1569 950 1610 vos
966 1555 1113 1611 victualia
1129 1554 1253 1628 pridem
1269 1555 1358 1612 nobis
1375 1554 1524 1627 Zagrabie

257 1659 467 1730 existentibus,
492 1659 521 1715 in
545 1659 648 1715 medio
673 1660 813 1732 ipsorum
838 1659 917 1716 lacta
934 1666 963 1716 et
979 1661 1119 1733 exposita
1135 1677 1190 1734 per
1208 1661 1386 1732 iobagiones
1403 1665 1523 1717 nostros

258 1765 287 1821 in
312 1765 427 1821 honore
451 1769 555 1821 vestro
578 1765 741 1822 existentes
765 1765 882 1822 eisdem
905 1766 944 1822 ad
969 1766 1105 1838 plurima
1137 1773 1241 1823 nostra
1264 1767 1410 1824 mandata
1433 1768 1523 1824 vobis

257 1887 351 1944 super
379 1886 415 1927 eo
448 1871 544 1928 allata
574 1871 781 1944 persolvisare
813 1873 1008 1928 recusassetis
1039 1873 1069 1928 in
1101 1874 1240 1946 ipsorum
1272 1888 1332 1930 non
1366 1873 1523 1930 modicum

258 1976 429 2050 dampnum
454 1982 546 2049 atque
570 1977 741 2034 maximum
767 1977 993 2034 detrimentum.
1026 1977 1126 2051 Super
1157 1993 1219 2050 quo
1249 1977 1390 2035 fidelitati
1423 1984 1523 2035 vestre

258 2082 350 2138 firmo
374 2083 503 2155 reginali
526 2083 635 2139 damus
659 2083 718 2139 sub
742 2083 851 2154 edict0,
869 2089 1018 2155 qnatenus
1035 2099 1108 2140 mox
1125 2085 1199 2140 visis
1222 2085 1416 2157 presentibus
1440 2085 1522 2140 dicta

259 2189 415 2256 victualia,
438 2190 640 2262 quantitatem
669 2190 849 2246 victualium
879 2206 935 2261 per
959 2191 1041 2262 ipsos
1065 2191 1147 2246 cives
1174 2197 1277 2247 nostre
1301 2192 1452 2247 maiestati
1485 2207 1523 2248 ex

258 2295 363 2352 debito
395 2295 538 2352 datorum
564 2301 593 2352 et
616 2297 843 2365 assignatorum
868 2296 1075 2364 extendentia,
1100 2299 1128 2352 in
1155 2297 1257 2353 medio
1283 2303 1357 2369 puta
1381 2298 1521 2370 ipsorum

259 2417 316 2474 pro
347 2408 451 2458 nostra
483 2403 640 2458 maiestate
674 2401 753 2458 sacta
784 2409 813 2458 et
845 2403 985 2475 exposita
1016 2402 1132 2458 eisdem
1164 2403 1285 2459 civibus
1323 2405 1434 2459 nostris
1469 2420 1524 2476 per

259 2515 446 2565 memoratos
466 2508 644 2578 iobagiones
667 2514 788 2564 nostros
813 2509 949 2581 persolvi
975 2507 1074 2564 facere
1098 2508 1243 2573 debeatis
1267 2509 1413 2581 ampliori
1439 2525 1523 2565 man-

259 2614 330 2671 dato
353 2631 446 2688 super
470 2616 517 2670 'his
542 2631 559 2670 a
582 2621 687 2670 nostra
711 2616 869 2672 maiestate
892 2631 951 2672 non
974 2621 1142 2687 expectato,
1160 2631 1247 2671 mora
1271 2621 1300 2670 et
1325 2631 1431 2671 recusa
1455 2616 1521 2686 qui·

261 2721 367 2776 busvis
391 2722 552 2792 relegatis;
576 2721 659 2776 aliud
686 2722 778 2791 igitur
799 2737 856 2792 pro
876 2729 980 2778 nostra
997 2723 1099 2792 gracia
1114 2737 1173 2777 non
1192 2720 1335 2777 facturus
1362 2721 1474 2777 Datum
1494 2723 1521 2776 in

261 2826 372 2898 Zyged,
397 2829 490 2884 tercio
514 2827 563 2884 die
589 2827 656 2883 sesti
680 2827 879 2884 exaltacioni<
902 2833 1004 2884 sancte
1028 2828 1134 2884 crucis
1162 2829 1249 2883 ilnno
1272 2827 1390 2883 domini
1414 2826 1523 2884 MCCC

260 2935 469 3004 octuagesimo
494 2939 611 3006 quarto.

347 3069 368 3117 E
388 3075 552 3134 transumpto
572 3068 682 3133 capituli
703 3069 827 3118 ecclesiae
845 3069 1030 3131 zagrabiensis
1051 3086 1117 3118 anno
1141 3072 1213 3129 1384.
1234 3079 1273 3122 27.
1295 3068 1458 3133 septembris.

846 3300 933 3365 326.

365 3442 440 3490 Anno
463 3441 536 3500 1384,
559 3447 598 3494 27.
619 3441 783 3504 septembris.
804 3441 956 3502 Zagrabiae.

263 3566 427 3639 Capitulum
444 3569 560 3640 zeinab.
577 3569 743 3625 mandatnm
759 3570 876 3642 reginae
902 3569 1050 3626 ,Elisabeth
1073 3570 1107 3628 dc
1129 3572 1259 3643 expensis
1281 3570 1339 3630 stit
1352 3572 1446 3646 sucus
1466 3579 1524 3644 prr

338 3674 411 3729 ciues
441 3674 615 3732 Greclirnses
637 3693 656 3729 u
680 3675 874 3746 iotagtnm'ius
896 3676 1020 3733 liarintns
1042 3678 1237 3746 resarciendis,
1261 3679 1432 3735 transcribit.

347 3817 410 3874 Nos
427 3818 598 3892 capitulum
615 3819 742 3874 ecclesie
758 3819 972 3890 zagrabiensis
990 3821 1138 3876 Memorie
1156 3821 1407 3880 commendantes
1420 3829 1524 3880 tenore

260 3924 452 3995 presencium
477 3923 686 3996 significamus
710 3924 824 3996 quibus
847 3925 972 3998 expedit
995 3927 1154 3995 universis
1179 3927 1260 4001 quod
1286 3929 1462 3986 accedentes
1484 3931 1524 3986 ad

258 4037 395 4086 nostram
422 4032 613 4102 presenciam
646 4031 705 4088 viri
738 4030 870 4103 providi,
902 4032 1096 4101 'Laurencius
1132 4035 1296 4093 modernus
1324 4043 1353 4092 et
1376 4037 1523 4105 Francha,

259 4135 416 4208 quondam
440 4135 555 4192 iudices
579 4151 615 4193 ac
637 4138 719 4193 cives
744 4137 876 4194 civitatis
901 4139 1013 4194 montis
1041 4139 1224 4198 Grecbensis
1241 4141 1279 4198 de
1295 4141 1455 4214 Zagrabia‚
1472 4159 1523 4199 ex·

258 4240 425 4297 hibuerunt
448 4246 478 4297 et
498 4245 744 4314 apportaverunt
767 4243 856 4298 nobis
880 4244 998 4300 litteras
1023 4251 1160 4318 patentes
1191 4249 1384 4306 serenissime
1408 4249 1521 4322 princi·

260 4347 341 4420 pisse
372 4347 496 4404 domine
528 4348 695 4419 Elizabeth,
728 4347 777 4405 dei
807 4351 911 4422 gracia
941 4351 1044 4408 inclite
1075 4353 1179 4424 regine
1211 4354 1352 4426 Vngarie,
1389 4355 1523 4412 Polonie.

260 4453 419 4510 Dalmacie
450 4459 514 4524 etc,
549 4455 663 4511 tenoris
697 4453 893 4528 infrascripti,
929 4464 1066 4529 petentes
1095 4473 1150 4514 nos
1181 4457 1286 4517 debita
1321 4475 1447 4534 precum
1480 4461 1523 4516 in-

259 4561 381 4629 sarneia,
406 4565 439 4616 ut
462 4559 587 4617 easdem
611 4559 649 4617 de
673 4561 770 4617 verbo
793 4561 831 4618 ad
856 4564 989 4620 verbum
1019 4566 1181 4622 transcribi
1212 4573 1241 4623 et
1275 4567 1386 4623 litteris
1409 4567 1521 4624 nostris

261 4664 436 4736 patentibus
466 4666 558 4722 inseri
581 4665 752 4723 faceremus
780 4667 819 4724 ad
850 4669 1009 4726 cautelam.
1034 4670 1173 4742 Quarum
1197 4679 1284 4729 tenor
1309 4674 1334 4729 is
1362 4681 1421 4730 est:
1450 4667 1523 4751 (vid.

258 4785 301 4826 nr.
327 4784 398 4843 325,
423 4785 503 4828 anno
532 4771 622 4847 1384,
651 4770 697 4830 16.
721 4767 927 4850 septembris).
960 4774 1022 4831 Nos
1053 4777 1156 4848 itaque
1188 4779 1274 4834 iustis
1308 4785 1338 4834 et
1365 4779 1524 4852 condignis

259 4877 463 4947 peticionibus
487 4877 642 4936 dictorum
664 4879 801 4936 iudicum
825 4887 998 4950 annuentes,
1016 4882 1208 4954 supradictas
1228 4884 1346 4941 litteras
1362 4887 1523 4958 reginales

258 4981 437 5055 modoque
461 4999 563 5056 supra,
587 4984 626 5040 de
649 4985 747 5041 verbo
770 4985 809 5042 ad
833 4987 968 5044 verbum
1000 4990 1163 5048 transcribi
1194 4995 1223 5048 et
1254 4994 1450 5065 presentibus
1475 4996 1523 5052 lit-

1386 5122 1420 5161 20
