3824 5806
669 600 741 658 Doe.
760 595 840 677 388.
858 595 936 677 389.
960 633 1003 643 —
1026 601 1082 659 An.
1108 597 1198 678 1396.

887 793 976 859 888.

407 954 484 1003 Anno
507 951 581 1015 1396,
601 961 641 1009 30.
660 949 735 1018 Julii.
757 950 846 1016 Prope
865 950 956 1000 villam
975 951 1076 1001 Hudos.

300 1082 441 1140 Detricus
463 1081 563 1137 Bubek
585 1080 685 1150 banus,
714 1079 869 1136 castellano
891 1078 925 1136 de
947 1079 1075 1136 Medned
1094 1081 1208 1154 eiusque
1231 1081 1461 1150 vicecastellunis,
1481 1099 1516 1138 ne
1531 1081 1565 1138 de

300 1189 389 1260 lignis
406 1197 466 1262 pro
488 1188 626 1262 aedificiis
651 1187 755 1244 civium
784 1185 989 1244 Greehensium
1011 1187 1203 1255 conducendis,
1233 1188 1263 1243 in
1280 1195 1371 1262 portu
1395 1185 1492 1246 savae
1509 1195 1567 1261 per

599 1293 760 1350 decenneiem
784 1293 919 1350 meusim
941 1292 1095 1366 exigerent,
1118 1293 1266 1367 praecipit.

387 1441 531 1498 Detricus
562 1438 677 1509 Bubek‚
709 1439 795 1511 regni
826 1437 989 1496 Sclauonie
1020 1438 1126 1496 banus.
1150 1439 1278 1496 Dilectis
1301 1439 1391 1496 nobis
1414 1439 1565 1511 magistro

299 1547 432 1630 Johanni
456 1545 576 1619 Hyged‚
600 1545 769 1602 castellano
800 1548 905 1602 nostro
929 1542 967 1600 de
991 1542 1111 1602 Medwe
1134 1550 1164 1601 et
1187 1545 1431 1603 vicecastellanis
1454 1559 1488 1601 ac
1512 1545 1565 1602 tri·

298 1652 428 1709 butariis
461 1650 642 1708 eorumdem
674 1651 705 1708 in
737 1651 880 1724 portibus
911 1648 1006 1720 fluvii,
1037 1649 1129 1708 Zawa
1151 1651 1261 1722 vocati,
1285 1650 1494 1722 existentibus,
1518 1665 1565 1708 sa·

298 1759 397 1816 lutem
428 1764 458 1816 et
488 1757 698 1816 dileccionem.
729 1757 810 1830 Quia
841 1773 879 1814 ex
909 1757 1074 1830 generibus
1103 1763 1133 1816 et
1164 1757 1363 1815 continenciis
1390 1757 1565 1815 litterarum

298 1865 450 1938 regalium
475 1865 565 1922 nobis
589 1863 797 1922 exhibitarum
821 1862 921 1920 edocti
943 1879 1050 1921 sumus
1074 1871 1104 1921 et
1126 1864 1292 1936 informati,
1317 1863 1402 1936 quod
1422 1861 1565 1921 dominus

299 1978 402 2029 noster
432 1987 487 2028 rex
518 1969 665 2028 fidelibus
696 1969 817 2026 civibus
849 1969 912 2027 suis
943 1970 1076 2027 civitatis
1105 1987 1159 2027 sue
1190 1971 1304 2028 montis
1331 1968 1492 2028 Grecensis
1526 1969 1565 2027 de

298 2076 449 2149 Zagrabia
472 2077 551 2134 banc
574 2076 771 2150 prerogative
794 2076 930 2148 graciam
950 2075 1038 2133 duxit
1065 2073 1237 2134 faciendam
1253 2081 1283 2133 et
1299 2075 1372 2134 fecit
1388 2076 1563 2151 specialem,

298 2181 381 2254 quod
406 2181 512 2239 nullus
534 2182 696 2239 hominum
720 2181 750 2237 in
774 2180 917 2254 portibus
940 2180 1027 2238 tluvii
1043 2182 1210 2256 supradicti
1228 2182 1266 2239 de
1282 2181 1374 2254 lignis
1390 2181 1428 2239 acl
1446 2181 1561 2239 dictam

299 2289 457 2346 civitatem
480 2303 537 2360 per
557 2286 683 2344 eosdem
714 2287 797 2344 cives
827 2302 885 2361 pro
912 2286 1040 2344 edificiis
1076 2286 1223 2346 faciendis
1245 2287 1461 2358 conducendis,
1485 2287 1564 2345 infra

298 2393 405 2451 decem
428 2408 581 2451 annorum
605 2393 744 2466 spacium
769 2392 922 2452 tributum
945 2393 1068 2466 exigere
1085 2393 1197 2451 debeat
1213 2393 1307 2452 modo
1323 2393 1468 2467 aliquali;
1488 2408 1565 2466 quas

298 2499 423 2573 quidem
449 2500 567 2557 litteras
590 2500 690 2571 regias
713 2513 777 2570 nos,
801 2505 834 2556 ut
858 2505 1006 2569 tenemur,
1031 2500 1061 2556 in
1085 2501 1148 2557 suis
1170 2501 1330 2572 vigoribus
1346 2500 1493 2558 volumus
1508 2501 1564 2558 ob·

296 2620 439 2674 servare;
455 2619 513 2679 pro
529 2619 566 2661 eo
582 2604 743 2662 dileccioni
760 2609 861 2662 vestre
877 2619 988 2677 genere
1008 2606 1202 2680 presencium
1219 2605 1351 2663 firmiter
1366 2606 1563 2678 iniungimus,

297 2715 448 2783 quatenus
472 2711 557 2767 iuxta
581 2711 765 2783 premissam
788 2711 925 2768 litteram
948 2710 1045 2784 ipsius
1068 2710 1187 2768 domini
1207 2711 1304 2768 nostri
1319 2711 1401 2782 regis
1417 2710 1456 2767 de
1471 2711 1563 2783 lignis

296 2815 482 2889 supradictis
513 2815 553 2873 ab
577 2815 693 2873 eisdem
726 2817 847 2873 civibus
877 2821 906 2874 et
929 2831 947 2874 a
970 2815 1112 2888 quolibet
1134 2831 1242 2873 eorum
1266 2817 1296 2873 in
1320 2815 1467 2889 predictis
1490 2831 1562 2891 por·

295 2922 379 2978 tibus
409 2938 508 2994 usque
538 2927 662 2995 tempus
693 2921 849 2995 prefixum
880 2922 1004 2980 nullum
1028 2923 1179 2980 tributum
1203 2923 1326 2995 exigere
1349 2927 1378 2979 et
1402 2939 1458 2980 nec
1481 2923 1563 2996 exigi

296 3025 396 3084 lacere
419 3029 649 3102 presummatis‚
672 3034 701 3085 et
725 3029 784 3085 hoc
800 3027 883 3086 idem
906 3029 1094 3100 iniungimus
1118 3028 1229 3086 suturis
1251 3029 1363 3086 nostris
1387 3029 1563 3086 castellanis

294 3139 324 3190 et
356 3134 599 3192 vicecastellanis
631 3141 660 3191 et
692 3135 871 3206 tributariis
903 3133 1009 3191 dantes
1041 3135 1116 3207 ipsis
1140 3134 1295 3192 similibus
1315 3136 1374 3192 sub
1398 3135 1559 3210 preceptis.

294 3240 410 3298 Datum
434 3242 464 3298 in
501 3242 668 3315 campestri
702 3242 788 3314 regio
823 3241 969 3299 descensu
993 3255 1092 3315 prope
1115 3240 1227 3297 villam
1250 3240 1367 3312 lludos,
1403 3241 1560 3300 dominico

295 3345 344 3404 die
369 3348 513 3421 proximo
536 3353 607 3420 post
638 3347 751 3404 festum
787 3348 875 3405 beate
909 3349 1005 3417 Anne,
1042 3347 1149 3404 matris
1186 3347 1287 3404 Marie.
1315 3349 1404 3405 Anno
1439 3347 1559 3405 domini

295 3451 550 3510 MCCCLXXXX
577 3459 672 3511 sexto.

384 3588 525 3655 Originale
545 3588 572 3640 in
590 3590 688 3639 charta.
709 3589 835 3654 Sigillum
861 3589 1017 3654 impressum
1042 3595 1067 3640 et
1092 3591 1157 3639 bene
1181 3596 1371 3641 conservatum.
1397 3589 1426 3640 lu
1453 3590 1563 3640 archivo

293 3675 341 3726 lib.
361 3693 416 3743 reg.
438 3677 509 3727 civit.
528 3679 633 3742 zagreb.

883 3892 973 3960 888.

400 4033 477 4082 Auno
500 4032 572 4094 1396.
593 4041 634 4090 30.
653 4031 728 4098 Julii.
749 4033 836 4098 Prope
855 4033 947 4084 villam
966 4033 1069 4085 Hudos.

286 4155 440 4231 Johannes
463 4159 564 4232 Heged
582 4159 755 4216 castellanus
776 4161 810 4217 de
832 4160 959 4218 Medved
974 4161 1195 4218 vicecastellanis
1210 4163 1270 4219 sm's
1293 4168 1326 4218 ut
1351 4161 1388 4218 ab
1409 4161 1556 4218 exactione

292 4264 394 4321 tributi
415 4265 444 4321 in
461 4273 551 4339 portu
575 4265 673 4324 Sarrae
695 4268 728 4324 de
750 4267 934 4325 conducendis
956 4267 1043 4340 lignis
1057 4275 1117 4343 pro
1139 4287 1193 4326 usu
1215 4269 1319 4326 civium
1349 4267 1553 4326 Greclrensium

629 4381 688 4448 per
708 4373 870 4431 decennium
893 4373 1038 4444 debiant,
1053 4375 1206 4450 praecibit.

378 4515 533 4600 Johannes
557 4517 666 4590 Higed,
690 4519 876 4578 castellanus
899 4518 937 4578 de
960 4519 1077 4578 Medue.
1108 4520 1238 4578 Dilectis
1268 4521 1359 4578 nobis
1381 4519 1557 4578 vicecastel·

291 4621 369 4679 lanis
391 4623 504 4681 nostris
526 4640 563 4681 ac
586 4625 756 4682 tributariis
779 4625 809 4683 in
832 4625 975 4699 portibus
998 4625 1084 4684 fluvii
1107 4625 1189 4684 Zaua
1220 4626 1322 4684 vocati
1346 4625 1556 4698 existentibus,

291 4744 371 4785 nunc
394 4731 566 4787 constitutis
590 4735 619 4787 et
642 4731 672 4788 in
697 4731 836 4790 futurum
868 4731 1095 4804 constituendis,
1126 4733 1259 4790 salutem
1286 4749 1357 4791 cum
1381 4732 1557 4791 dileccione.

289 4831 370 4906 Quia
393 4834 537 4893 dominus
560 4842 664 4894 noster
687 4852 741 4895 rex
763 4843 793 4895 et
816 4837 941 4896 tandem
956 4837 1100 4896 dominus
1116 4839 1267 4910 Detricus‚
1284 4841 1372 4912 regni
1392 4838 1554 4897 Sclauonie

291 4940 397 5012 banne,
428 4941 572 4999 dominus
602 4947 714 5013 noster,
745 4944 834 5000 nobis
865 4943 975 5001 litteris
1003 4945 1143 5018 ipsorum
1177 4945 1384 5004 mediantibus
1427 4944 1561 5004 firmiter

289 5045 488 5120 precipiendo
513 5047 667 5120 mandant,
691 5055 724 5105 ut
747 5064 803 5106 nos
826 5048 906 5106 intra
930 5049 1038 5107 decem
1060 5065 1212 5108 annorum
1236 5051 1378 5124 spacium
1401 5051 1439 5109 de
1462 5052 1555 5125 lignis
