3728 5806
655 553 728 610 Doc.
745 567 816 628 31r.
843 587 880 595 -
906 550 1075 629 An.1382.
1442 573 1499 633 ²95

238 761 336 827 gente,
370 755 512 812 ultronea
543 755 702 812 voluntate
733 753 874 812 fecissent
907 757 1075 828 prorogari,
1102 755 1153 811 sed
1181 755 1264 812 idem
1288 755 1418 826 magiter
1444 757 1504 813 An-

235 861 325 918 dreas
349 861 512 919 dolositate
535 861 654 932 ductus,
679 861 797 919 litteras
820 877 914 934 super
937 862 1033 934 ipsius
1057 877 1146 918 cause
1163 861 1417 934 prorogacionem
1446 877 1503 934 pro

236 967 311 1040 ipsis
342 967 463 1024 civibus
495 967 608 1024 nostris
638 965 791 1023 confectas
821 967 915 1024 simul
947 982 1018 1023 cum
1050 967 1158 1024 litteris
1190 982 1248 1039 pro
1273 967 1362 1022 vobis
1393 967 1503 1023 exinde

235 1072 381 1130 coniectis
414 1072 451 1128 de
483 1071 577 1128 domo
608 1073 719 1130 notarii
751 1073 834 1129 curie
864 1072 986 1143 regalis
1019 1077 1110 1144 prout
1140 1071 1248 1128 eodem
1280 1071 1430 1129 referente
1457 1073 1502 1130 di-

235 1179 376 1248 dicimus,
408 1179 512 1237 verbis
543 1179 667 1236 blandis
697 1177 878 1252 excipiendo
908 1177 947 1234 ad
978 1193 1034 1234 vos
1064 1193 1135 1234 eum
1158 1177 1272 1235 eisdem
1296 1177 1408 1234 litteris
1431 1193 1502 1251 pro·

234 1285 399 1358 rogatoriis
426 1286 558 1342 celerem
589 1301 765 1358 regressum
796 1285 954 1342 habuisset
977 1285 1007 1341 in
1035 1283 1240 1357 preiudicium
1264 1284 1338 1340 iuris
1362 1284 1502 1356 ipsorum

234 1391 351 1448 civium
382 1395 558 1448 nostrorum
588 1392 662 1448 satis
685 1406 841 1463 magnum.
866 1389 1065 1464 Quapropter
1093 1395 1195 1447 vestre
1224 1389 1366 1447 fidelitati
1389 1389 1502 1446 firmis-

234 1498 312 1554 sime
344 1495 542 1570 precipiendo
573 1496 757 1553 mandamus
791 1501 941 1568 quatenus
971 1497 1045 1555 visis
1076 1496 1181 1553 statim
1212 1497 1405 1570 presentibus
1432 1513 1501 1570 pre-

234 1603 332 1660 dictas
363 1603 480 1659 litteras
513 1618 570 1676 pro
602 1603 677 1675 ipsis
707 1603 828 1660 civibus
859 1603 971 1659 nostris
1001 1619 1096 1676 super
1125 1602 1275 1659 dilacione
1302 1617 1392 1658 cause
1419 1607 1501 1658 ante-

235 1708 304 1778 iate‚
329 1714 362 1765 ut
386 1708 548 1781 prefertur,
572 1708 733 1778 consectas
758 1707 873 1766 eisdem
898 1707 1025 1766 indilate
1048 1725 1106 1782 per
1122 1713 1300 1766 annotatum
1317 1708 1501 1780 magistrum

235 1813 392 1870 Andream
432 1813 521 1871 reddi
551 1812 677 1882 faciatis,
710 1815 848 1886 alioquin
882 1814 985 1888 ipsum
1021 1815 1204 1885 magistrum
1234 1812 1389 1870 Andream
1424 1813 1501 1870 adeo

235 1920 420 1991 astringatis,
444 1925 478 1976 ut
501 1919 731 1991 quintodecimo
761 1919 810 1977 die
834 1920 1022 1993 recepcionis
1051 1921 1244 1992 presencium
1267 1920 1331 1976 sine
1355 1921 1500 1976 crastina-

234 2025 321 2082 cione
343 2025 437 2082 simul
459 2041 530 2082 cum
553 2025 644 2082 dictis
668 2027 779 2084 litteris
803 2026 919 2083 factum
943 2026 1104 2082 dilacionis
1121 2041 1211 2082 cause
1228 2025 1367 2098 ipsorum
1384 2025 1500 2082 civium

234 2139 420 2200 nostrorum,
443 2137 476 2188 ut
497 2137 541 2189 est
558 2133 767 2206 prehabitum‚
784 2132 1038 2189 concernentibus
1055 2131 1259 2205 personaliter
1275 2146 1378 2188 coram
1396 2137 1499 2188 nostra
1528 2107 1531 2114 ’

234 2237 346 2295 debeat
370 2254 550 2312 comparere
574 2239 732 2296 maiestate
762 2239 917 2297 racionem
950 2237 1127 2295 redditurus
1150 2238 1374 2311 premissorum
1398 2236 1500 2294 effica-

235 2359 314 2414 cem;
345 2351 502 2417 presentes
533 2351 636 2402 autem
669 2345 820 2419 perlectas
850 2344 986 2402 reddatis
1018 2345 1212 2418 presentanti,
1237 2348 1266 2400 et
1289 2343 1374 2400 aliud
1400 2343 1499 2400 facere

233 2465 294 2506 non
317 2451 429 2507 ausuri.
455 2450 569 2507 Datum
593 2451 624 2507 in
649 2450 846 2524 Wyssegrad,
870 2450 1001 2508 sabatho
1025 2451 1169 2524 proximo
1193 2455 1264 2523 post
1285 2449 1400 2506 festum
1417 2449 1499 2506 beati

236 2555 380 2612 Anthonii
404 2555 594 2614 confessoris.
620 2557 709 2614 Anno
732 2556 849 2615 domini
873 2557 1098 2615 MCCCLXXX
1121 2555 1262 2614 secundo.

323 2690 463 2756 Originale
482 2691 509 2742 in
529 2692 627 2751 charta,
653 2691 682 2743 in'
704 2709 757 2758 qua
775 2694 931 2758 impressum
957 2699 994 2744 est
1013 2693 1139 2759 sigillum.
1165 2694 1195 2744 Iu
1214 2693 1284 2744 arch.
1303 2695 1383 2744 Acad.
1404 2694 1498 2744 Scieni.

233 2777 301 2830 Slav.
320 2780 413 2830 merid.

832 2997 908 3061 311.

340 3137 416 3184 Anno
440 3137 513 3194 1382,
534 3139 575 3188 28.
594 3137 717 3202 Augusti.
737 3137 766 3185 Iu
785 3136 923 3201 Vilegrad.

234 3262 379 3320 Nicolaus
411 3261 517 3319 Zamba
549 3263 718 3319 liraarm'cas
747 3263 853 3320 ct'vibus
890 3263 1096 3322 Grecbensibus
1125 3267 1277 3338 praecipit,
1313 3273 1347 3322 at
1373 3285 1434 3322 cam
1465 3267 1498 3323 a'e

232 3369 384 3426 authentia
405 3369 598 3442 quarumdam
628 3370 789 3426 lateranam
817 3371 847 3426 in
870 3388 967 3438 caasa,
990 3389 1077 3444 quam
1103 3371 1138 3429 de
1168 3372 1289 3444 quadam
1320 3373 1402 3428 horta
1431 3393 1497 3445 aga-

298 3475 376 3543 bant,
406 3474 536 3532 edoceam
567 3476 659 3548 ee'sque
685 3476 835 3532 terracinam
859 3477 889 3532 e'n
920 3476 1053 3532 iadr'cr'am
1083 3478 1267 3550 comparandi
1289 3479 1436 3551 praeficit.

320 3617 467 3675 Nicolaus
487 3617 604 3674 Zambo
624 3621 770 3691 magister
787 3622 1014 3679 tavarnicorum
1032 3619 1149 3679 domini
1165 3621 1312 3678 Lodouici
1329 3621 1378 3678 dei
1394 3624 1497 3694 gracia

233 3724 314 3795 regis
338 3723 503 3795 Hungarie.
528 3723 669 3782 Providis
692 3726 776 3794 viris,
801 3725 895 3784 iudici
918 3731 948 3784 et
971 3727 1078 3784 iuratis
1096 3727 1216 3784 civibus
1236 3727 1368 3784 civitatis
1384 3730 1497 3785 montis

233 3827 417 3887 Grecbensis
448 3828 487 3886 de
518 3829 677 3904 Zagrabia‚
710 3831 846 3889 debitam
878 3833 1053 3890 revenciam
1076 3848 1148 3888 cum
1171 3832 1278 3889 salute.
1302 3833 1385 3889 Dicit
1407 3834 1497 3890 nobis

232 3934 425 3992 honorabilis
449 3936 497 3992 vir
520 3935 663 3993 dominus
692 3937 847 4018 Johannes
878 3938 1014 4012 Crispus
1046 3937 1279 3996 archidiaconus
1303 3937 1340 3994 de
1366 3939 1497 3997 Kemlek

236 4047 266 4097 et
281 4041 444 4098 canonicus
460 4041 586 4098 ecclesie
601 4043 817 4114 zagrabiensis,
835 4045 970 4102 concivis
986 4049 1096 4114 vester,
1113 4043 1196 4116 quod
1214 4059 1284 4099 cum
1298 4044 1363 4116 ipse
1375 4043 1496 4116 pridem

233 4148 264 4204 in
287 4147 405 4203 octavis
436 4145 506 4203 festi
536 4148 706 4204 nativitatis
729 4149 812 4206 beati
834 4149 983 4230 Johannis
1007 4149 1149 4222 baptiste,
1173 4150 1315 4222 proxime
1338 4151 1495 4222 preterito,

232 4267 365 4310 unacum
387 4251 540 4309 Anthonio
571 4252 653 4310 dicto
683 4253 800 4326 Seynis,
831 4255 975 4313 similiter
1005 4255 1130 4312 concive
1158 4259 1270 4326 vestra,
1295 4254 1494 4330 superfacto

232 4356 392 4415 cuiusdam
424 4357 484 4414 orti
516 4357 545 4414 in
578 4359 663 4416 curia
692 4361 778 4432 regia
801 4363 897 4418 nostri
922 4361 952 4418 in
978 4359 1135 4434 presencia
1158 4361 1189 4417 in
1212 4361 1266 4416 lite
1290 4360 1400 4418 exinde
1425 4377 1495 4434 pro-

234 4464 373 4520 cessisset
404 4468 433 4519 et
456 4463 572 4520 ibidem
603 4465 754 4536 quasdam
785 4467 903 4523 litteras
927 4471 1045 4523 vestras
1069 4465 1280 4538 privilegiales
1303 4465 1332 4522 in
1357 4465 1495 4522 declara-

234 4569 354 4626 cionem
378 4585 431 4626 sue
454 4570 586 4627 accionis
610 4571 815 4641 exhibuisset;
832 4571 954 4629 tandem
972 4571 1109 4645 prefatus
1127 4571 1298 4627 Anthonius
1314 4578 1494 4628 annotatum

233 4673 396 4733 dominum
418 4675 590 4758 Johannem
614 4675 760 4750 Crispum
784 4677 955 4735 delatorem
981 4676 1132 4734 falsarum
1156 4677 1327 4734 litterarum
1353 4677 1448 4734 nostri
1465 4684 1494 4733 et

233 4781 539 4854 quamplurimorum
564 4782 714 4839 baronum
745 4783 831 4855 regni
856 4784 1019 4840 nobiscum
1043 4787 1196 4856 protunc
1229 4783 1257 4838 in
1289 4781 1360 4838 sede
1391 4787 1494 4838 nostra

233 4885 391 4944 iudiciaria
427 4870 626 4944 existencium
660 4889 689 4945 in
721 4889 879 4961 presencia
905 4887 1078 4958 asserenda,
1104 4887 1257 4960 predictas
1280 4887 1397 4944 litteras
1421 4903 1494 4959 erga

233 5009 288 5051 uos
312 4993 463 5051 reservari
495 4992 623 5064 fecisset,
655 5009 772 5067 nosque
795 4996 912 5068 absque
936 4993 1139 5066 requisicione
1163 4991 1369 5049 universitatis
1393 5002 1493 5052 vestre
