3824 5806
686 551 759 608 Boc.
778 545 853 627 362.
881 581 918 592 -
936 550 992 607 An.
1016 563 1104 626 1392.
1473 567 1533 626 341

271 750 392 806 civibus
425 750 580 822 assignare
611 750 836 822 assumpsisset,
868 763 976 819 ymmo
1007 749 1174 822 assumpsit
1205 763 1310 805 coram
1342 747 1450 816 nobis;
1478 749 1537 804 boc

269 862 371 912 tamen
391 870 546 928 expresso
571 854 654 927 quod
678 856 704 911 si
729 854 868 927 prefatus
892 853 1036 910 dominus
1059 859 1163 911 noster
1185 870 1240 910 rex
1267 869 1363 926 usque
1382 852 1538 925 prefixum

268 961 437 1018 terminum
461 961 545 1018 Bude
568 977 628 1018 non
650 961 895 1026 constitueretur,
921 964 991 1015 tunc
1024 959 1123 1016 dictus
1154 961 1276 1016 Marcus
1309 959 1428 1015 litteras
1460 958 1539 1014 eius-

271 1067 343 1124 dem
367 1067 442 1124 dum
466 1067 549 1124 idem
573 1067 718 1124 dominus
741 1082 795 1122 rex
820 1064 938 1122 Budam
963 1065 1135 1138 predictam
1158 1064 1319 1133 rediretur,
1338 1071 1462 1136 portare
1486 1063 1537 1120 de·

269 1174 340 1230 beat
363 1181 393 1230 et
418 1181 562 1230 teneatur.
583 1173 701 1230 Datum
718 1171 877 1244 Zagrabie,
901 1169 1057 1228 dominico
1077 1169 1127 1226 die
1143 1170 1288 1242 proximo
1305 1175 1374 1242 post
1390 1176 1537 1226 octavum

269 1279 352 1336 diem
376 1278 446 1336 festi
469 1279 658 1337 invencionis
683 1283 785 1335 sancte
808 1278 915 1334 crucis.
940 1277 1030 1334 Anno
1058 1275 1177 1334 domini
1210 1274 1466 1333 MCCCLXXXX
1492 1290 1539 1332 se·

269 1385 377 1442 cundo.

361 1538 501 1604 Originale
521 1537 548 1587 in
567 1537 665 1595 charta,
685 1537 805 1602 sigillum
823 1537 987 1602 impressum.
1007 1536 1038 1585 In
1058 1536 1128 1586 arch.
1148 1537 1165 1585 l.
1186 1550 1207 1584 r.
1229 1533 1278 1584 civ.
1299 1534 1403 1600 zagrab.

860 1859 947 1953 aaa.

377 2037 453 2085 Anno
475 2045 550 2099 1392,
573 2046 610 2084 12.
630 2035 701 2085 maii.
721 2034 875 2102 Zagrabiae.

268 2183 370 2239 Amica
392 2181 551 2240 traruacti'o
574 2183 649 2238 rizlcr
671 2183 826 2254 capr'tulum
849 2181 965 2254 zagrab.
987 2187 1015 2236 et
1035 2181 1108 2236 cives
1137 2177 1314 2236 Grechenses
1344 2177 1539 2234 demetarum

504 2289 707 2364 fractionibus,
730 2287 843 2343 damnis
865 2294 893 2342 et
915 2287 1031 2342 rbiurirs
1054 2285 1177 2342 uicissim
1199 2284 1296 2340 illatis.

360 2450 423 2508 Nos
447 2450 618 2523 capitulum
643 2450 771 2506 ecclesie
802 2448 1015 2520 zagrabiensis.
1047 2446 1195 2504 hlcmorie
1219 2444 1469 2502 commendantes
1495 2449 1537 2500 te·

271 2571 345 2612 nore
379 2555 573 2627 presencium
611 2554 821 2626 significamus
853 2555 966 2626 quibus
1000 2551 1124 2625 expedit
1157 2551 1316 2620 universis,
1351 2549 1434 2622 quod
1467 2565 1539 2606 curn

273 2663 351 2719 inter
373 2678 429 2718 nos
452 2662 493 2718 ab
516 2676 584 2732 una,
608 2666 696 2733 parte
721 2675 795 2718 vero
818 2661 859 2716 ab
883 2660 981 2716 altera
1006 2659 1083 2715 inter
1115 2657 1256 2726 iudicem,
1279 2657 1394 2712 iuratos
1419 2662 1449 2712 et
1472 2655 1539 2712 uni-

274 2782 381 2824 versos
403 2767 485 2824 cives
508 2783 543 2823 ac
567 2773 664 2823 totam
688 2766 942 2823 communitatem
969 2764 1101 2821 civitatis
1125 2763 1238 2820 montis
1256 2761 1427 2832 Grecensis,
1445 2777 1539 2834 super

273 2872 361 2930 iactis
385 2873 592 2945 quorumdam
618 2873 732 2929 iurium
755 2877 933 2929 nostrorum
950 2869 1270 2943 possessionariorum,
1297 2867 1456 2925 videlicet:
1475 2883 1538 2924 me-

237 2985 241 2996 ·
272 2987 374 3036 tarum
399 2979 613 3048 fraccionihus,
638 2979 764 3048 iniuriis,
795 2977 946 3050 dampnis,
978 2977 1180 3046 nocumentis
1213 2975 1373 3032 hominum
1398 2971 1537 3030 interfec-

274 3085 422 3154 cionibus,
446 3084 603 3156 sanguinis
626 3084 782 3152 effusione,
799 3084 1014 3140 membrorum
1032 3081 1284 3140 mutilacionibus
1300 3086 1329 3136 et
1347 3079 1541 3151 quibuslibet

272 3189 359 3248 factis
383 3191 578 3264 potenciariis
602 3206 637 3246 ac
660 3190 793 3246 aliorum
826 3191 983 3247 malorum
1015 3189 1180 3261 generibus
1213 3188 1291 3243 inter
1323 3201 1378 3242 nos
1403 3191 1432 3241 et
1456 3184 1540 3257 ipsos

272 3298 353 3354 cives
377 3313 411 3354 ac
436 3296 474 3352 ad
499 3311 553 3353 nos
577 3296 660 3352 etad
678 3296 762 3369 ipsos
786 3297 972 3369 pertinentes
997 3300 1105 3352 mutua
1127 3291 1337 3351 vicissitudine
1354 3306 1371 3347 a
1387 3290 1540 3348 diuturnis

273 3403 468 3476 temporibus
491 3404 553 3460 iam
577 3403 691 3475 elapsis
715 3403 873 3474 hucusque
899 3410 929 3458 et
952 3417 1049 3473 usque
1072 3399 1111 3457 ad
1135 3401 1191 3456 hec
1214 3405 1357 3470 tempora
1372 3412 1425 3454 seu
1442 3411 1539 3468 usquc

275 3511 304 3566 in
328 3508 513 3567 hodiernum
529 3509 612 3566 diem
639 3509 726 3566 factis
743 3515 772 3566 et
788 3509 982 3582 perpetratis,
1000 3508 1068 3563 lites
1087 3506 1117 3562 in
1134 3503 1391 3561 controversionis
1415 3501 1539 3558 fomites

273 3615 402 3673 fuissent
427 3621 456 3671 et
479 3615 649 3672 extitissent
673 3620 779 3672 exorte
802 3619 832 3671 et
857 3613 977 3670 diucius
1001 3617 1155 3686 protracte
1178 3626 1214 3667 ac
1237 3609 1391 3666 ventilate.
1422 3607 1540 3665 Tamen

276 3737 330 3779 nos
354 3729 383 3779 et
406 3722 466 3794 ipsi
489 3721 572 3778 cives
595 3721 752 3793 cupientes
776 3721 807 3777 in
831 3720 915 3794 pacis
938 3717 1168 3792 pulchritudine
1192 3722 1221 3772 et
1245 3715 1456 3787 tranquilitate
1472 3729 1540 3786 per·

274 3844 406 3898 manere,
431 3829 596 3900 omniaque
620 3828 770 3900 premissa
793 3826 900 3883 sedare
916 3833 945 3882 et
961 3825 1064 3898 sopire
1080 3824 1219 3880 volentes
1237 3837 1293 3894 per
1309 3819 1539 3877 ordinacionem

273 3940 302 3990 et
326 3934 585 4006 composicionem
610 3933 669 3990 viri
693 3931 850 4005 magnifici
873 3931 991 3989 domini
1015 3929 1142 3998 Nicolai,
1166 3928 1224 3985 filii
1247 3927 1395 4010 Johannis
1418 3925 1457 3982 de
1475 3926 1536 3982 Ka-

274 4041 348 4110 nisa,
372 4039 453 4097 inter
475 4046 592 4096 ceteros
616 4040 748 4096 honores
771 4037 912 4110 magistri
934 4037 1164 4094 tavernicorum
1187 4034 1349 4106 regalium,
1373 4047 1483 4106 pacem
1510 4039 1540 4089 et

276 4146 474 4203 concordiam
497 4147 575 4203 inter
598 4161 654 4202 nos
678 4145 824 4215 facientis,
848 4143 1018 4202 ordinantis
1042 4148 1071 4199 et
1095 4141 1307 4214 componentis
1330 4138 1368 4196 de
1392 4147 1421 4197 et
1446 4155 1540 4212 super

274 4251 413 4309 articulis
429 4258 458 4308 et
474 4251 622 4308 clausulis
649 4250 853 4323 infrascriptis
870 4249 1047 4307 huiusmodi
1071 4264 1179 4321 pacem
1203 4253 1232 4303 ct
1256 4245 1453 4303 concordiam
1470 4261 1541 4301 cum

275 4357 392 4415 eisdem
415 4357 536 4414 civibus
560 4364 590 4414 ct
613 4363 677 4414 tota
701 4357 920 4414 communitate
952 4357 1098 4413 inivimus
1123 4359 1152 4411 et
1177 4353 1323 4410 duximus
1351 4350 1540 4409 faciendam:

274 4463 358 4536 quod
382 4463 485 4536 primo
508 4479 602 4536 super
623 4479 714 4520 cursu
737 4479 790 4519 seu
815 4468 918 4519 meatu
941 4479 1021 4536 aque
1043 4463 1130 4520 fluvii
1154 4458 1332 4533 Cyrkuenik
1354 4458 1464 4528 vocati,
1487 4457 1541 4529 qui

275 4569 387 4626 fluvius
409 4569 490 4626 inter
513 4583 568 4625 nos
592 4574 621 4624 et
645 4567 771 4626 eosdem
787 4569 869 4625 cives
883 4569 1037 4626 metaliter
1053 4575 1099 4624 est
1120 4568 1292 4640 deputatus.
1310 4565 1417 4636 incipit
1433 4578 1541 4620 cursus

278 4675 399 4732 metalis
423 4675 453 4732 in
477 4675 587 4732 eodem
609 4674 704 4732 fluvio
728 4676 768 4732 ab
791 4681 859 4732 orto
883 4674 1016 4732 fratrum
1040 4675 1271 4732 Predicatorum
1292 4670 1420 4730 claustri
1443 4669 1541 4726 sancti

275 4781 395 4838 Nicolai
420 4780 458 4838 de
481 4780 641 4854 Zagrabia,
665 4781 745 4839 inter
773 4792 857 4839 ortos
889 4782 1015 4854 plebani
1046 4781 1173 4838 ecclesie
1200 4779 1296 4836 sancti
1322 4776 1462 4843 Emerici‚
1486 4775 1541 4832 ubi

277 4888 344 4960 ipse
367 4886 479 4944 fluvius
495 4886 673 4959 Cyriruenik
687 4886 786 4944 influit
803 4888 905 4960 ipsum
922 4893 1026 4944 ortum
1043 4887 1273 4944 Predicatorum
1292 4889 1321 4940 et
1338 4899 1393 4956 per
1409 4880 1541 4939 eundem
1609 4959 1610 4962 Ἴ

284 4995 422 5052 rivulum
447 4993 600 5051 tendendo
624 5010 718 5068 super
738 5010 838 5067 prope
860 4999 990 5068 puteum
1013 4993 1234 5051 Mandwsewcr
1258 4994 1410 5060 vocatum,
1438 4989 1542 5062 ipsum
