<?xml version="1.0" encoding="UTF-8"?>
<!DOCTYPE html PUBLIC "-//W3C//DTD XHTML 1.0 Transitional//EN"
    "http://www.w3.org/TR/xhtml1/DTD/xhtml1-transitional.dtd">
<html xmlns="http://www.w3.org/1999/xhtml" xml:lang="en" lang="en">
 <head>
  <title>
</title>
<meta http-equiv="Content-Type" content="text/html;charset=utf-8" />
  <meta name='ocr-system' content='tesseract 3.04.00' />
  <meta name='ocr-capabilities' content='ocr_page ocr_carea ocr_par ocr_line ocrx_word'/>
</head>
<body>
  <div class='ocr_page' id='page_1' title='image "./monumentahistor18laszgoog_0613.png"; bbox 0 0 3824 5806; ppageno 0'>
   <div class='ocr_carea' id='block_1_1' title="bbox 677 575 1517 657">
    <p class='ocr_par' dir='ltr' id='par_1_1' title="bbox 677 575 1517 657">
     <span class='ocr_line' id='line_1_1' title="bbox 677 575 1517 657; baseline 0.015 -20"><span class='ocrx_word' id='word_1_1' title='bbox 677 581 750 637; x_wconf 86' lang='lat' dir='ltr'>Doc.</span> <span class='ocrx_word' id='word_1_2' title='bbox 769 575 847 656; x_wconf 78' lang='lat'>396.</span> <span class='ocrx_word' id='word_1_3' title='bbox 874 612 911 622; x_wconf 84' lang='lat'>-</span> <span class='ocrx_word' id='word_1_4' title='bbox 928 580 985 636; x_wconf 84' lang='lat' dir='ltr'>An.</span> <span class='ocrx_word' id='word_1_5' title='bbox 1009 593 1097 657; x_wconf 77' lang='lat'><em>1397.</em></span> <span class='ocrx_word' id='word_1_6' title='bbox 1457 594 1517 654; x_wconf 83' lang='grc'>377</span> 
     </span>
    </p>
   </div>
   <div class='ocr_carea' id='block_1_2' title="bbox 193 777 1522 1912">
    <p class='ocr_par' dir='ltr' id='par_1_2' title="bbox 193 777 1522 1912">
     <span class='ocr_line' id='line_1_2' title="bbox 259 777 1517 836; baseline -0.001 0"><span class='ocrx_word' id='word_1_7' title='bbox 259 778 354 836; x_wconf 83' lang='lat' dir='ltr'>effodi</span> <span class='ocrx_word' id='word_1_8' title='bbox 375 783 405 835; x_wconf 90' lang='lat' dir='ltr'>et</span> <span class='ocrx_word' id='word_1_9' title='bbox 428 777 590 836; x_wconf 83' lang='lat' dir='ltr'>exhumari</span> <span class='ocrx_word' id='word_1_10' title='bbox 620 789 656 835; x_wconf 90' lang='lat' dir='ltr'>ac</span> <span class='ocrx_word' id='word_1_11' title='bbox 683 777 903 836; x_wconf 87' lang='lat' dir='ltr'>miserabiliter</span> <span class='ocrx_word' id='word_1_12' title='bbox 930 777 968 835; x_wconf 91' lang='lat' dir='ltr'>ad</span> <span class='ocrx_word' id='word_1_13' title='bbox 993 777 1206 835; x_wconf 84' lang='lat' dir='ltr'>devorandum</span> <span class='ocrx_word' id='word_1_14' title='bbox 1231 777 1359 835; x_wconf 92' lang='lat' dir='ltr'>canibus</span> <span class='ocrx_word' id='word_1_15' title='bbox 1381 781 1411 835; x_wconf 91' lang='lat' dir='ltr'>et</span> <span class='ocrx_word' id='word_1_16' title='bbox 1434 777 1517 835; x_wconf 91' lang='lat' dir='ltr'>vola·</span> 
     </span>
     <span class='ocr_line' id='line_1_3' title="bbox 260 883 1520 958; baseline -0.001 -15"><span class='ocrx_word' id='word_1_17' title='bbox 260 885 367 943; x_wconf 83' lang='lat' dir='ltr'>lilibus</span> <span class='ocrx_word' id='word_1_18' title='bbox 398 884 457 942; x_wconf 91' lang='lat' dir='ltr'>celi</span> <span class='ocrx_word' id='word_1_19' title='bbox 480 883 518 941; x_wconf 91' lang='lat' dir='ltr'>ad</span> <span class='ocrx_word' id='word_1_20' title='bbox 542 883 672 942; x_wconf 89' lang='lat' dir='ltr'>fluvium</span> <span class='ocrx_word' id='word_1_21' title='bbox 695 884 834 958; x_wconf 90' lang='lat' dir='ltr'>ipsorum</span> <span class='ocrx_word' id='word_1_22' title='bbox 862 884 978 941; x_wconf 90' lang='lat' dir='ltr'>civium</span> <span class='ocrx_word' id='word_1_23' title='bbox 1001 885 1107 958; x_wconf 91' lang='lat' dir='ltr'>proici.</span> <span class='ocrx_word' id='word_1_24' title='bbox 1140 885 1186 941; x_wconf 92' lang='lat' dir='ltr'>De</span> <span class='ocrx_word' id='word_1_25' title='bbox 1209 884 1268 941; x_wconf 93' lang='lat' dir='ltr'>hiis</span> <span class='ocrx_word' id='word_1_26' title='bbox 1291 883 1436 940; x_wconf 92' lang='lat' dir='ltr'>omnibus</span> <span class='ocrx_word' id='word_1_27' title='bbox 1459 898 1520 942; x_wconf 93' lang='lat' dir='ltr'>non</span> 
     </span>
     <span class='ocr_line' id='line_1_4' title="bbox 258 989 1520 1064; baseline 0 -17"><span class='ocrx_word' id='word_1_28' title='bbox 258 991 399 1061; x_wconf 84' lang='lat' dir='ltr'>contenti,</span> <span class='ocrx_word' id='word_1_29' title='bbox 431 990 561 1064; x_wconf 88' lang='lat' dir='ltr'>predicti</span> <span class='ocrx_word' id='word_1_30' title='bbox 592 989 730 1047; x_wconf 90' lang='lat' dir='ltr'>canonici</span> <span class='ocrx_word' id='word_1_31' title='bbox 757 989 921 1046; x_wconf 92' lang='lat' dir='ltr'>nonnullas</span> <span class='ocrx_word' id='word_1_32' title='bbox 952 990 1081 1047; x_wconf 88' lang='lat' dir='ltr'>ancillas</span> <span class='ocrx_word' id='word_1_33' title='bbox 1111 989 1322 1064; x_wconf 89' lang='lat' dir='ltr'>predictorum</span> <span class='ocrx_word' id='word_1_34' title='bbox 1350 989 1466 1047; x_wconf 92' lang='lat' dir='ltr'>civium</span> <span class='ocrx_word' id='word_1_35' title='bbox 1489 989 1520 1047; x_wconf 94' lang='lat' dir='ltr'>in</span> 
     </span>
     <span class='ocr_line' id='line_1_5' title="bbox 256 1095 1519 1172; baseline -0.002 -17"><span class='ocrx_word' id='word_1_36' title='bbox 256 1097 404 1172; x_wconf 87' lang='lat' dir='ltr'>predictis</span> <span class='ocrx_word' id='word_1_37' title='bbox 435 1095 520 1155; x_wconf 86' lang='lat' dir='ltr'>festis</span> <span class='ocrx_word' id='word_1_38' title='bbox 550 1097 662 1155; x_wconf 90' lang='lat' dir='ltr'>natalis</span> <span class='ocrx_word' id='word_1_39' title='bbox 693 1096 811 1154; x_wconf 90' lang='lat' dir='ltr'>domini</span> <span class='ocrx_word' id='word_1_40' title='bbox 842 1101 872 1154; x_wconf 91' lang='lat' dir='ltr'>et</span> <span class='ocrx_word' id='word_1_41' title='bbox 903 1096 985 1154; x_wconf 92' lang='lat' dir='ltr'>beati</span> <span class='ocrx_word' id='word_1_42' title='bbox 1017 1095 1169 1168; x_wconf 91' lang='lat' dir='ltr'>Siluestri,</span> <span class='ocrx_word' id='word_1_43' title='bbox 1197 1111 1311 1169; x_wconf 90' lang='lat' dir='ltr'>aquam</span> <span class='ocrx_word' id='word_1_44' title='bbox 1334 1095 1519 1160; x_wconf 86' lang='lat' dir='ltr'>haurientes,</span> 
     </span>
     <span class='ocr_line' id='line_1_6' title="bbox 255 1200 1520 1278; baseline 0 -18"><span class='ocrx_word' id='word_1_45' title='bbox 255 1203 383 1278; x_wconf 90' lang='lat' dir='ltr'>spoliari</span> <span class='ocrx_word' id='word_1_46' title='bbox 407 1208 437 1260; x_wconf 93' lang='lat' dir='ltr'>et</span> <span class='ocrx_word' id='word_1_47' title='bbox 459 1202 619 1276; x_wconf 89' lang='lat' dir='ltr'>deturpari</span> <span class='ocrx_word' id='word_1_48' title='bbox 642 1218 678 1260; x_wconf 93' lang='lat' dir='ltr'>ac</span> <span class='ocrx_word' id='word_1_49' title='bbox 702 1209 802 1260; x_wconf 90' lang='lat' dir='ltr'>certos</span> <span class='ocrx_word' id='word_1_50' title='bbox 826 1203 921 1260; x_wconf 90' lang='lat' dir='ltr'>boves</span> <span class='ocrx_word' id='word_1_51' title='bbox 944 1203 1085 1277; x_wconf 91' lang='lat' dir='ltr'>ipsorum</span> <span class='ocrx_word' id='word_1_52' title='bbox 1108 1203 1139 1260; x_wconf 96' lang='lat' dir='ltr'>in</span> <span class='ocrx_word' id='word_1_53' title='bbox 1162 1202 1318 1260; x_wconf 90' lang='lat' dir='ltr'>territorio</span> <span class='ocrx_word' id='word_1_54' title='bbox 1341 1200 1423 1260; x_wconf 91' lang='lat' dir='ltr'>dicte</span> <span class='ocrx_word' id='word_1_55' title='bbox 1446 1202 1520 1260; x_wconf 90' lang='lat' dir='ltr'>civi·</span> 
     </span>
     <span class='ocr_line' id='line_1_7' title="bbox 258 1306 1522 1383; baseline -0.001 -16"><span class='ocrx_word' id='word_1_56' title='bbox 258 1311 328 1368; x_wconf 92' lang='lat' dir='ltr'>tatis</span> <span class='ocrx_word' id='word_1_57' title='bbox 352 1309 449 1383; x_wconf 91' lang='lat' dir='ltr'>recipi</span> <span class='ocrx_word' id='word_1_58' title='bbox 480 1314 510 1367; x_wconf 92' lang='lat' dir='ltr'>et</span> <span class='ocrx_word' id='word_1_59' title='bbox 539 1308 692 1382; x_wconf 90' lang='lat' dir='ltr'>quosdam</span> <span class='ocrx_word' id='word_1_60' title='bbox 715 1309 799 1366; x_wconf 89' lang='lat' dir='ltr'>cives</span> <span class='ocrx_word' id='word_1_61' title='bbox 819 1309 945 1382; x_wconf 89' lang='lat' dir='ltr'>sagitari</span> <span class='ocrx_word' id='word_1_62' title='bbox 968 1313 999 1366; x_wconf 90' lang='lat' dir='ltr'>et</span> <span class='ocrx_word' id='word_1_63' title='bbox 1021 1308 1149 1383; x_wconf 89' lang='lat' dir='ltr'>spoliari</span> <span class='ocrx_word' id='word_1_64' title='bbox 1174 1306 1332 1378; x_wconf 85' lang='lat' dir='ltr'>iecissent;</span> <span class='ocrx_word' id='word_1_65' title='bbox 1355 1324 1412 1382; x_wconf 89' lang='lat' dir='ltr'>per</span> <span class='ocrx_word' id='word_1_66' title='bbox 1436 1307 1522 1380; x_wconf 91' lang='lat' dir='ltr'>quod</span> 
     </span>
     <span class='ocr_line' id='line_1_8' title="bbox 258 1413 1520 1490; baseline -0.002 -17"><span class='ocrx_word' id='word_1_67' title='bbox 258 1415 373 1474; x_wconf 88' lang='lat' dir='ltr'>iactum</span> <span class='ocrx_word' id='word_1_68' title='bbox 398 1416 457 1490; x_wconf 92' lang='lat' dir='ltr'>ipsi</span> <span class='ocrx_word' id='word_1_69' title='bbox 480 1417 564 1473; x_wconf 85' lang='lat' dir='ltr'>cives</span> <span class='ocrx_word' id='word_1_70' title='bbox 586 1416 628 1473; x_wconf 90' lang='lat' dir='ltr'>ob</span> <span class='ocrx_word' id='word_1_71' title='bbox 651 1416 795 1472; x_wconf 92' lang='lat' dir='ltr'>timorem</span> <span class='ocrx_word' id='word_1_72' title='bbox 820 1415 959 1489; x_wconf 91' lang='lat' dir='ltr'>ipsorum</span> <span class='ocrx_word' id='word_1_73' title='bbox 983 1413 1103 1472; x_wconf 91' lang='lat' dir='ltr'>domini</span> <span class='ocrx_word' id='word_1_74' title='bbox 1125 1413 1263 1488; x_wconf 85' lang='lat' dir='ltr'>episcopi</span> <span class='ocrx_word' id='word_1_75' title='bbox 1287 1419 1318 1472; x_wconf 93' lang='lat' dir='ltr'>et</span> <span class='ocrx_word' id='word_1_76' title='bbox 1336 1413 1466 1488; x_wconf 91' lang='lat' dir='ltr'>capituli</span> <span class='ocrx_word' id='word_1_77' title='bbox 1481 1413 1520 1471; x_wconf 92' lang='lat' dir='ltr'>de</span> 
     </span>
     <span class='ocr_line' id='line_1_9' title="bbox 255 1519 1520 1596; baseline 0 -18"><span class='ocrx_word' id='word_1_78' title='bbox 255 1522 354 1596; x_wconf 87' lang='lat' dir='ltr'>portis</span> <span class='ocrx_word' id='word_1_79' title='bbox 384 1522 517 1580; x_wconf 90' lang='lat' dir='ltr'>civitatis</span> <span class='ocrx_word' id='word_1_80' title='bbox 548 1520 686 1596; x_wconf 91' lang='lat' dir='ltr'>predicte</span> <span class='ocrx_word' id='word_1_81' title='bbox 717 1521 802 1578; x_wconf 87' lang='lat' dir='ltr'>exire</span> <span class='ocrx_word' id='word_1_82' title='bbox 830 1535 891 1578; x_wconf 91' lang='lat' dir='ltr'>non</span> <span class='ocrx_word' id='word_1_83' title='bbox 915 1519 1071 1590; x_wconf 87' lang='lat' dir='ltr'>auderent,</span> <span class='ocrx_word' id='word_1_84' title='bbox 1095 1519 1224 1593; x_wconf 90' lang='lat' dir='ltr'>propria</span> <span class='ocrx_word' id='word_1_85' title='bbox 1247 1535 1355 1577; x_wconf 90' lang='lat' dir='ltr'>eorum</span> <span class='ocrx_word' id='word_1_86' title='bbox 1378 1520 1520 1594; x_wconf 91' lang='lat' dir='ltr'>potencia</span> 
     </span>
     <span class='ocr_line' id='line_1_10' title="bbox 254 1625 1520 1701; baseline -0.001 -16"><span class='ocrx_word' id='word_1_87' title='bbox 254 1627 417 1701; x_wconf 90' lang='lat' dir='ltr'>mediante,</span> <span class='ocrx_word' id='word_1_88' title='bbox 448 1628 478 1686; x_wconf 94' lang='lat' dir='ltr'>in</span> <span class='ocrx_word' id='word_1_89' title='bbox 511 1625 716 1701; x_wconf 84' lang='lat' dir='ltr'>preludicium</span> <span class='ocrx_word' id='word_1_90' title='bbox 747 1627 888 1701; x_wconf 91' lang='lat' dir='ltr'>ipsorum</span> <span class='ocrx_word' id='word_1_91' title='bbox 919 1626 1012 1684; x_wconf 88' lang='lat' dir='ltr'>valde</span> <span class='ocrx_word' id='word_1_92' title='bbox 1035 1639 1198 1698; x_wconf 86' lang='lat' dir='ltr'>magnum;</span> <span class='ocrx_word' id='word_1_93' title='bbox 1235 1626 1289 1682; x_wconf 94' lang='lat' dir='ltr'>lite</span> <span class='ocrx_word' id='word_1_94' title='bbox 1313 1631 1416 1682; x_wconf 89' lang='lat' dir='ltr'>tamen</span> <span class='ocrx_word' id='word_1_95' title='bbox 1441 1625 1520 1684; x_wconf 90' lang='lat' dir='ltr'>inter</span> 
     </span>
     <span class='ocr_line' id='line_1_11' title="bbox 254 1730 1520 1809; baseline -0.002 -17"><span class='ocrx_word' id='word_1_96' title='bbox 254 1735 337 1808; x_wconf 88' lang='lat' dir='ltr'>ipsos</span> <span class='ocrx_word' id='word_1_97' title='bbox 361 1733 520 1809; x_wconf 88' lang='lat' dir='ltr'>pendente.</span> <span class='ocrx_word' id='word_1_98' title='bbox 545 1733 660 1791; x_wconf 91' lang='lat' dir='ltr'>Datum</span> <span class='ocrx_word' id='word_1_99' title='bbox 684 1732 842 1806; x_wconf 81' lang='lat' dir='ltr'>Zagrabie,</span> <span class='ocrx_word' id='word_1_100' title='bbox 865 1733 897 1790; x_wconf 93' lang='lat' dir='ltr'>in</span> <span class='ocrx_word' id='word_1_101' title='bbox 921 1732 999 1790; x_wconf 86' lang='lat' dir='ltr'>sesto</span> <span class='ocrx_word' id='word_1_102' title='bbox 1022 1731 1268 1806; x_wconf 84' lang='lat' dir='ltr'>Epiphaniamm</span> <span class='ocrx_word' id='word_1_103' title='bbox 1284 1730 1410 1790; x_wconf 89' lang='lat' dir='ltr'>domini.</span> <span class='ocrx_word' id='word_1_104' title='bbox 1430 1732 1520 1789; x_wconf 89' lang='lat' dir='ltr'>Anno</span> 
     </span>
     <span class='ocr_line' id='line_1_12' title="bbox 193 1839 1075 1912; baseline 0 -15"><span class='ocrx_word' id='word_1_105' title='bbox 193 1877 197 1883; x_wconf 88' lang='lat'>-</span> <span class='ocrx_word' id='word_1_106' title='bbox 257 1839 393 1897; x_wconf 88' lang='lat' dir='ltr'>eiusdem</span> <span class='ocrx_word' id='word_1_107' title='bbox 417 1840 587 1898; x_wconf 89' lang='lat' dir='ltr'>millesimo</span> <span class='ocrx_word' id='word_1_108' title='bbox 611 1839 689 1896; x_wconf 89' lang='lat' dir='ltr'>CCC</span> <span class='ocrx_word' id='word_1_109' title='bbox 711 1839 911 1912; x_wconf 86' lang='lat' dir='ltr'>nonagesimo</span> <span class='ocrx_word' id='word_1_110' title='bbox 933 1839 1075 1912; x_wconf 84' lang='lat' dir='ltr'>septimo</span> 
     </span>
    </p>
   </div>
   <div class='ocr_carea' id='block_1_3' title="bbox 255 1953 1518 2112">
    <p class='ocr_par' dir='ltr' id='par_1_3' title="bbox 255 1953 1518 2112">
     <span class='ocr_line' id='line_1_13' title="bbox 345 1953 1518 2024; baseline -0.001 -17"><span class='ocrx_word' id='word_1_111' title='bbox 345 1956 485 2023; x_wconf 87' lang='lat' dir='ltr'>Originale</span> <span class='ocrx_word' id='word_1_112' title='bbox 504 1957 531 2007; x_wconf 92' lang='lat' dir='ltr'>in</span> <span class='ocrx_word' id='word_1_113' title='bbox 550 1957 649 2016; x_wconf 87' lang='lat' dir='ltr'>charta,</span> <span class='ocrx_word' id='word_1_114' title='bbox 674 1973 689 2008; x_wconf 85' lang='lat' dir='ltr'>a</span> <span class='ocrx_word' id='word_1_115' title='bbox 709 1962 785 2022; x_wconf 85' lang='lat' dir='ltr'>tergo</span> <span class='ocrx_word' id='word_1_116' title='bbox 804 1956 918 2022; x_wconf 87' lang='lat' dir='ltr'>vestigia</span> <span class='ocrx_word' id='word_1_117' title='bbox 936 1955 1018 2006; x_wconf 89' lang='lat' dir='ltr'>trium</span> <span class='ocrx_word' id='word_1_118' title='bbox 1037 1954 1190 2024; x_wconf 83' lang='lat' dir='ltr'>sigillorum</span> <span class='ocrx_word' id='word_1_119' title='bbox 1209 1960 1344 2021; x_wconf 78' lang='lat' dir='ltr'>apparent</span> <span class='ocrx_word' id='word_1_120' title='bbox 1370 1953 1400 2005; x_wconf 89' lang='lat' dir='ltr'>In</span> <span class='ocrx_word' id='word_1_121' title='bbox 1419 1953 1518 2006; x_wconf 86' lang='lat' dir='ltr'>archiv.</span> 
     </span>
     <span class='ocr_line' id='line_1_14' title="bbox 255 2044 1333 2112; baseline 0.001 -18"><span class='ocrx_word' id='word_1_122' title='bbox 255 2047 273 2094; x_wconf 95' lang='lat' dir='ltr'>l.</span> <span class='ocrx_word' id='word_1_123' title='bbox 293 2060 314 2095; x_wconf 87' lang='lat' dir='ltr'>r.</span> <span class='ocrx_word' id='word_1_124' title='bbox 334 2044 383 2096; x_wconf 85' lang='lat' dir='ltr'>civ.</span> <span class='ocrx_word' id='word_1_125' title='bbox 403 2045 508 2112; x_wconf 85' lang='lat' dir='ltr'>zagrab.</span> <span class='ocrx_word' id='word_1_126' title='bbox 528 2046 611 2097; x_wconf 82' lang='lat' dir='ltr'>Adest</span> <span class='ocrx_word' id='word_1_127' title='bbox 629 2045 709 2098; x_wconf 85' lang='lat' dir='ltr'>etiam</span> <span class='ocrx_word' id='word_1_128' title='bbox 727 2045 754 2096; x_wconf 92' lang='lat' dir='ltr'>in</span> <span class='ocrx_word' id='word_1_129' title='bbox 774 2050 834 2096; x_wconf 87' lang='lat' dir='ltr'>actu</span> <span class='ocrx_word' id='word_1_130' title='bbox 854 2044 1059 2104; x_wconf 87' lang='lat' dir='ltr'>transactionali‚</span> <span class='ocrx_word' id='word_1_131' title='bbox 1081 2049 1333 2110; x_wconf 88' lang='lat' dir='ltr'>supramemorato.</span> 
     </span>
    </p>
   </div>
   <div class='ocr_carea' id='block_1_4' title="bbox 841 2276 931 2343">
    <p class='ocr_par' dir='ltr' id='par_1_4' title="bbox 841 2276 931 2343">
     <span class='ocr_line' id='line_1_15' title="bbox 841 2276 931 2343; baseline 0.011 -1"><span class='ocrx_word' id='word_1_132' title='bbox 841 2276 931 2343; x_wconf 81' lang='grc'><strong>396.</strong></span> 
     </span>
    </p>
   </div>
   <div class='ocr_carea' id='block_1_5' title="bbox 361 2416 892 2484">
    <p class='ocr_par' dir='ltr' id='par_1_5' title="bbox 361 2416 892 2484">
     <span class='ocr_line' id='line_1_16' title="bbox 361 2416 892 2484; baseline 0 -18"><span class='ocrx_word' id='word_1_133' title='bbox 361 2419 438 2467; x_wconf 77' lang='lat' dir='ltr'>Anno</span> <span class='ocrx_word' id='word_1_134' title='bbox 462 2425 536 2480; x_wconf 81' lang='lat'>1397,</span> <span class='ocrx_word' id='word_1_135' title='bbox 556 2417 579 2467; x_wconf 86' lang='grc' dir='ltr'>ὁ.</span> <span class='ocrx_word' id='word_1_136' title='bbox 597 2417 719 2484; x_wconf 84' lang='lat' dir='ltr'>januarii.</span> <span class='ocrx_word' id='word_1_137' title='bbox 739 2416 892 2482; x_wconf 87' lang='lat' dir='ltr'>Zagrabiae.</span> 
     </span>
    </p>
   </div>
   <div class='ocr_carea' id='block_1_6' title="bbox 257 2546 1521 2726">
    <p class='ocr_par' dir='ltr' id='par_1_6' title="bbox 257 2546 1521 2726">
     <span class='ocr_line' id='line_1_17' title="bbox 257 2546 1521 2620; baseline -0.002 -16"><span class='ocrx_word' id='word_1_138' title='bbox 257 2547 380 2604; x_wconf 76' lang='lat' dir='ltr'>Detrzics</span> <span class='ocrx_word' id='word_1_139' title='bbox 401 2547 501 2604; x_wconf 83' lang='lat' dir='ltr'>Bubek</span> <span class='ocrx_word' id='word_1_140' title='bbox 521 2547 613 2604; x_wconf 83' lang='lat' dir='ltr'>banus</span> <span class='ocrx_word' id='word_1_141' title='bbox 634 2555 800 2605; x_wconf 68' lang='lat' dir='ltr'>corarretatum</span> <span class='ocrx_word' id='word_1_142' title='bbox 822 2547 1009 2620; x_wconf 71' lang='lat' dir='ltr'>srhttgiensem</span> <span class='ocrx_word' id='word_1_143' title='bbox 1036 2553 1147 2614; x_wconf 81' lang='lat' dir='ltr'>exorat,</span> <span class='ocrx_word' id='word_1_144' title='bbox 1173 2546 1258 2602; x_wconf 81' lang='lat' dir='ltr'>utin</span> <span class='ocrx_word' id='word_1_145' title='bbox 1281 2563 1409 2603; x_wconf 83' lang='lat' dir='ltr'>excessus</span> <span class='ocrx_word' id='word_1_146' title='bbox 1439 2563 1521 2620; x_wconf 83' lang='lat' dir='ltr'>quos·</span> 
     </span>
     <span class='ocr_line' id='line_1_18' title="bbox 500 2651 1268 2726; baseline 0.001 -18"><span class='ocrx_word' id='word_1_147' title='bbox 500 2652 567 2710; x_wconf 73' lang='lat' dir='ltr'>darm</span> <span class='ocrx_word' id='word_1_148' title='bbox 589 2653 766 2709; x_wconf 81' lang='lat' dir='ltr'>dominorum</span> <span class='ocrx_word' id='word_1_149' title='bbox 789 2652 969 2726; x_wconf 67' lang='lat' dir='ltr'>decapitata</span> <span class='ocrx_word' id='word_1_150' title='bbox 991 2651 1108 2726; x_wconf 79' lang='lat' dir='ltr'>aagrab.</span> <span class='ocrx_word' id='word_1_151' title='bbox 1132 2651 1268 2726; x_wconf 65' lang='lat' dir='ltr'>anquirat.</span> 
     </span>
    </p>
   </div>
   <div class='ocr_carea' id='block_1_7' title="bbox 253 2795 1522 5104">
    <p class='ocr_par' dir='ltr' id='par_1_7' title="bbox 253 2795 1522 5104">
     <span class='ocr_line' id='line_1_19' title="bbox 345 2795 1517 2870; baseline 0.003 -18"><span class='ocrx_word' id='word_1_152' title='bbox 345 2797 462 2853; x_wconf 85' lang='lat' dir='ltr'>Amicis</span> <span class='ocrx_word' id='word_1_153' title='bbox 485 2798 548 2853; x_wconf 93' lang='lat' dir='ltr'>suis</span> <span class='ocrx_word' id='word_1_154' title='bbox 563 2795 750 2868; x_wconf 85' lang='lat' dir='ltr'>reverendis,</span> <span class='ocrx_word' id='word_1_155' title='bbox 766 2797 931 2854; x_wconf 89' lang='lat' dir='ltr'>conventui</span> <span class='ocrx_word' id='word_1_156' title='bbox 946 2797 1124 2869; x_wconf 85' lang='lat' dir='ltr'>simigiensi,</span> <span class='ocrx_word' id='word_1_157' title='bbox 1141 2796 1284 2854; x_wconf 91' lang='lat' dir='ltr'>Detricus</span> <span class='ocrx_word' id='word_1_158' title='bbox 1301 2795 1415 2868; x_wconf 86' lang='lat' dir='ltr'>Bubelr,</span> <span class='ocrx_word' id='word_1_159' title='bbox 1432 2799 1517 2870; x_wconf 90' lang='lat' dir='ltr'>regni</span> 
     </span>
     <span class='ocr_line' id='line_1_20' title="bbox 254 2900 1522 2977; baseline 0.001 -17"><span class='ocrx_word' id='word_1_160' title='bbox 254 2900 417 2960; x_wconf 89' lang='lat' dir='ltr'>Sclauonie</span> <span class='ocrx_word' id='word_1_161' title='bbox 442 2903 549 2974; x_wconf 76' lang='lat' dir='ltr'>banuS,</span> <span class='ocrx_word' id='word_1_162' title='bbox 573 2903 746 2960; x_wconf 90' lang='lat' dir='ltr'>amiciciam</span> <span class='ocrx_word' id='word_1_163' title='bbox 769 2907 910 2976; x_wconf 89' lang='lat' dir='ltr'>paratam</span> <span class='ocrx_word' id='word_1_164' title='bbox 930 2919 1001 2960; x_wconf 90' lang='lat' dir='ltr'>cum</span> <span class='ocrx_word' id='word_1_165' title='bbox 1018 2904 1142 2962; x_wconf 88' lang='lat' dir='ltr'>honore.</span> <span class='ocrx_word' id='word_1_166' title='bbox 1159 2903 1242 2961; x_wconf 90' lang='lat' dir='ltr'>Dicit</span> <span class='ocrx_word' id='word_1_167' title='bbox 1257 2904 1348 2962; x_wconf 93' lang='lat' dir='ltr'>nobis</span> <span class='ocrx_word' id='word_1_168' title='bbox 1371 2903 1522 2977; x_wconf 86' lang='lat' dir='ltr'>providus</span> 
     </span>
     <span class='ocr_line' id='line_1_21' title="bbox 254 3008 1521 3068; baseline 0.003 -4"><span class='ocrx_word' id='word_1_169' title='bbox 254 3008 304 3064; x_wconf 90' lang='lat' dir='ltr'>vir</span> <span class='ocrx_word' id='word_1_170' title='bbox 327 3010 448 3066; x_wconf 90' lang='lat' dir='ltr'>Marcus</span> <span class='ocrx_word' id='word_1_171' title='bbox 471 3009 563 3067; x_wconf 89' lang='lat' dir='ltr'>iudex</span> <span class='ocrx_word' id='word_1_172' title='bbox 596 3025 652 3067; x_wconf 88' lang='lat' dir='ltr'>sua</span> <span class='ocrx_word' id='word_1_173' title='bbox 682 3015 712 3066; x_wconf 91' lang='lat' dir='ltr'>et</span> <span class='ocrx_word' id='word_1_174' title='bbox 741 3010 957 3068; x_wconf 85' lang='lat' dir='ltr'>universorum</span> <span class='ocrx_word' id='word_1_175' title='bbox 988 3009 1104 3068; x_wconf 90' lang='lat' dir='ltr'>civium</span> <span class='ocrx_word' id='word_1_176' title='bbox 1136 3011 1269 3068; x_wconf 89' lang='lat' dir='ltr'>civitatis</span> <span class='ocrx_word' id='word_1_177' title='bbox 1300 3011 1414 3068; x_wconf 93' lang='lat' dir='ltr'>montis</span> <span class='ocrx_word' id='word_1_178' title='bbox 1445 3011 1521 3068; x_wconf 87' lang='lat' dir='ltr'>Gre-</span> 
     </span>
     <span class='ocr_line' id='line_1_22' title="bbox 258 3113 1521 3190; baseline 0.001 -19"><span class='ocrx_word' id='word_1_179' title='bbox 258 3113 378 3172; x_wconf 89' lang='lat' dir='ltr'>cbensis</span> <span class='ocrx_word' id='word_1_180' title='bbox 401 3114 439 3172; x_wconf 90' lang='lat' dir='ltr'>de</span> <span class='ocrx_word' id='word_1_181' title='bbox 462 3114 613 3187; x_wconf 89' lang='lat' dir='ltr'>Zagrabia</span> <span class='ocrx_word' id='word_1_182' title='bbox 636 3117 666 3173; x_wconf 94' lang='lat' dir='ltr'>in</span> <span class='ocrx_word' id='word_1_183' title='bbox 683 3116 831 3190; x_wconf 91' lang='lat' dir='ltr'>personis,</span> <span class='ocrx_word' id='word_1_184' title='bbox 855 3114 937 3188; x_wconf 89' lang='lat' dir='ltr'>quod</span> <span class='ocrx_word' id='word_1_185' title='bbox 956 3116 1129 3190; x_wconf 91' lang='lat' dir='ltr'>capitulum</span> <span class='ocrx_word' id='word_1_186' title='bbox 1153 3115 1280 3173; x_wconf 89' lang='lat' dir='ltr'>ecclesie</span> <span class='ocrx_word' id='word_1_187' title='bbox 1304 3115 1521 3188; x_wconf 89' lang='lat' dir='ltr'>zagrabiensis,</span> 
     </span>
     <span class='ocr_line' id='line_1_23' title="bbox 254 3219 1522 3295; baseline 0.002 -20"><span class='ocrx_word' id='word_1_188' title='bbox 254 3219 410 3278; x_wconf 92' lang='lat' dir='ltr'>dominico</span> <span class='ocrx_word' id='word_1_189' title='bbox 441 3219 492 3277; x_wconf 89' lang='lat' dir='ltr'>die</span> <span class='ocrx_word' id='word_1_190' title='bbox 523 3221 668 3294; x_wconf 89' lang='lat' dir='ltr'>proximo</span> <span class='ocrx_word' id='word_1_191' title='bbox 700 3229 769 3278; x_wconf 90' lang='lat' dir='ltr'>ante</span> <span class='ocrx_word' id='word_1_192' title='bbox 801 3221 914 3278; x_wconf 85' lang='lat' dir='ltr'>testum</span> <span class='ocrx_word' id='word_1_193' title='bbox 945 3222 1028 3279; x_wconf 92' lang='lat' dir='ltr'>beati</span> <span class='ocrx_word' id='word_1_194' title='bbox 1059 3221 1178 3279; x_wconf 87' lang='lat' dir='ltr'>Thome</span> <span class='ocrx_word' id='word_1_195' title='bbox 1208 3221 1351 3295; x_wconf 90' lang='lat' dir='ltr'>apostoli,</span> <span class='ocrx_word' id='word_1_196' title='bbox 1380 3221 1522 3295; x_wconf 89' lang='lat' dir='ltr'>proxime</span> 
     </span>
     <span class='ocr_line' id='line_1_24' title="bbox 253 3326 1520 3399; baseline 0.002 -17"><span class='ocrx_word' id='word_1_197' title='bbox 253 3327 446 3399; x_wconf 91' lang='lat' dir='ltr'>preteritum,</span> <span class='ocrx_word' id='word_1_198' title='bbox 470 3327 572 3383; x_wconf 91' lang='lat' dir='ltr'>missis</span> <span class='ocrx_word' id='word_1_199' title='bbox 596 3327 749 3399; x_wconf 86' lang='lat' dir='ltr'>Gregorio</span> <span class='ocrx_word' id='word_1_200' title='bbox 772 3327 908 3385; x_wconf 90' lang='lat' dir='ltr'>litterato</span> <span class='ocrx_word' id='word_1_201' title='bbox 931 3327 1065 3384; x_wconf 79' lang='lat' dir='ltr'>officiale</span> <span class='ocrx_word' id='word_1_202' title='bbox 1089 3333 1119 3384; x_wconf 90' lang='lat' dir='ltr'>et</span> <span class='ocrx_word' id='word_1_203' title='bbox 1142 3327 1294 3385; x_wconf 91' lang='lat' dir='ltr'>universis</span> <span class='ocrx_word' id='word_1_204' title='bbox 1312 3326 1520 3385; x_wconf 83' lang='lat' dir='ltr'>familiaribus</span> 
     </span>
     <span class='ocr_line' id='line_1_25' title="bbox 254 3433 1522 3507; baseline 0.001 -18"><span class='ocrx_word' id='word_1_205' title='bbox 254 3433 393 3506; x_wconf 90' lang='lat' dir='ltr'>ipsorum</span> <span class='ocrx_word' id='word_1_206' title='bbox 417 3433 545 3490; x_wconf 89' lang='lat' dir='ltr'>armatis</span> <span class='ocrx_word' id='word_1_207' title='bbox 561 3433 704 3490; x_wconf 89' lang='lat' dir='ltr'>manibus</span> <span class='ocrx_word' id='word_1_208' title='bbox 724 3439 754 3490; x_wconf 93' lang='lat' dir='ltr'>et</span> <span class='ocrx_word' id='word_1_209' title='bbox 768 3433 966 3506; x_wconf 91' lang='lat' dir='ltr'>potenciariis</span> <span class='ocrx_word' id='word_1_210' title='bbox 981 3433 1020 3491; x_wconf 91' lang='lat' dir='ltr'>ad</span> <span class='ocrx_word' id='word_1_211' title='bbox 1036 3433 1209 3507; x_wconf 88' lang='lat' dir='ltr'>predictam</span> <span class='ocrx_word' id='word_1_212' title='bbox 1226 3433 1392 3503; x_wconf 88' lang='lat' dir='ltr'>civitatem,</span> <span class='ocrx_word' id='word_1_213' title='bbox 1413 3448 1522 3507; x_wconf 92' lang='lat' dir='ltr'>quam-</span> 
     </span>
     <span class='ocr_line' id='line_1_26' title="bbox 255 3538 1521 3612; baseline 0.001 -17"><span class='ocrx_word' id='word_1_214' title='bbox 255 3538 362 3611; x_wconf 91' lang='lat' dir='ltr'>plures</span> <span class='ocrx_word' id='word_1_215' title='bbox 385 3539 468 3596; x_wconf 86' lang='lat' dir='ltr'>ciues</span> <span class='ocrx_word' id='word_1_216' title='bbox 491 3539 530 3596; x_wconf 93' lang='lat' dir='ltr'>de</span> <span class='ocrx_word' id='word_1_217' title='bbox 553 3539 662 3596; x_wconf 92' lang='lat' dir='ltr'>eadem</span> <span class='ocrx_word' id='word_1_218' title='bbox 692 3539 803 3597; x_wconf 88' lang='lat' dir='ltr'>ictibus</span> <span class='ocrx_word' id='word_1_219' title='bbox 831 3540 1014 3612; x_wconf 88' lang='lat' dir='ltr'>sagittarum</span> <span class='ocrx_word' id='word_1_220' title='bbox 1043 3541 1211 3598; x_wconf 85' lang='lat' dir='ltr'>enormiter</span> <span class='ocrx_word' id='word_1_221' title='bbox 1240 3540 1399 3597; x_wconf 89' lang='lat' dir='ltr'>vulnerari</span> <span class='ocrx_word' id='word_1_222' title='bbox 1422 3545 1453 3596; x_wconf 91' lang='lat' dir='ltr'>et</span> <span class='ocrx_word' id='word_1_223' title='bbox 1476 3540 1521 3597; x_wconf 92' lang='lat' dir='ltr'>in·</span> 
     </span>
     <span class='ocr_line' id='line_1_27' title="bbox 255 3644 1518 3720; baseline 0.002 -19"><span class='ocrx_word' id='word_1_224' title='bbox 255 3646 367 3716; x_wconf 85' lang='lat' dir='ltr'>terimi,</span> <span class='ocrx_word' id='word_1_225' title='bbox 391 3661 507 3703; x_wconf 89' lang='lat' dir='ltr'>necnon</span> <span class='ocrx_word' id='word_1_226' title='bbox 532 3644 669 3716; x_wconf 92' lang='lat' dir='ltr'>detineri,</span> <span class='ocrx_word' id='word_1_227' title='bbox 693 3646 899 3719; x_wconf 90' lang='lat' dir='ltr'>universaque</span> <span class='ocrx_word' id='word_1_228' title='bbox 921 3646 1100 3704; x_wconf 92' lang='lat' dir='ltr'>molendina</span> <span class='ocrx_word' id='word_1_229' title='bbox 1119 3647 1259 3720; x_wconf 90' lang='lat' dir='ltr'>ipsorum</span> <span class='ocrx_word' id='word_1_230' title='bbox 1275 3644 1392 3703; x_wconf 92' lang='lat' dir='ltr'>destrui</span> <span class='ocrx_word' id='word_1_231' title='bbox 1409 3650 1439 3703; x_wconf 89' lang='lat' dir='ltr'>et</span> <span class='ocrx_word' id='word_1_232' title='bbox 1454 3647 1518 3704; x_wconf 90' lang='lat' dir='ltr'>ani·</span> 
     </span>
     <span class='ocr_line' id='line_1_28' title="bbox 255 3749 1520 3826; baseline 0 -16"><span class='ocrx_word' id='word_1_233' title='bbox 255 3752 355 3822; x_wconf 91' lang='lat' dir='ltr'>hilan&#39;,</span> <span class='ocrx_word' id='word_1_234' title='bbox 380 3753 629 3825; x_wconf 85' lang='lat' dir='ltr'>muliebremque</span> <span class='ocrx_word' id='word_1_235' title='bbox 651 3767 760 3809; x_wconf 89' lang='lat' dir='ltr'>sexum</span> <span class='ocrx_word' id='word_1_236' title='bbox 788 3757 991 3826; x_wconf 89' lang='lat' dir='ltr'>pregnantem</span> <span class='ocrx_word' id='word_1_237' title='bbox 1013 3753 1044 3810; x_wconf 94' lang='lat' dir='ltr'>in</span> <span class='ocrx_word' id='word_1_238' title='bbox 1068 3751 1185 3810; x_wconf 90' lang='lat' dir='ltr'>eisdem</span> <span class='ocrx_word' id='word_1_239' title='bbox 1206 3749 1392 3810; x_wconf 90' lang='lat' dir='ltr'>molendinis</span> <span class='ocrx_word' id='word_1_240' title='bbox 1415 3767 1520 3824; x_wconf 91' lang='lat' dir='ltr'>reper-</span> 
     </span>
     <span class='ocr_line' id='line_1_29' title="bbox 254 3856 1519 3932; baseline 0.002 -18"><span class='ocrx_word' id='word_1_241' title='bbox 254 3864 320 3914; x_wconf 90' lang='lat' dir='ltr'>tum</span> <span class='ocrx_word' id='word_1_242' title='bbox 344 3874 415 3916; x_wconf 93' lang='lat' dir='ltr'>cum</span> <span class='ocrx_word' id='word_1_243' title='bbox 439 3858 616 3931; x_wconf 89' lang='lat' dir='ltr'>pectoribus</span> <span class='ocrx_word' id='word_1_244' title='bbox 638 3873 790 3930; x_wconf 91' lang='lat' dir='ltr'>equorum</span> <span class='ocrx_word' id='word_1_245' title='bbox 814 3857 969 3916; x_wconf 92' lang='lat' dir='ltr'>trucidari.</span> <span class='ocrx_word' id='word_1_246' title='bbox 993 3859 1030 3916; x_wconf 92' lang='lat' dir='ltr'>Et</span> <span class='ocrx_word' id='word_1_247' title='bbox 1053 3859 1179 3932; x_wconf 93' lang='lat' dir='ltr'>insuper</span> <span class='ocrx_word' id='word_1_248' title='bbox 1195 3857 1270 3914; x_wconf 84' lang='lat' dir='ltr'>seria</span> <span class='ocrx_word' id='word_1_249' title='bbox 1293 3856 1428 3914; x_wconf 90' lang='lat' dir='ltr'>secunda</span> <span class='ocrx_word' id='word_1_250' title='bbox 1448 3873 1519 3932; x_wconf 91' lang='lat' dir='ltr'>pro·</span> 
     </span>
     <span class='ocr_line' id='line_1_30' title="bbox 253 3962 1519 4037; baseline 0.001 -16"><span class='ocrx_word' id='word_1_251' title='bbox 253 3965 338 4021; x_wconf 85' lang='lat' dir='ltr'>xima</span> <span class='ocrx_word' id='word_1_252' title='bbox 360 3969 430 4021; x_wconf 91' lang='lat' dir='ltr'>ante</span> <span class='ocrx_word' id='word_1_253' title='bbox 453 3962 626 4036; x_wconf 89' lang='lat' dir='ltr'>predictum</span> <span class='ocrx_word' id='word_1_254' title='bbox 652 3962 764 4020; x_wconf 82' lang='lat' dir='ltr'>festum</span> <span class='ocrx_word' id='word_1_255' title='bbox 791 3964 872 4021; x_wconf 90' lang='lat' dir='ltr'>beati</span> <span class='ocrx_word' id='word_1_256' title='bbox 895 3964 1014 4022; x_wconf 86' lang='lat' dir='ltr'>Thome</span> <span class='ocrx_word' id='word_1_257' title='bbox 1034 3963 1177 4037; x_wconf 92' lang='lat' dir='ltr'>apostoli,</span> <span class='ocrx_word' id='word_1_258' title='bbox 1193 3963 1386 4037; x_wconf 89' lang='lat' dir='ltr'>congregatis</span> <span class='ocrx_word' id='word_1_259' title='bbox 1409 3963 1519 4022; x_wconf 88' lang='lat' dir='ltr'>eodem</span> 
     </span>
     <span class='ocr_line' id='line_1_31' title="bbox 254 4067 1522 4142; baseline -0.001 -15"><span class='ocrx_word' id='word_1_260' title='bbox 254 4069 406 4142; x_wconf 84' lang='lat' dir='ltr'>Gregorio</span> <span class='ocrx_word' id='word_1_261' title='bbox 429 4067 563 4126; x_wconf 80' lang='lat' dir='ltr'>officiale</span> <span class='ocrx_word' id='word_1_262' title='bbox 586 4075 617 4126; x_wconf 93' lang='lat' dir='ltr'>et</span> <span class='ocrx_word' id='word_1_263' title='bbox 639 4069 791 4126; x_wconf 91' lang='lat' dir='ltr'>universis</span> <span class='ocrx_word' id='word_1_264' title='bbox 815 4069 1022 4127; x_wconf 84' lang='lat' dir='ltr'>familiaribus</span> <span class='ocrx_word' id='word_1_265' title='bbox 1042 4077 1071 4127; x_wconf 92' lang='lat' dir='ltr'>et</span> <span class='ocrx_word' id='word_1_266' title='bbox 1088 4068 1305 4141; x_wconf 91' lang='lat' dir='ltr'>iobagionibus</span> <span class='ocrx_word' id='word_1_267' title='bbox 1328 4083 1364 4125; x_wconf 92' lang='lat' dir='ltr'>ac</span> <span class='ocrx_word' id='word_1_268' title='bbox 1388 4073 1451 4126; x_wconf 88' lang='lat' dir='ltr'>tota</span> <span class='ocrx_word' id='word_1_269' title='bbox 1467 4083 1522 4141; x_wconf 90' lang='lat' dir='ltr'>po·</span> 
     </span>
     <span class='ocr_line' id='line_1_32' title="bbox 255 4173 1521 4260; baseline -0.003 -26"><span class='ocrx_word' id='word_1_270' title='bbox 255 4177 353 4234; x_wconf 91' lang='lat' dir='ltr'>tencia</span> <span class='ocrx_word' id='word_1_271' title='bbox 376 4175 518 4249; x_wconf 90' lang='lat' dir='ltr'>ipsorum</span> <span class='ocrx_word' id='word_1_272' title='bbox 540 4181 647 4233; x_wconf 91' lang='lat' dir='ltr'>contra</span> <span class='ocrx_word' id='word_1_273' title='bbox 671 4174 799 4232; x_wconf 87' lang='lat' dir='ltr'>eandem</span> <span class='ocrx_word' id='word_1_274' title='bbox 832 4176 989 4260; x_wconf 89' lang='lat' dir='ltr'>civitatem</span> <span class='ocrx_word' id='word_1_275' title='bbox 1020 4175 1173 4250; x_wconf 89' lang='lat' dir='ltr'>plurimas</span> <span class='ocrx_word' id='word_1_276' title='bbox 1204 4175 1331 4247; x_wconf 90' lang='lat' dir='ltr'>sagittas</span> <span class='ocrx_word' id='word_1_277' title='bbox 1353 4175 1458 4246; x_wconf 90' lang='lat' dir='ltr'>igneas</span> <span class='ocrx_word' id='word_1_278' title='bbox 1482 4173 1521 4230; x_wconf 92' lang='lat' dir='ltr'>ad</span> 
     </span>
     <span class='ocr_line' id='line_1_33' title="bbox 254 4281 1521 4356; baseline -0.002 -17"><span class='ocrx_word' id='word_1_279' title='bbox 254 4283 355 4356; x_wconf 89' lang='lat' dir='ltr'>ipsam</span> <span class='ocrx_word' id='word_1_280' title='bbox 378 4281 535 4339; x_wconf 89' lang='lat' dir='ltr'>civitatem</span> <span class='ocrx_word' id='word_1_281' title='bbox 558 4282 684 4354; x_wconf 88' lang='lat' dir='ltr'>sagitari</span> <span class='ocrx_word' id='word_1_282' title='bbox 707 4286 737 4339; x_wconf 95' lang='lat' dir='ltr'>et</span> <span class='ocrx_word' id='word_1_283' title='bbox 760 4289 859 4340; x_wconf 91' lang='lat' dir='ltr'>certos</span> <span class='ocrx_word' id='word_1_284' title='bbox 882 4283 966 4340; x_wconf 90' lang='lat' dir='ltr'>cives</span> <span class='ocrx_word' id='word_1_285' title='bbox 981 4281 1019 4340; x_wconf 90' lang='lat' dir='ltr'>de</span> <span class='ocrx_word' id='word_1_286' title='bbox 1036 4281 1145 4340; x_wconf 90' lang='lat' dir='ltr'>eadem</span> <span class='ocrx_word' id='word_1_287' title='bbox 1162 4281 1320 4338; x_wconf 85' lang='lat' dir='ltr'>vulnerari</span> <span class='ocrx_word' id='word_1_288' title='bbox 1336 4285 1367 4338; x_wconf 86' lang='lat' dir='ltr'>et</span> <span class='ocrx_word' id='word_1_289' title='bbox 1382 4281 1521 4354; x_wconf 91' lang='lat' dir='ltr'>spoliari,</span> 
     </span>
     <span class='ocr_line' id='line_1_34' title="bbox 253 4385 1521 4462; baseline -0.002 -17"><span class='ocrx_word' id='word_1_290' title='bbox 253 4403 369 4445; x_wconf 93' lang='lat' dir='ltr'>necnon</span> <span class='ocrx_word' id='word_1_291' title='bbox 392 4387 531 4446; x_wconf 90' lang='lat' dir='ltr'>mutilari</span> <span class='ocrx_word' id='word_1_292' title='bbox 554 4403 590 4445; x_wconf 91' lang='lat' dir='ltr'>ac</span> <span class='ocrx_word' id='word_1_293' title='bbox 611 4386 763 4461; x_wconf 91' lang='lat' dir='ltr'>quasdam</span> <span class='ocrx_word' id='word_1_294' title='bbox 786 4388 879 4445; x_wconf 87' lang='lat' dir='ltr'>villas</span> <span class='ocrx_word' id='word_1_295' title='bbox 902 4389 1051 4462; x_wconf 91' lang='lat' dir='ltr'>ipsorum,</span> <span class='ocrx_word' id='word_1_296' title='bbox 1089 4387 1250 4445; x_wconf 90' lang='lat' dir='ltr'>videlicet:</span> <span class='ocrx_word' id='word_1_297' title='bbox 1281 4385 1432 4458; x_wconf 92' lang='lat' dir='ltr'>Grachan,</span> <span class='ocrx_word' id='word_1_298' title='bbox 1461 4386 1521 4443; x_wconf 89' lang='lat' dir='ltr'>De-</span> 
     </span>
     <span class='ocr_line' id='line_1_35' title="bbox 254 4491 1521 4568; baseline -0.002 -17"><span class='ocrx_word' id='word_1_299' title='bbox 254 4493 325 4552; x_wconf 91' lang='lat' dir='ltr'>dich</span> <span class='ocrx_word' id='word_1_300' title='bbox 349 4499 379 4552; x_wconf 91' lang='lat' dir='ltr'>et</span> <span class='ocrx_word' id='word_1_301' title='bbox 402 4493 637 4552; x_wconf 89' lang='lat' dir='ltr'>Chumomerch</span> <span class='ocrx_word' id='word_1_302' title='bbox 660 4494 783 4568; x_wconf 87' lang='lat' dir='ltr'>penitus</span> <span class='ocrx_word' id='word_1_303' title='bbox 806 4493 943 4568; x_wconf 92' lang='lat' dir='ltr'>spoliari.</span> <span class='ocrx_word' id='word_1_304' title='bbox 969 4494 1014 4552; x_wconf 86' lang='lat' dir='ltr'>De</span> <span class='ocrx_word' id='word_1_305' title='bbox 1038 4495 1097 4552; x_wconf 93' lang='lat' dir='ltr'>hiis</span> <span class='ocrx_word' id='word_1_306' title='bbox 1120 4508 1181 4551; x_wconf 92' lang='lat' dir='ltr'>non</span> <span class='ocrx_word' id='word_1_307' title='bbox 1208 4493 1350 4564; x_wconf 91' lang='lat' dir='ltr'>contenti,</span> <span class='ocrx_word' id='word_1_308' title='bbox 1374 4491 1456 4549; x_wconf 91' lang='lat' dir='ltr'>idem</span> <span class='ocrx_word' id='word_1_309' title='bbox 1473 4507 1521 4548; x_wconf 89' lang='lat' dir='ltr'>ca·</span> 
     </span>
     <span class='ocr_line' id='line_1_36' title="bbox 253 4597 1520 4674; baseline -0.003 -16"><span class='ocrx_word' id='word_1_310' title='bbox 253 4601 390 4674; x_wconf 90' lang='lat' dir='ltr'>pitulum</span> <span class='ocrx_word' id='word_1_311' title='bbox 412 4599 443 4658; x_wconf 86' lang='lat' dir='ltr'>in</span> <span class='ocrx_word' id='word_1_312' title='bbox 466 4598 544 4658; x_wconf 82' lang='lat' dir='ltr'>festo</span> <span class='ocrx_word' id='word_1_313' title='bbox 564 4601 732 4658; x_wconf 86' lang='lat' dir='ltr'>nativitatis</span> <span class='ocrx_word' id='word_1_314' title='bbox 756 4598 883 4670; x_wconf 92' lang='lat' dir='ltr'>domini,</span> <span class='ocrx_word' id='word_1_315' title='bbox 907 4615 987 4657; x_wconf 90' lang='lat' dir='ltr'>nunc</span> <span class='ocrx_word' id='word_1_316' title='bbox 1008 4600 1164 4674; x_wconf 71' lang='lat' dir='ltr'>preterito</span> <span class='ocrx_word' id='word_1_317' title='bbox 1196 4597 1360 4656; x_wconf 87' lang='lat' dir='ltr'>nonnullas</span> <span class='ocrx_word' id='word_1_318' title='bbox 1391 4597 1520 4656; x_wconf 88' lang='lat' dir='ltr'>ancillas</span> 
     </span>
     <span class='ocr_line' id='line_1_37' title="bbox 253 4703 1518 4780; baseline -0.002 -16"><span class='ocrx_word' id='word_1_319' title='bbox 253 4705 437 4764; x_wconf 90' lang='lat' dir='ltr'>eorumdem</span> <span class='ocrx_word' id='word_1_320' title='bbox 459 4706 576 4764; x_wconf 89' lang='lat' dir='ltr'>civium</span> <span class='ocrx_word' id='word_1_321' title='bbox 606 4722 721 4780; x_wconf 86' lang='lat' dir='ltr'>aquam</span> <span class='ocrx_word' id='word_1_322' title='bbox 748 4705 923 4764; x_wconf 91' lang='lat' dir='ltr'>haurientes</span> <span class='ocrx_word' id='word_1_323' title='bbox 954 4721 1010 4779; x_wconf 92' lang='lat' dir='ltr'>per</span> <span class='ocrx_word' id='word_1_324' title='bbox 1039 4706 1178 4763; x_wconf 92' lang='lat' dir='ltr'>homines</span> <span class='ocrx_word' id='word_1_325' title='bbox 1213 4705 1354 4778; x_wconf 89' lang='lat' dir='ltr'>ipsorum</span> <span class='ocrx_word' id='word_1_326' title='bbox 1376 4703 1518 4779; x_wconf 89' lang='lat' dir='ltr'>spoliari;</span> 
     </span>
     <span class='ocr_line' id='line_1_38' title="bbox 254 4809 1519 4894; baseline 0 -26"><span class='ocrx_word' id='word_1_327' title='bbox 254 4825 371 4869; x_wconf 89' lang='lat' dir='ltr'>necnon</span> <span class='ocrx_word' id='word_1_328' title='bbox 395 4811 426 4869; x_wconf 90' lang='lat' dir='ltr'>in</span> <span class='ocrx_word' id='word_1_329' title='bbox 450 4809 535 4870; x_wconf 84' lang='lat' dir='ltr'>festis</span> <span class='ocrx_word' id='word_1_330' title='bbox 558 4813 722 4870; x_wconf 87' lang='lat' dir='ltr'>beatorum</span> <span class='ocrx_word' id='word_1_331' title='bbox 745 4811 893 4887; x_wconf 90' lang='lat' dir='ltr'>Stephani</span> <span class='ocrx_word' id='word_1_332' title='bbox 920 4812 1171 4886; x_wconf 88' lang='lat' dir='ltr'>prothomartiris</span> <span class='ocrx_word' id='word_1_333' title='bbox 1194 4817 1224 4868; x_wconf 90' lang='lat' dir='ltr'>et</span> <span class='ocrx_word' id='word_1_334' title='bbox 1246 4811 1395 4894; x_wconf 89' lang='lat' dir='ltr'>Johannis</span> <span class='ocrx_word' id='word_1_335' title='bbox 1418 4825 1519 4868; x_wconf 89' lang='lat' dir='ltr'>ewan-</span> 
     </span>
     <span class='ocr_line' id='line_1_39' title="bbox 254 4917 1519 4992; baseline -0.001 -18"><span class='ocrx_word' id='word_1_336' title='bbox 254 4917 372 4990; x_wconf 90' lang='lat' dir='ltr'>geliste,</span> <span class='ocrx_word' id='word_1_337' title='bbox 395 4933 476 4975; x_wconf 90' lang='lat' dir='ltr'>nunc</span> <span class='ocrx_word' id='word_1_338' title='bbox 505 4919 710 4991; x_wconf 88' lang='lat' dir='ltr'>retrogressis,</span> <span class='ocrx_word' id='word_1_339' title='bbox 741 4925 840 4977; x_wconf 90' lang='lat' dir='ltr'>certos</span> <span class='ocrx_word' id='word_1_340' title='bbox 871 4919 968 4975; x_wconf 92' lang='lat' dir='ltr'>boves</span> <span class='ocrx_word' id='word_1_341' title='bbox 991 4917 1203 4992; x_wconf 91' lang='lat' dir='ltr'>predictorum</span> <span class='ocrx_word' id='word_1_342' title='bbox 1227 4917 1343 4974; x_wconf 86' lang='lat' dir='ltr'>civium</span> <span class='ocrx_word' id='word_1_343' title='bbox 1370 4917 1519 4990; x_wconf 90' lang='lat' dir='ltr'>recipiet</span> 
     </span>
     <span class='ocr_line' id='line_1_40' title="bbox 254 5020 1521 5104; baseline -0.002 -24"><span class='ocrx_word' id='word_1_344' title='bbox 254 5021 377 5081; x_wconf 85' lang='lat' dir='ltr'>auferri.</span> <span class='ocrx_word' id='word_1_345' title='bbox 401 5023 438 5080; x_wconf 90' lang='lat' dir='ltr'>Et</span> <span class='ocrx_word' id='word_1_346' title='bbox 460 5023 545 5096; x_wconf 92' lang='lat' dir='ltr'>quod</span> <span class='ocrx_word' id='word_1_347' title='bbox 565 5039 622 5098; x_wconf 86' lang='lat' dir='ltr'>per</span> <span class='ocrx_word' id='word_1_348' title='bbox 644 5023 849 5082; x_wconf 85' lang='lat' dir='ltr'>reverendum</span> <span class='ocrx_word' id='word_1_349' title='bbox 871 5023 903 5082; x_wconf 91' lang='lat' dir='ltr'>in</span> <span class='ocrx_word' id='word_1_350' title='bbox 926 5021 1050 5081; x_wconf 91' lang='lat' dir='ltr'>Christo</span> <span class='ocrx_word' id='word_1_351' title='bbox 1071 5027 1201 5097; x_wconf 90' lang='lat' dir='ltr'>patrem,</span> <span class='ocrx_word' id='word_1_352' title='bbox 1226 5020 1387 5079; x_wconf 92' lang='lat' dir='ltr'>dominum</span> <span class='ocrx_word' id='word_1_353' title='bbox 1408 5021 1521 5104; x_wconf 90' lang='lat' dir='ltr'>Johan·</span> 
     </span>
    </p>
   </div>
   <div class='ocr_carea' id='block_1_8' title="bbox 0 0 1916 5806">
    <p class='ocr_par' dir='ltr' id='par_1_8' title="bbox 0 0 1916 5806">
     <span class='ocr_line' id='line_1_41' title="bbox 0 0 1916 5806; baseline 0 1"><span class='ocrx_word' id='word_1_354' title='bbox 0 0 1916 5806; x_wconf 95' lang='lat' dir='ltr'> </span> 
     </span>
    </p>
   </div>
  </div>
 </body>
</html>
