3600 5804
396 561 456 621 116
505 537 508 544 ¹
819 561 891 619 Dec.
915 573 984 638 134„
1008 591 1051 602 —
1074 558 1130 617 An.
1156 553 1242 634 1326.

393 773 506 834 scopus
536 757 676 815 eiusdem
705 771 763 831 pro
795 761 937 832 tempore
968 757 1151 814 constitutus
1178 759 1208 812 et
1231 755 1404 828 capitulum
1427 755 1524 828 ipsius
1550 756 1660 828 quovis

394 867 475 922 iusto
497 863 589 921 titulo
605 864 821 937 acquisierunt,
838 863 1020 921 invenerunt
1036 846 1066 920 et
1086 862 1294 931 obtinuerunt,
1316 861 1492 932 excelsique
1508 862 1664 934 principes

394 971 457 1028 suis
487 970 682 1043 temporibus
711 969 772 1026 sibi
801 974 971 1026 statuerunt
1002 976 1032 1026 et
1062 969 1266 1037 contulerunt,
1297 967 1363 1024 sive
1390 967 1550 1039 quondam
1574 983 1661 1039 reges

394 1075 553 1148 Hungarie
574 1077 672 1132 nostri
695 1076 917 1148 progenitores,
942 1077 1007 1133 sive
1030 1075 1132 1144 duces,
1153 1074 1219 1130 sive
1242 1074 1375 1131 barones
1397 1073 1487 1130 sicuti
1511 1074 1612 1130 banus
1635 1083 1662 1129 et

395 1181 447 1238 alii
478 1181 614 1252 comites,
636 1181 759 1238 nobiles
790 1185 821 1238 et
843 1181 978 1238 cuiusvis
1000 1186 1097 1238 status
1120 1195 1174 1236 seu
1197 1179 1355 1252 dignitatis
1378 1179 1519 1236 homines
1544 1180 1576 1236 in
1599 1179 1660 1235 rita

395 1287 447 1343 vel
470 1288 501 1343 in
523 1291 624 1344 morte
647 1285 847 1357 donaverunt,
871 1287 1054 1359 legaverunt
1077 1293 1107 1344 et
1130 1285 1289 1355 dederunt,
1313 1285 1489 1358 specialiter
1518 1300 1597 1358 quas
1612 1299 1665 1341 nos

396 1393 456 1450 sibi
491 1392 621 1450 fecimus
656 1391 840 1450 donaciones
876 1398 1140 1465 quantascumque
1175 1396 1206 1448 et
1239 1391 1421 1448 libertatum
1455 1391 1664 1448 concessiones

397 1499 648 1572 qualescumque,
680 1498 781 1556 eidem
813 1499 941 1556 ecclesie
970 1498 1162 1571 zagrabiensi
1191 1496 1229 1554 ad
1260 1511 1355 1570 quam
1387 1495 1590 1554 devocionem
1615 1497 1664 1553 ba-

396 1604 508 1660 bemus
539 1605 739 1676 singularem,
771 1620 828 1677 per
851 1619 981 1678 eamque
1011 1605 1158 1677 episcopo
1189 1602 1328 1661 eiusdem
1350 1617 1408 1676 pro
1432 1608 1574 1675 tempore
1597 1617 1664 1659 con-

397 1709 505 1766 stituto
529 1719 559 1768 et
581 1711 719 1784 capitulo
741 1711 829 1768 istius
851 1715 1003 1784 perpetuo
1026 1710 1175 1780 stabilire,
1191 1709 1415 1767 inviolabiliter
1439 1723 1621 1782 permanere
1636 1713 1664 1764 et

398 1816 516 1886 valere,
541 1815 707 1888 possidere,
732 1821 835 1873 tenere
858 1821 888 1873 et
910 1816 1026 1873 habere
1049 1815 1087 1873 de
1110 1815 1238 1872 consilio
1260 1815 1455 1888 prelatorum
1470 1821 1500 1870 et
1516 1815 1664 1870 baronum

397 1922 487 1994 regni
516 1922 614 1980 nostri
644 1923 795 1994 presentis
826 1923 934 1996 scripti
964 1922 1126 1995 perempni
1154 1921 1326 1994 patrocinio
1349 1920 1536 1977 sanccientes
1557 1919 1663 1976 confir·

399 2041 529 2084 mamus
554 2028 658 2100 anue
681 2028 785 2085 omnia
808 2029 834 2085 si
858 2045 918 2100 que
940 2029 992 2084 vel
1016 2027 1091 2100 quid
1115 2027 1153 2083 de
1177 2025 1431 2100 possessionibus,
1455 2025 1556 2092 terris,
1574 2025 1662 2089 villis,

399 2132 516 2206 prediis
541 2137 570 2189 et
593 2149 700 2190 earum
724 2133 910 2191 utilitatibus
933 2150 987 2190 seu
1011 2133 1204 2206 quibuslibet
1227 2132 1347 2188 iuribus
1370 2131 1451 2187 dicte
1467 2132 1595 2188 ecclesie
1612 2145 1663 2203 per

398 2254 611 2312 quoscumque
638 2239 688 2295 vel
714 2254 943 2312 quemcumque
966 2239 1095 2297 fuissent
1127 2237 1263 2295 indebite
1286 2243 1437 2310 occupata
1461 2245 1512 2294 aut
1537 2238 1663 2294 alienata

398 2344 436 2402 de
459 2343 650 2416 plenitudine
673 2345 758 2417 regie
783 2347 942 2418 potestatis
969 2359 1160 2411 revocamus,
1184 2343 1283 2404 eidem
1317 2343 1444 2400 ecclesie
1472 2345 1661 2400 restituentes

398 2450 492 2523 pleno
516 2449 590 2506 iure.
614 2448 740 2507 Cunctis
763 2450 867 2522 itaque
891 2450 1030 2508 ducibus.
1054 2451 1151 2519 banis,
1184 2451 1358 2518 comitibus
1384 2451 1568 2519 castellanis,
1592 2449 1663 2506 iudi-

399 2555 495 2624 cibus,
511 2555 671 2612 nobilibus
695 2561 724 2612 et
747 2556 926 2612 hominibus
950 2557 1170 2627 qualicumque
1194 2554 1298 2612 officio
1325 2571 1377 2612 seu
1402 2557 1518 2612 honore
1543 2553 1663 2626 fungen-

399 2661 483 2717 tibus
506 2676 587 2717 nunc
611 2666 640 2716 et
663 2676 721 2734 pro
746 2668 886 2733 tempore
910 2662 939 2718 in
964 2675 1058 2733 regno
1082 2667 1188 2718 nostro
1204 2663 1383 2730 constitutis,
1400 2677 1572 2734 eorumque
1588 2663 1662 2718 vioes

399 2767 585 2839 gerentibus
610 2767 668 2823 hoc
692 2767 827 2840 presenti
848 2767 934 2839 regio
957 2766 1057 2825 edicto
1084 2768 1289 2840 precipientes
1320 2767 1452 2824 firmiter
1475 2768 1662 2830 mandamus,

400 2853 550 2946 quatenus
574 2871 688 2930 dictam
713 2874 876 2930 ecclesiam
899 2873 1138 2946 zagrabiensem‚
1155 2874 1336 2947 episcopum
1353 2881 1383 2930 et
1398 2875 1572 2947 capitulum
1592 2875 1662 2931 eius·

400 2978 472 3036 dem
496 2979 526 3035 in
549 2979 690 3035 omnium
713 2979 836 3046 iudum,
860 2985 1045 3048 tenutamm‚
1079 2980 1315 3051 possessionum,
1349 2980 1515 3050 redituum,
1540 2982 1662 3038 tributo-

399 3101 470 3142 rum
500 3091 529 3141 et
562 3085 741 3141 libertatum
773 3085 870 3157 ipsius
901 3086 1028 3142 ecclesie
1067 3084 1258 3158 plenitudine
1289 3092 1318 3142 et
1349 3086 1524 3158 integritate
1552 3089 1662 3159 absque

400 3191 530 3264 aliquali
553 3189 769 3259 diminucione,
786 3192 1009 3263 inquietacione
1026 3197 1055 3248 et
1071 3193 1307 3264 perturbacione
1323 3194 1446 3250 mittant
1462 3201 1613 3268 perpetuo
1634 3201 1660 3250 et

400 3297 576 3369 relinquant
599 3295 727 3368 pacifice
750 3311 932 3368 permanere
963 3313 998 3354 ac
1031 3313 1088 3371 pro
1118 3299 1258 3363 omnium
1291 3299 1391 3356 salute
1419 3299 1546 3358 Christo
1569 3302 1663 3374 quiete

401 3401 555 3460 famulari.
580 3401 613 3458 ln
637 3402 724 3458 cuius
746 3405 792 3458 rei
822 3403 1006 3458 memoriam
1036 3409 1281 3477 perpetuamque
1305 3404 1484 3462 finnitatem
1508 3412 1660 3478 presentes

401 3507 607 3564 concessimus
630 3507 749 3563 litteras
773 3507 930 3580 dupplicis
961 3509 1054 3580 sigilli
1087 3511 1183 3566 nostri
1214 3511 1385 3568 munimine
1416 3513 1488 3569 novi
1511 3521 1543 3570 et
1566 3519 1662 3571 auten·

401 3614 454 3670 tici
475 3613 645 3669 roboratas.
669 3611 784 3669 Datum
808 3628 865 3684 per
888 3627 997 3670 manus
1013 3613 1136 3672 discreti
1152 3616 1212 3673 viri
1228 3617 1368 3689 magistri
1394 3618 1518 3688 Endree,
1536 3619 1664 3676 albensis

403 3717 530 3776 ecclesie
553 3717 712 3790 prepositi,
736 3719 806 3773 aule
829 3723 933 3774 nostre
965 3720 1214 3792 vicecancellarii,
1248 3722 1352 3780 dilecti
1384 3729 1413 3780 et
1441 3723 1545 3782 fidelis
1568 3725 1664 3782 nostri.

403 3825 493 3881 Anno
516 3822 634 3880 domini
658 3821 828 3878 MCCCXX
852 3829 947 3892 sexto,
980 3831 1090 3883 octavo
1121 3825 1268 3885 kalendas
1293 3831 1430 3900 Augusti.
1454 3830 1555 3903 Regni
1576 3831 1664 3888 nostri

402 3943 482 3987 anno
505 3929 649 3986 similiter
680 3929 831 4000 vigesimo
862 3935 956 3987 sexto.
975 3931 1213 3991 venerabilibus
1241 3935 1273 3991 in
1296 3933 1419 3992 Christo
1442 3938 1593 4009 patribus,
1616 3936 1662 3993 do·

404 4036 506 4106 minis,
547 4033 690 4092 Bolezlao
725 4035 920 4107 strigoniensi
944 4043 973 4094 et
1004 4036 1099 4095 fratre
1136 4033 1305 4118 Lad(izla0)
1339 4042 1500 4114 colocensi,
1541 4045 1664 4117 auleqne

403 4148 507 4199 nostre
531 4139 724 4208 cancellario
748 4141 1003 4216 archiepiscopis;
1034 4144 1173 4225 Johanne
1202 4147 1350 4208 nitriensi.
1375 4148 1539 4207 Benedicto
1564 4151 1664 4207 chana·

403 4246 510 4316 diensi,
534 4245 662 4302 Nicolao
685 4243 838 4319 jauriensi,
863 4245 998 4320 Georgio
1027 4251 1205 4321 syrmiensi;
1238 4247 1407 4331 Lad(izlao)
1439 4255 1664 4328 quinqueeccle·

404 4353 503 4422 siensi,
528 4350 652 4408 lwanlra
676 4350 868 4422 waradiensi,
893 4351 987 4411 fratre
1014 4354 1105 4413 Petro
1137 4358 1302 4428 bozniensi,
1327 4359 1495 4418 laurencio
1519 4360 1664 4428 waciensi

404 4457 528 4515 Andrea
550 4457 749 4527 transilvano,
773 4457 902 4515 Herrico
927 4461 1160 4533 wesprimiensi,
1184 4465 1254 4521 aule
1277 4463 1401 4523 domine
1424 4467 1529 4540 regine
1555 4467 1663 4526 cancel-

404 4564 483 4621 lario
507 4569 536 4620 et
558 4561 738 4620 Chanadino
761 4564 903 4635 agriensi,
927 4566 1088 4640 episcopis,
1112 4569 1256 4626 ecclesias
1279 4571 1329 4627 dei
1352 4570 1483 4629 feliciter
1499 4576 1663 4646 gubernan-

405 4671 503 4738 tibus,
526 4666 698 4741 magnificis
721 4669 891 4726 baronibus
914 4669 1061 4746 Philippo
1085 4673 1231 4746 palatino,
1255 4677 1366 4734 comite
1383 4681 1570 4751 scepusiensi
1585 4688 1613 4737 et
1630 4677 1662 4734 de

405 4777 542 4847 Wywar,
565 4774 724 4832 Demetrio
748 4777 897 4847 magistro
920 4779 1149 4835 tavamicorum
1172 4785 1359 4852 nostrorum,
1379 4785 1491 4841 comite
1516 4783 1660 4843 bachiensi

405 4887 435 4940 et
458 4881 684 4950 trenchinieusi,
708 4882 821 4938 comite
844 4882 965 4951 Alexio,
989 4883 1089 4941 iudice
1120 4887 1203 4942 curie
1227 4892 1338 4956 nostre,
1369 4889 1488 4947 Thoma
1520 4887 1661 4963 woyvoda

405 4988 597 5060 transilvano
621 4992 651 5044 et
673 4988 786 5045 comite
809 4987 847 5044 de
870 4988 984 5060 Zonulr,
1009 4990 1121 5064 Mykch
1145 4992 1226 5050 bano
1246 4995 1344 5052 tocius
1361 4993 1533 5068 Sclauonie,
1563 4997 1660 5057 comite
