3824 5806
417 553 480 610 350
827 535 902 594 Dec.
920 548 995 612 370.
1022 569 1059 580 -
1086 538 1142 594 An
1170 550 1258 614 1394·

414 733 555 814 Johanni,
578 735 684 792 comiti
707 735 805 808 Vegle
830 743 860 792 et
883 734 1044 792 llodrusse
1067 751 1103 792 ac
1119 749 1284 806 regnorum
1308 743 1487 794 nostrorum
1510 735 1685 796 Dalmacie.

415 839 542 897 Croacie
565 846 595 897 et
619 839 781 898 Selauonie
805 841 886 898 bano
910 841 960 898 vel
990 842 1054 898 eius
1071 841 1229 910 vicebano,
1246 843 1378 898 salutem
1394 849 1423 899 et
1439 843 1585 914 graciam.
1603 842 1686 898 Cum

415 963 470 1004 nos
503 947 653 1020 quasdam
677 947 754 1005 duas
778 949 985 1022 possessiones
1010 955 1128 1005 nostras
1152 947 1316 1005 Petrouina
1335 953 1365 1004 et
1382 949 1520 1005 Hrascba
1544 955 1680 1011 vocatas,

416 1052 446 1108 in
469 1053 616 1110 comitatu
640 1054 831 1126 zagrabiensi
856 1054 985 1123 habitas,
1009 1055 1086 1110 alias
1110 1053 1149 1110 ad
1173 1061 1307 1111 castrum
1331 1061 1469 1112 nostrum
1494 1053 1598 1126 Selyn‚
1624 1055 1688 1111 alio

415 1159 539 1214 nomine
564 1159 700 1216 Chichan
725 1169 879 1226 vocatum,
905 1161 1100 1232 pertinentes,
1132 1175 1151 1215 a
1183 1159 1302 1232 prelato
1326 1167 1425 1217 castro
1449 1161 1619 1217 eximentes
1645 1161 1685 1215 de

415 1265 558 1320 manibus
580 1267 692 1322 nostris
716 1267 817 1337 regiis,
839 1281 918 1322 nove
942 1271 1044 1322 nostre
1068 1265 1245 1321 donacionis
1269 1267 1360 1322 titulo
1383 1282 1417 1322 ac
1441 1267 1524 1323 omni
1556 1281 1593 1322 eo
1609 1267 1686 1344 iure¹

415 1386 477 1442 quo
500 1377 604 1426 nostre
627 1372 684 1427 rite
715 1372 898 1428 incumbunt
928 1371 1100 1440 collacioni‚
1131 1387 1202 1428 cum
1233 1373 1385 1429 universis
1416 1388 1523 1429 earum
1552 1372 1685 1445 iuribus,

415 1475 600 1533 utilitatibus
623 1483 653 1533 et
676 1478 869 1550 quibuslibet
896 1479 1100 1551 proventibus
1130 1484 1233 1535 nostre
1265 1480 1416 1536 maiestati
1441 1480 1605 1552 provenire
1629 1478 1687 1534 de·

414 1581 532 1652 bendis‚
556 1581 702 1639 fidelibus
724 1585 836 1641 nostris
861 1585 962 1653 iudici,
986 1585 1093 1642 iuratis
1117 1601 1152 1641 ac
1176 1585 1327 1642 universis
1352 1587 1472 1642 civibus
1495 1587 1607 1642 nostris
1643 1587 1686 1641 ci-

415 1688 517 1744 vitatis
538 1689 651 1746 montis
675 1687 858 1746 Grecbensis
882 1689 920 1746 de
943 1689 1103 1760 Zagrabia‚
1127 1705 1185 1762 pro
1210 1691 1349 1763 ipsorum
1377 1690 1523 1747 fidelibus
1539 1691 1679 1747 serviciis

415 1794 481 1850 iure
505 1795 634 1867 proprio
657 1795 900 1852 contullerimus.
935 1795 1006 1852 ldeo
1030 1794 1172 1852 fidelitati
1201 1802 1302 1852 vestre
1326 1795 1457 1852 tirmiter
1481 1795 1682 1868 precipiendo

416 1899 608 1971 mandamus,
632 1907 783 1974 quatenus
807 1900 943 1974 prelatos
974 1903 1057 1958 cives
1088 1909 1210 1958 nostros
1241 1918 1277 1958 ac
1307 1917 1414 1958 eorum
1447 1901 1626 1973 iobagiones
1654 1901 1684 1956 in

415 2005 562 2080 predictis
585 2007 830 2080 possessionibus
859 2015 1088 2064 commorantes
1119 2009 1149 2064 in
1181 2008 1269 2064 nullo
1300 2007 1439 2080 inpedire
1471 2013 1500 2063 et
1531 2022 1682 2077 agravare

415 2128 470 2170 nec
494 2113 615 2185 aliquas
638 2113 811 2170 soluciones
834 2113 875 2170 ab
898 2114 973 2186 ipsis
997 2113 1142 2186 recipere,
1167 2113 1219 2170 sed
1252 2113 1377 2170 eosdem
1409 2111 1546 2169 adinstar
1568 2119 1683 2167 cetera-

415 2233 486 2276 rum
518 2219 745 2291 possessionum
778 2234 885 2276 eorum
917 2220 947 2275 in
979 2219 1117 2276 dominio
1148 2219 1326 2276 earumdem
1358 2234 1468 2275 manus
1500 2225 1618 2274 vestras
1643 2218 1684 2274 ab

415 2323 485 2381 inde
518 2324 703 2382 retrahendo
727 2341 762 2381 ac
786 2333 892 2382 contra
922 2325 1079 2398 quoslibet
1110 2324 1290 2398 indempnes
1320 2341 1355 2382 ac
1382 2325 1489 2382 illesos
1512 2331 1682 2396 protegere.

415 2445 597 2488 conservare
620 2440 651 2489 et
674 2437 871 2488 manutenere
895 2430 1033 2488 debeatis
1057 2431 1224 2488 maiestatis
1248 2437 1350 2487 nostre
1373 2431 1403 2487 in
1428 2444 1576 2503 persona;
1592 2429 1678 2486 aliud

415 2533 515 2592 lacere
538 2551 598 2594 non
622 2539 733 2594 ausuri.
759 2538 874 2594 Datum
898 2537 991 2606 Bude‚
1015 2539 1046 2594 in
1069 2537 1178 2610 vigilia
1202 2536 1271 2594 lesti
1296 2538 1456 2594 beatorum
1481 2533 1626 2606 Symonis
1650 2545 1681 2591 et

414 2641 501 2723 Jude,
526 2643 748 2714 apostolorum.
773 2646 863 2700 Anno
886 2643 1005 2700 domini
1030 2643 1140 2700 MCCC
1165 2644 1363 2716 nonagesimo
1388 2643 1490 2700 tercio,

504 2811 644 2878 Originale
670 2813 696 2862 in
722 2813 820 2863 charta.
850 2813 976 2879 Sigillum
1002 2813 1072 2880 regis
1104 2814 1266 2878 impressum,
1293 2813 1403 2878 pulchre
1433 2819 1624 2862 conservatum.
1655 2812 1684 2860 ln

415 2901 524 2951 archivo
544 2900 589 2951 lib.
609 2917 664 2966 reg.
684 2901 755 2952 civit.
781 2904 885 2968 zagrab.
914 2931 946 2939 -
972 2903 1064 2952 Exstat
1088 2902 1169 2952 eciam
1188 2901 1261 2950 aliud
1285 2901 1312 2950 in
1331 2907 1495 2966 transumpto
1516 2900 1627 2965 capituli
1642 2915 1681 2948 za-

413 2990 568 3056 grabiensis‚
596 2990 658 3040 huic
686 3005 732 3054 per
760 2990 848 3040 omnia
876 2991 1012 3040 consimile
1038 2991 1084 3039 tali
1112 2999 1198 3040 autem
1227 2989 1387 3046 discrimine,
1409 2991 1480 3052 quod
1502 2999 1561 3052 post
1588 2989 1682 3037 verba:

416 3078 505 3134 „aliud
525 3077 611 3126 lacere
630 3094 680 3127 non
700 3077 814 3132 ausuri“.
835 3078 955 3127 additum
975 3085 1020 3134 est.
1040 3087 1065 3127 et
1084 3079 1204 3142 sequitur
1224 3079 1274 3128 ita:
1296 3079 1345 3137 „Et
1358 3079 1408 3127 hoc
1428 3078 1496 3126 idem
1517 3077 1681 3141 iniungimus

415 3165 512 3215 suturis
532 3166 606 3216 banis
625 3173 650 3215 et
670 3166 811 3223 vicebanis,
838 3167 929 3216 dantes
955 3167 1019 3231 ipsis
1044 3167 1175 3216 similibus
1198 3167 1247 3216 sub
1267 3167 1406 3230 preceptis.
1432 3165 1530 3215 Datum
1554 3165 1635 3217 Bude.
1657 3166 1683 3214 iu

414 3254 481 3304 sesto
495 3255 633 3304 beatorum
646 3254 760 3304 Simonis
773 3261 799 3303 et
808 3255 876 3319 Jude
886 3257 1075 3319 apostolorum.
1086 3259 1162 3304 Anno
1174 3254 1275 3304 domini
1286 3254 1380 3303 ltccc
1392 3252 1561 3318 nonagesimo
1576 3253 1682 3302 tercio*

1001 3559 1091 3626 ato.

520 3737 596 3784 Anno
619 3744 692 3798 1394.
715 3736 753 3784 18.
774 3733 911 3785 februarii.
933 3735 1086 3800 Zagrabiae.

419 3880 544 3936 Thomas
576 3881 736 3948 vicedonus,
763 3881 919 3954 capimlum
947 3881 1062 3953 aogrnb.
1093 3889 1127 3939 ut
1153 3889 1253 3938 contra
1279 3881 1417 3948 Paulum,
1432 3881 1533 3955 filium
1553 3880 1679 3948 Mastcn,

465 3989 519 4060 qui
537 3987 687 4060 quentdom
710 3987 858 4043 Andream
882 3967 933 4043 sib
955 3988 1080 4061 nefando
1103 3995 1299 4056 tractarem,-
1317 3987 1511 4060 investigaret,
1527 3994 1636 4042 exoret.

503 4151 619 4207 Amicis
650 4150 713 4206 suis
745 4149 930 4221 reverendis
962 4151 1098 4223 capitulo
1130 4151 1256 4208 ecclesie
1286 4149 1506 4222 zagrabiensis,
1538 4149 1685 4220 magister

413 4257 557 4326 Thomas,
582 4256 725 4325 vicarius
749 4257 915 4312 vicebanus
939 4263 969 4313 et
992 4272 1095 4314 comes
1118 4256 1333 4329 zagrabiensis‚
1350 4255 1522 4312 amiciciam
1542 4261 1681 4327 paratam

412 4377 483 4419 cum
508 4361 631 4418 honore.
657 4361 778 4418 Dicitur
801 4363 891 4418 nobis
915 4363 944 4418 in
969 4363 1108 4434 personis
1133 4361 1339 4435 providomm
1363 4361 1503 4418 virorum
1522 4359 1680 4442 Jobannis‚

412 4467 470 4524 filii
495 4467 591 4538 Pauli,
616 4466 725 4524 iudicis
748 4482 783 4524 ac
807 4469 977 4525 iuratorum
1002 4475 1030 4524 et
1055 4469 1269 4525 universorum
1288 4468 1403 4524 civium
1419 4467 1552 4523 civitatis
1567 4467 1680 4522 montis

413 4573 583 4640 Grecensis
607 4573 766 4646 quomodo
790 4573 911 4647 pridem
936 4575 1082 4647 magister
1105 4574 1228 4642 Paulus,
1252 4573 1337 4630 filius
1373 4573 1512 4630 Mazthan
1537 4570 1576 4627 de
1599 4571 1677 4642 Chy-

412 4680 498 4750 chan,
523 4679 689 4752 quemdam
716 4681 817 4736 civem
841 4681 989 4752 ipsorum,
1014 4680 1157 4736 videlicet
1181 4679 1282 4736 Endre
1316 4678 1370 4737 Sib
1394 4679 1520 4750 dictum,
1545 4678 1575 4734 in
1600 4677 1679 4734 dicta

413 4785 561 4857 becban
585 4785 775 4858 reperiendo
800 4787 993 4858 captivasset,
1017 4791 1206 4858 captumque
1229 4787 1259 4842 in
1283 4786 1346 4842 suis
1370 4783 1502 4841 vinculis
1518 4784 1548 4841 in
1565 4783 1679 4855 frigore

412 4892 558 4948 tenuisset
581 4897 611 4947 et
634 4890 800 4948 crudeliter
824 4892 1004 4949 tormentari
1028 4890 1157 4963 fecisset,
1186 4897 1336 4964 quantum
1359 4907 1413 4947 sue
1437 4889 1604 4963 placuisset
1628 4905 1680 4946 vo·

412 4998 509 5068 lutati,
540 5003 570 5054 et
594 4997 717 5054 tandem
737 4996 869 5054 eundem
885 4997 986 5055 Endre
1009 4999 1039 5055 in
1063 4999 1168 5072 aliqua
1185 4999 1354 5071 quantitate
1371 4996 1500 5069 pecunie
1516 4995 1679 5068 pactand0‚
