3728 5806
409 562 470 623 274
829 546 903 604 Doc.
928 541 999 622 287.
1026 580 1063 589 -
1089 548 1145 606 An.
1168 559 1258 624 1379.

408 743 548 800 vicebani
572 745 659 815 regni
682 743 845 801 Sclauonie
867 759 902 800 ac
925 743 1047 802 comitis
1067 745 1228 816 crisyensis
1245 749 1275 801 et
1290 751 1404 814 nostro,
1421 760 1540 802 necnon
1555 745 1666 815 iudicis,

407 847 580 906 iuratorum
597 855 627 905 et
642 850 756 907 civium
773 849 981 907 universitatis
995 851 1108 908 montis
1121 849 1304 908 Grechensis
1320 852 1578 924 consignatorum,
1597 853 1669 909 inter

407 969 463 1011 nos
488 955 633 1012 videlicet
656 963 686 1012 et
709 955 836 1012 eosdem
859 956 991 1013 iudicem
1016 963 1046 1012 et
1069 957 1152 1014 cives
1168 961 1389 1026 emanaturum,
1412 958 1443 1014 in
1466 958 1585 1016 octavis
1602 956 1666 1014 festi

408 1059 488 1116 beati
512 1059 638 1134 Georgii
663 1062 799 1118 martiris
833 1078 912 1119 nunc
936 1063 1079 1135 proxime
1103 1063 1267 1136 preteritis,
1291 1064 1398 1136 vigore
1421 1064 1598 1121 litterarum
1619 1079 1668 1121 no·

406 1171 541 1223 strarum
564 1173 594 1223 et
617 1167 772 1225 dictorum
796 1167 905 1225 iudicis
936 1179 967 1224 et
998 1168 1113 1225 civium
1145 1169 1433 1242 prorogatoriarum
1457 1169 1569 1226 exinde
1591 1170 1671 1226 sirni-

406 1271 477 1328 liter
499 1271 716 1344 confectarum,
741 1272 809 1331 fieri
842 1273 977 1330 debebat
1008 1283 1038 1331 et
1068 1275 1244 1344 terminari;
1275 1275 1348 1348 quia
1378 1276 1562 1333 racionabili
1584 1276 1670 1332 inter·

406 1378 545 1436 veniente
564 1395 656 1436 causa
679 1381 710 1437 in
743 1380 833 1437 dictis
863 1381 981 1438 octavis
1012 1380 1080 1437 fieri
1110 1380 1259 1453 nequivit,
1290 1381 1360 1438 ideo
1389 1381 1429 1437 ad
1456 1387 1582 1438 octavas
1605 1379 1671 1438 festi

405 1485 501 1540 sancti
524 1485 694 1557 Mychaelis
717 1487 895 1559 archangeli
919 1503 999 1544 nunc
1021 1487 1165 1567 proxime
1195 1487 1355 1558 affuturas
1379 1493 1459 1545 statu
1490 1503 1549 1561 per
1572 1489 1672 1544 omnia

406 1595 436 1650 in
460 1592 549 1650 dictis
573 1592 683 1649 litteris
712 1592 929 1664 arbitratoriis‚
960 1607 1030 1650 cum
1063 1591 1193 1666 prelatis
1222 1592 1332 1664 iudice,
1363 1593 1472 1651 iuratis
1501 1599 1531 1651 et
1553 1595 1671 1650 civibus

405 1701 557 1757 universis
580 1697 655 1755 dicti
678 1699 792 1755 montis
814 1696 999 1755 Grechensis
1031 1705 1139 1756 mutuo
1169 1705 1200 1756 et
1230 1699 1367 1757 vicissim
1399 1699 1547 1757 duximus
1566 1715 1670 1772 proro

406 1805 538 1878 gandam
571 1805 614 1861 ita
636 1803 789 1874 videlicet,
814 1803 897 1876 quod
921 1805 947 1860 si
970 1802 1050 1861 infra
1079 1805 1233 1879 predictas
1256 1811 1381 1862 octavas
1409 1806 1573 1864 memorati
1603 1805 1668 1862 festi

405 1911 501 1968 sancti
526 1910 693 1982 Mychaelis
717 1910 903 1982 archangeli,
927 1911 1014 1981 regni
1039 1909 1202 1968 Sclauonie
1221 1912 1381 1968 nobilibus
1397 1912 1669 1984 congregacionem

406 2017 583 2090 generalem
606 2017 645 2074 de
668 2015 815 2074 mandato
839 2017 924 2087 regio
948 2015 1016 2086 fieri
1040 2017 1206 2088 contingat,
1230 2033 1268 2073 ex
1284 2021 1356 2074 tunc
1372 2017 1440 2090 ipsa
1461 2031 1563 2088 causa,
1579 2016 1669 2074 modo

405 2124 556 2197 premisso
580 2124 612 2180 in
635 2121 725 2180 dictis
749 2122 859 2179 litteris
882 2122 1089 2179 arbitratoriis
1117 2128 1269 2194 contento,
1292 2121 1360 2180 fieri
1380 2123 1492 2180 debeat
1515 2129 1546 2179 et
1568 2124 1667 2180 termi-

404 2229 470 2286 nari
495 2231 524 2286 in
548 2229 789 2300 congregacione
812 2234 964 2284 annotata.
995 2227 1111 2285 Datum
1145 2227 1222 2285 feria
1253 2235 1339 2285 sexta
1369 2230 1513 2302 proxima
1537 2227 1668 2302 postte

403 2341 485 2392 stum
509 2334 841 2412 ascensionisdomini.
868 2335 956 2391 Anno
980 2333 1120 2390 eiusdem
1143 2334 1314 2391 millesimo
1337 2333 1501 2391 CCCLXX
1524 2349 1613 2392 nono.

494 2453 634 2518 Originale
659 2452 686 2502 in
711 2451 809 2508 charta,
836 2465 851 2500 a
877 2457 953 2516 tergo
978 2450 1121 2516 vestigium
1145 2450 1229 2516 sigilli
1256 2450 1418 2515 capitularis.
1445 2451 1475 2500 ln
1495 2451 1566 2500 arch.
1584 2450 1629 2500 lib.
1647 2465 1667 2498 r.

404 2542 476 2592 civit.
496 2543 601 2608 zagrab.

993 2718 1079 2786 287.

510 2847 587 2895 Anno
609 2851 683 2907 1379,
705 2853 744 2902 13.
764 2844 889 2894 octobris.
909 2843 1063 2908 Zagrabiae.

403 2955 511 3014 Petrus
542 2955 646 3012 Zudar
674 2955 774 3024 bunrrs,
804 2957 850 3012 ius
879 2954 991 3011 dicendi
1020 2955 1050 3010 in
1079 2971 1169 3010 causa
1199 2953 1355 3026 capitulum
1387 2951 1504 3026 zugrab.
1540 2955 1614 3011 inter
1644 2961 1669 3010 et

545 3063 770 3120 communitatem
800 3060 986 3119 Grcclunsem
1011 3059 1053 3116 ad
1072 3061 1254 3117 lauamt'cum
1282 3061 1391 3132 regium
1414 3059 1531 3132 relegat.

492 3205 555 3262 Nos
586 3205 693 3262 Petrus
723 3203 832 3274 Zudar,
856 3205 942 3276 regni
969 3202 1132 3261 Sclauonie
1155 3205 1261 3262 banus.
1284 3203 1404 3260 Damus
1427 3217 1486 3276 pro
1509 3203 1664 3268 memoria,

404 3311 488 3384 quod
518 3310 776 3368 reformacionem
805 3326 857 3367 seu
882 3309 1174 3367 determinaclonem
1196 3309 1357 3366 cuiusdam
1379 3311 1464 3382 pacis
1488 3315 1518 3366 et
1541 3309 1663 3376 arbitrii,

404 3416 487 3489 quod
519 3422 548 3473 et
579 3431 673 3488 quam
704 3432 742 3472 ex
769 3417 896 3489 speciali
928 3414 1074 3472 mandato
1106 3413 1225 3472 domini
1248 3415 1344 3472 nostri
1368 3415 1449 3486 regis
1472 3415 1552 3472 inter
1574 3414 1664 3470 hono·

403 3523 502 3579 rahile
525 3522 698 3595 capitulum
722 3522 850 3578 ecclesie
872 3521 1090 3593 zagrabiensis,
1117 3528 1254 3578 actorem
1278 3521 1318 3577 ab
1341 3536 1411 3591 una,
1434 3535 1494 3593 pro
1517 3535 1579 3593 quo
1601 3534 1662 3576 rna·

403 3628 497 3699 gister
531 3626 685 3695 Nicolaus‚
720 3626 857 3684 notarius
887 3642 994 3684 eorum
1035 3643 1106 3684 cum
1142 3627 1364 3700 procuratoriis
1394 3626 1506 3683 litteris
1533 3625 1664 3683 eiusdem

403 3735 498 3791 astitit
520 3739 551 3792 et
573 3735 653 3791 inter
675 3733 818 3805 iudicem,
839 3735 956 3790 iuratos
980 3749 1015 3790 ac
1038 3734 1200 3790 universos
1216 3733 1299 3790 cives
1315 3733 1449 3790 civitatis
1464 3732 1664 3804 zagrabiensis

403 3841 434 3898 in
458 3857 583 3898 causam
613 3845 768 3911 attractos,
800 3855 857 3914 pro
888 3841 1002 3913 quihus
1024 3839 1159 3922 Jacobus
1183 3838 1275 3895 iudex
1298 3838 1482 3896 eorumdem
1505 3853 1575 3896 cum
1597 3852 1665 3911 pro-

402 3947 564 4003 curatoriis
587 3947 698 4004 litteris
722 3945 861 4002 eiusdem
884 3945 1017 4003 civitatis
1040 3946 1224 4018 comparuit,
1248 3945 1334 4002 iuxta
1349 3945 1571 4002 continenciam
1589 3945 1665 4001 litte·

401 4066 507 4108 rarum
533 4060 709 4108 nostrarum
733 4052 1000 4109 arbitratoriarum
1025 4051 1142 4126 pariter
1165 4057 1195 4108 et
1218 4051 1477 4122 obligatoriamm
1500 4051 1531 4108 in
1553 4050 1665 4108 octavis

402 4155 471 4213 festi
488 4158 571 4213 beati
589 4157 757 4228 Mychaelis
772 4157 949 4229 archangeli
974 4155 1074 4214 lacere
1090 4157 1289 4226 tenebamur;
1310 4157 1383 4229 quia
1400 4157 1429 4214 in
1445 4157 1515 4214 aliis
1531 4156 1664 4214 eiusdem

403 4262 521 4324 domini
555 4264 653 4320 nostri
684 4263 766 4335 regis
796 4263 935 4320 serviciis
966 4263 1127 4320 existimus
1157 4263 1308 4336 occupati,
1340 4277 1398 4336 pro
1420 4277 1456 4319 eo
1479 4261 1518 4319 ad
1543 4269 1664 4320 octavas

402 4369 472 4427 festi
503 4369 586 4426 beati
617 4367 744 4440 Georgii
775 4369 918 4439 martiris,
950 4385 1031 4426 nunc
1058 4373 1213 4439 venturas,
1245 4369 1275 4425 ln
1306 4343 1497 4441 presenciam
1530 4367 1666 4440 magistri

401 4476 630 4533 tavarnicorum
653 4475 804 4546 regalium
828 4473 973 4531 duximus
997 4473 1227 4548 prorogandam
1253 4472 1416 4544 eomodo,
1440 4479 1473 4530 ut
1496 4473 1522 4530 si
1546 4474 1664 4531 interim

401 4587 506 4655 partes
529 4581 608 4638 inter
634 4587 811 4652 prenotatas
841 4580 1038 4638 concordiam
1070 4579 1171 4637 lacere
1202 4581 1381 4653 poterimus,
1411 4579 1490 4636 bene
1526 4579 1665 4652 quidem;

401 4687 540 4758 alioquin
571 4687 602 4743 in
631 4685 747 4743 eisdem
783 4687 899 4744 octavis
934 4693 1038 4760 partes
1073 4691 1233 4759 prenotate
1267 4701 1338 4743 cum
1373 4685 1526 4742 universis
1561 4699 1665 4742 earum

401 4792 521 4850 iuribus
533 4807 637 4849 coram
652 4791 762 4849 eodem
775 4793 923 4865 magistro
936 4793 1166 4850 tavamicorum
1178 4807 1359 4865 comparere
1373 4796 1541 4848 teneantur.
1555 4791 1666 4848 Datum

400 4899 559 4972 Zagrabie,
582 4905 693 4956 octavo
716 4897 766 4956 die
790 4898 913 4956 termini
937 4899 1097 4971 prenotati.
1122 4901 1212 4956 Anno
1232 4897 1351 4955 domini
1367 4895 1565 4953 MCCCLXX
1581 4910 1665 4954 nono.

490 5016 630 5082 Originale
651 5015 678 5064 iu
697 5015 794 5075 charta,
815 5031 829 5065 a
849 5021 925 5082 tergo
945 5015 1038 5080 vestig.
1056 5015 1177 5080 impressi
1193 5015 1286 5080 sigilli.
1300 5015 1330 5064 In
1344 5013 1414 5064 arch.
1428 5015 1445 5063 1.
1459 5029 1481 5062 r.
1495 5013 1545 5064 civ.
1561 5013 1661 5079 zagrah.
