3728 5806
659 553 732 609 Doc.
750 549 827 629 308.
856 587 891 594 —
917 556 973 612 An.
997 551 1088 631 1380.
1448 576 1505 633 291

243 751 304 808 lius
327 750 463 809 creditur
493 751 625 809 invitari.
657 753 753 824 Igitur
783 751 893 810 fratres
924 759 953 812 et
984 754 1102 812 domini
1133 755 1191 812 hiis
1223 755 1357 828 pensatis
1388 761 1418 812 et
1441 754 1511 812 dili·

243 863 351 928 genter
373 857 403 914 in
428 858 613 915 memoriam
636 857 776 928 redactis,
800 874 935 916 unacum
950 860 1182 918 venerabilibus
1199 858 1347 917 fratribus
1371 861 1461 917 nobis
1478 861 1508 918 in

243 961 369 1020 Christo
393 962 572 1032 karissimis,
602 963 747 1020 videlicet
777 963 926 1022 dominis:
957 965 1086 1023 Nicolao
1113 966 1280 1038 preposito,
1310 965 1449 1047 Johanne
1472 966 1510 1022 de

242 1067 406 1138 Pensauro,
431 1068 627 1128 decretorum
652 1070 785 1140 doctore,
810 1070 934 1141 lectore,
958 1072 1056 1129 Paulo
1072 1076 1195 1129 cantore
1212 1077 1242 1128 et
1257 1071 1326 1128 aliis
1349 1071 1510 1143 archidya-

243 1175 328 1231 conis
352 1179 382 1231 et
404 1175 558 1233 canonicis
581 1180 684 1233 nostre
708 1175 789 1234 dicte
818 1177 946 1234 ecclesie
976 1178 1052 1234 inito
1075 1183 1105 1234 et
1127 1177 1243 1247 habito,
1275 1176 1448 1234 deliberato
1471 1193 1507 1234 ac

242 1278 363 1352 digesto
393 1281 530 1352 consilio,
561 1280 679 1338 eisdem
710 1281 844 1340 dominis
875 1281 1023 1340 fratribus
1053 1283 1166 1340 nostris
1187 1282 1220 1340 id
1243 1283 1508 1340 consencientibus

244 1393 274 1442 et
297 1400 406 1442 eorum
430 1387 613 1444 benivolum
636 1402 672 1444 ac
695 1387 853 1444 salubrem
885 1403 1068 1446 consensum
1099 1387 1138 1445 ad
1170 1389 1229 1446 hoc
1254 1389 1457 1462 prebentibus
1478 1395 1507 1447 et

242 1507 298 1549 nos
321 1492 360 1549 ad
384 1508 419 1550 ea
442 1493 510 1566 ipsa
533 1493 680 1551 instanter
711 1495 912 1551 invitantibus
943 1493 1122 1552 huiusmodi
1150 1495 1327 1551 societatem
1353 1510 1408 1552 seu
1430 1494 1506 1552 fide-

242 1598 319 1656 lium
344 1600 628 1672 congregacionem,
659 1600 818 1672 wlgariter
848 1599 998 1657 kalandas
1029 1605 1179 1671 vocatam,
1207 1599 1352 1658 videlicet
1375 1601 1406 1658 in
1430 1599 1508 1658 festo

245 1705 413 1762 beatissimi
435 1705 584 1787 Jeronimi
609 1705 744 1763 doctoris
764 1712 794 1763 et
809 1706 879 1762 aliis
896 1705 1017 1762 duobus
1033 1705 1143 1763 diebus
1159 1707 1357 1764 inmedietate
1379 1722 1508 1779 sequen·

243 1811 325 1868 tibus
349 1827 473 1885 semper
496 1811 609 1868 amodo
641 1819 670 1868 et
701 1811 845 1885 deinceps
876 1811 1018 1883 quolibet
1047 1826 1127 1868 anno
1158 1813 1321 1869 statuimus
1349 1813 1506 1870 celebran-

242 1916 314 1973 dam
339 1933 435 1990 acque
470 1917 564 1974 modo
588 1916 667 1974 inira
690 1915 896 1990 specificando
932 1917 970 1974 ad
994 1917 1144 1975 honorem
1167 1917 1386 1991 omnipotentis
1410 1917 1460 1975 dei
1480 1925 1509 1975 et

243 2023 308 2078 eius
331 2023 488 2095 genitricis
511 2023 654 2095 gloriose,
686 2038 803 2079 necnon
834 2022 876 2078 ob
907 2023 1114 2080 reverenciam
1145 2023 1329 2080 sanctissimi
1360 2022 1507 2097 Stephani

243 2127 332 2200 regis,
356 2129 437 2185 dicte
460 2129 587 2186 ecclesie
610 2135 713 2185 nostre
738 2129 859 2201 patroni
882 2129 1035 2200 specialis
1060 2144 1118 2202 pro
1141 2129 1240 2185 salute
1264 2144 1388 2201 quoque
1414 2135 1507 2202 atque

242 2233 391 2306 suffragio
414 2235 554 2291 omniurn
585 2241 762 2291 nostrorum
798 2234 973 2291 vivencium
1005 2239 1097 2306 atque
1124 2233 1349 2306 defunctorum,
1373 2250 1507 2307 quorum

241 2338 411 2410 gaudemus
436 2339 592 2398 beneficiis
616 2347 645 2396 et
668 2345 876 2398 sustentamur
906 2340 1092 2410 elemosinis,
1114 2355 1170 2412 per
1199 2355 1254 2396 nos
1278 2346 1306 2396 et
1331 2339 1429 2397 dictos
1451 2339 1504 2397 do·

242 2446 341 2502 minos
365 2445 477 2504 iratres
497 2463 533 2503 ac
552 2447 630 2503 alios
654 2447 906 2520 supervenientes
929 2445 1107 2502 huiusmodi
1131 2451 1234 2502 nostre
1257 2445 1506 2517 congregacionis

242 2554 398 2610 consocios
421 2559 451 2610 et
474 2553 644 2610 confratres
667 2559 788 2610 nostros
811 2553 941 2624 singulis
965 2557 994 2609 et
1018 2553 1210 2624 quibuslibet
1233 2553 1319 2610 annis
1343 2551 1506 2609 colendam

242 2665 273 2716 et
295 2659 526 2718 decantandam.
550 2659 655 2716 Primo
679 2659 773 2731 igitur
796 2673 859 2728 nos,
884 2660 937 2731 qui
958 2659 1134 2716 huiusmodi
1162 2659 1286 2715 salubre
1303 2658 1508 2715 ordinacionis

242 2766 382 2823 conditor
404 2765 470 2824 fore
494 2766 646 2836 videmur,
671 2766 771 2838 prima
799 2765 849 2822 die
881 2764 1035 2823 dictorum
1064 2765 1157 2822 trium
1181 2765 1311 2836 dierum,
1334 2764 1451 2822 scilicet
1475 2764 1505 2821 in

243 2869 320 2928 festo
343 2872 425 2929 beati
448 2871 597 2954 Jeronimi
621 2869 805 2928 confessoris
839 2885 898 2944 pro
930 2876 1034 2928 nostra
1057 2877 1087 2928 et
1112 2869 1364 2944 predecessorum
1388 2875 1507 2927 nostro·

242 2993 311 3034 rum
335 2978 498 3034 animabus
522 2994 592 3034 curn
624 2978 790 3034 missarum
820 2977 1040 3042 celebracione,
1074 2977 1313 3033 elemosinarum
1338 2975 1506 3048 largicione

242 3089 272 3140 et
295 3099 468 3156 pauperum
493 3082 708 3140 refocilacione
729 3098 801 3138 cum
826 3083 962 3156 propriis
984 3082 1096 3140 nostris
1127 3081 1288 3155 stipendiis
1312 3086 1342 3138 et
1364 3081 1507 3154 expensis

242 3190 471 3247 celebrabimus
494 3195 524 3246 et
547 3189 705 3246 celebrare
729 3188 895 3257 faciemus;
919 3189 997 3245 alios
1021 3203 1096 3244 vero
1119 3188 1197 3244 duos
1212 3187 1278 3244 dies
1293 3193 1454 3260 sequentes
1469 3186 1508 3244 de

244 3297 332 3353 bonis
355 3297 413 3370 ipsi
438 3297 575 3353 societati
600 3295 737 3368 elargitis
754 3301 783 3352 et
800 3293 986 3366 elargiendis
1002 3309 1073 3350 curn
1090 3293 1178 3352 dictis
1202 3292 1337 3350 dominis
1360 3291 1508 3350 fratribus

242 3403 354 3460 uostris
377 3409 407 3459 et
430 3402 555 3474 decano,
587 3402 680 3459 modo
712 3415 774 3473 quo
805 3415 908 3473 supra,
941 3405 1034 3474 prout
1064 3400 1204 3472 ipsorum
1233 3400 1387 3456 bonorum
1408 3414 1440 3456 se
1464 3397 1508 3456 la·

242 3508 340 3564 cultas
366 3508 515 3566 obtulerit
539 3508 740 3582 expediemus
764 3515 794 3564 et
817 3505 957 3579 expediri
989 3505 1152 3576 faciemus;
1183 3510 1213 3562 et
1235 3510 1343 3579 postea
1366 3519 1430 3575 nos,
1454 3504 1508 3576 qui

243 3613 315 3671 licet
338 3613 455 3686 indigni
480 3630 537 3688 pro
553 3615 687 3688 presenti
705 3615 776 3671 huic
791 3619 894 3670 sancte
910 3612 1062 3669 societatis
1079 3611 1208 3668 cenobio
1233 3616 1263 3668 et
1286 3611 1384 3668 tocius
1407 3610 1504 3668 nostri

243 3720 437 3793 episcopatus
461 3720 564 3777 officio
587 3720 773 3793 prelacionis
789 3719 819 3776 in
837 3717 886 3775 dei
903 3719 975 3790 iugo
997 3716 1154 3790 fungimur
1178 3717 1354 3774 insudantes
1378 3715 1507 3790 promit-

243 3827 336 3883 timus
352 3833 381 3883 et
397 3832 562 3900 spontanee
578 3826 765 3900 pollicemur
780 3825 909 3896 singulis
927 3823 1013 3880 annis
1030 3837 1189 3896 quousque
1204 3821 1348 3878 dominus
1364 3836 1419 3878 nos
1435 3820 1507 3877 sinit

242 3932 272 3988 in
295 3933 439 3989 humanis
453 3947 642 4004 permanere,
659 3946 754 3987 unum
772 3929 922 3987 llorenum
944 3929 974 3985 in
989 3943 1066 3985 auro
1089 3933 1119 3984 et
1142 3928 1250 3999 viginti
1267 3926 1398 3983 cubulos
1422 3926 1505 3994 vini;

241 4037 315 4094 item
340 4038 472 4110 quilibet
495 4037 648 4095 dictorum
671 4035 870 4093 dominorum
894 4033 1026 4092 fratrum
1050 4040 1227 4090 nostrorum
1251 4031 1289 4089 de
1312 4032 1449 4105 capitulo
1472 4031 1504 4088 in

242 4143 390 4216 dignitate
413 4144 541 4217 positus,
570 4143 708 4200 medium
731 4141 880 4198 florenum
905 4148 934 4198 et
958 4140 1063 4198 decern
1089 4139 1219 4196 cubulos
1243 4139 1323 4207 vini;
1346 4137 1505 4210 simplices

243 4265 317 4307 vero
341 4251 477 4308 canonici
505 4255 648 4323 quartam
677 4254 796 4322 partem
825 4248 915 4304 unius
938 4247 1045 4304 iloreni
1066 4251 1096 4303 et
1119 4245 1255 4318 quinque
1278 4243 1409 4300 cubulos
1439 4243 1504 4300 viui

243 4355 370 4414 domiuo
399 4357 514 4415 decano
536 4373 616 4414 nunc
639 4355 804 4412 constituto
828 4359 857 4410 et
881 4355 1021 4410 inantea
1045 4349 1257 4410 constituendo
1280 4349 1354 4407 dare
1377 4355 1407 4406 et
1429 4349 1503 4406 assi·
1580 4330 1584 4338 ’

241 4477 336 4534 gnare
352 4463 527 4520 tenebimur
543 4469 573 4520 et
589 4455 782 4531 tenebuntur,
800 4460 975 4533 peripsum
995 4457 1156 4515 dominum
1179 4456 1329 4514 decanum
1347 4471 1405 4528 pro
1421 4454 1504 4512 dicta

241 4570 380 4641 ipsarum
403 4569 640 4627 kalandinarum
671 4569 815 4626 societate
854 4563 1082 4623 conservandas
1113 4569 1142 4621 et
1174 4569 1267 4637 prout
1299 4561 1398 4618 eidem
1422 4561 1503 4618 salu-

243 4677 336 4733 brius·
353 4674 510 4732 videbitur
541 4673 763 4748 dispensandas
795 4673 912 4746 pariter
941 4677 971 4728 et
1001 4667 1172 4742 augendas;
1203 4665 1399 4740 prebendarii
1430 4681 1505 4723 vero

242 4781 321 4839 dicte
346 4788 448 4839 nostre
469 4781 597 4839 ecclesie
620 4780 726 4836 etalii
749 4778 922 4836 sacerdotes
953 4783 983 4833 et
1013 4775 1117 4833 clerici
1147 4775 1177 4832 in
1202 4775 1303 4847 ipsam
1325 4771 1503 4829 societatem

242 4887 417 4958 ingressuri,
441 4903 499 4961 pro
522 4886 691 4961 premissis,
715 4885 740 4942 si
769 4883 943 4954 maluerint,
964 4886 1053 4939 erunt
1084 4880 1214 4951 obligati
1246 4883 1338 4952 prout
1369 4875 1504 4946 inferius,

241 4991 273 5050 id
297 4993 399 5065 ipsum
423 4992 569 5049 duximus
591 4989 814 5048 declarandum
838 4989 933 5045 Porro
957 5003 1027 5044 nea
1044 4985 1222 5044 huiusmodi
1245 4983 1380 5040 salubris
1400 4981 1505 5038 statuti

1387 5087 1398 5114 ⁸
