3600 5804
394 572 453 613 110
809 549 880 609 Dec.
903 565 972 625 129.
1001 585 1036 593 —-
1062 552 1117 608 An.
1143 567 1230 629 '3251-

382 754 458 813 dum
481 755 533 811 vel
556 751 703 827 quicquid
727 751 812 810 aliud
835 767 871 808 ac
893 756 992 808 certas
1016 751 1163 809 collectas
1186 751 1238 809 vel
1269 750 1358 809 dacia
1380 756 1568 820 laxaremus
1591 765 1642 808 nec

383 876 435 918 eos
458 861 509 917 vel
533 859 572 917 ad
596 875 648 916 eos
670 858 858 931 pertinentes
881 873 936 914 sua
959 857 1100 930 deposita
1122 857 1207 931 apud
1229 872 1285 914 nos
1301 858 1553 930 permitteremus
1573 871 1641 913 ven-

382 966 456 1024 dere
479 965 602 1040 quando
626 965 751 1021 vellent.
775 964 860 1034 item,
885 961 968 1036 quod
995 963 1025 1020 in
1049 963 1140 1020 terris
1164 978 1273 1020 eorum
1296 962 1505 1020 iurisdiccioui
1528 968 1641 1034 ternpo-

381 1074 441 1131 rali
464 1073 609 1130 subiectis
632 1071 775 1128 homines
798 1085 987 1142 caperemus,
1011 1085 1063 1126 eos
1093 1069 1133 1126 ad
1165 1075 1268 1126 nostra
1291 1068 1405 1126 iudicia
1428 1068 1641 1142 pertrahentes.

382 1181 532 1250 Preterea,
556 1177 640 1250 quod
662 1193 718 1234 nos
740 1191 848 1234 eorum
865 1175 1006 1233 subditos
1022 1191 1080 1248 pro
1097 1175 1210 1232 debitis
1233 1175 1366 1232 aliorum
1390 1176 1443 1232 vel
1462 1177 1560 1233 eciam
1575 1189 1641 1247 pro·

381 1287 458 1362 priis
482 1284 628 1359 impediri
651 1284 716 1342 sine
737 1283 877 1357 ipsorum
894 1281 1008 1339 iudicio
1024 1281 1203 1340 faceremus.
1224 1281 1287 1338 Nos
1310 1281 1546 1351 considerantes
1562 1279 1641 1354 quod

312 1379 319 1398 '
381 1409 452 1450 cum
476 1392 551 1466 ipsis
575 1390 708 1448 dominis
731 1389 828 1446 nostri
850 1388 1039 1460 antiquiores
1062 1387 1189 1461 plenam
1210 1388 1295 1460 pacis
1312 1388 1455 1445 unionem
1480 1393 1640 1456 servantes,

381 1499 524 1556 debono
548 1498 579 1555 in
602 1497 714 1554 melius
737 1493 942 1568 profecerunt,
974 1499 1004 1550 et
1034 1493 1103 1550 ideo
1134 1509 1241 1550 eorum
1269 1495 1414 1567 exemplo
1438 1492 1640 1550 desiderantes

380 1605 424 1662 eis
447 1604 671 1678 obtemperare,
694 1607 728 1659 ut
752 1601 910 1668 debemus,
934 1599 972 1656 ad
998 1607 1104 1657 mutue
1121 1600 1260 1658 karitatis
1276 1609 1307 1658 et
1322 1600 1460 1658 amicicie
1483 1599 1640 1656 vinculum

380 1712 611 1770 observandum
635 1710 673 1767 ad
696 1709 790 1766 talem
813 1707 1012 1765 concordiam
1042 1706 1224 1764 devenimus
1255 1723 1350 1781 super
1372 1707 1511 1764 articulis
1533 1721 1639 1780 preno-

380 1821 466 1876 tatis:
491 1819 595 1876 Primo
613 1816 758 1874 videlicet
781 1815 824 1872 eis
848 1813 1073 1886 promissimus,
1097 1812 1180 1886 quod
1211 1814 1335 1870 nullum
1359 1813 1513 1870 tributum
1536 1811 1573 1869 ad
1598 1812 1640 1883 ip·

380 1939 485 1982 sorum
510 1925 580 1982 iusti
604 1923 713 1979 tributi
736 1921 977 1978 diminucionem
1008 1921 1130 1992 exigere
1163 1919 1350 1978 intendimus
1381 1919 1431 1975 vel
1460 1919 1638 1976 constituere

380 2017 646 2104 quandocumque,
671 2029 767 2086 salvis
789 2027 950 2084 filarchina
981 2031 1011 2083 et
1041 2032 1103 2083 star
1134 2027 1259 2095 vocatis
1284 2041 1342 2099 pro
1375 2026 1464 2082 nobis
1488 2025 1639 2093 ordinatis,

381 2137 462 2210 apud
488 2151 543 2193 nos
567 2135 814 2203 remanentibus;
845 2132 898 2189 sed
931 2131 1015 2205 quod
1046 2147 1154 2189 eorum
1179 2131 1259 2189 iusta
1281 2133 1397 2189 tributa
1419 2131 1559 2205 plenarie
1581 2130 1639 2187 exi·

378 2247 489 2315 gantur
513 2243 577 2300 sine
601 2240 808 2298 defalcacione
830 2240 943 2311 aliqua,
968 2239 1046 2295 sicut
1068 2240 1215 2296 hactenus
1234 2237 1335 2295 extitit
1350 2239 1567 2306 observatum;
1588 2252 1638 2294 nec

378 2349 417 2406 ad
449 2349 609 2421 querelam
640 2361 909 2420 quorumcumque
940 2345 1133 2402 solvencium
1164 2344 1280 2401 tributa
1311 2359 1367 2400 nos
1394 2344 1637 2412 intromittemus,

377 2470 485 2526 ymmo
516 2453 696 2511 discussioni
732 2451 870 2509 eiusdem
901 2451 1029 2524 capituli
1061 2455 1158 2507 totum
1195 2450 1379 2522 reliquimus
1410 2453 1440 2506 et
1471 2448 1511 2506 ad
1538 2450 1637 2523 ipsum

377 2560 621 2618 transmittemus
645 2559 848 2631 querelantes.
879 2557 965 2628 item,
997 2555 1081 2629 quod
1114 2556 1290 2630 depositum
1321 2571 1429 2613 eorum
1452 2557 1505 2612 vel
1528 2555 1565 2613 ad
1589 2571 1637 2612 eos

378 2667 603 2739 pertinencium
626 2667 656 2722 in
680 2671 784 2722 nostra
807 2665 930 2721 civitate
946 2663 997 2720 vel
1013 2664 1173 2734 suburbio,
1190 2663 1352 2724 videlicet:
1375 2664 1483 2720 vinum
1508 2664 1560 2720 vel
1574 2661 1637 2718 bla-

378 2771 462 2840 dum,
485 2778 538 2829 aut
561 2771 707 2844 quicquid
732 2771 775 2827 ibi
798 2769 883 2828 aliud
900 2769 1064 2840 deleratur,
1080 2785 1252 2842 numquam
1268 2771 1474 2841 cantabimus,
1491 2785 1546 2826 nec
1561 2768 1637 2825 ullas

327 2939 329 2946 ,
377 2894 526 2951 umquam
551 2879 696 2935 collectas
719 2892 777 2951 pro
800 2877 860 2934 hiis
883 2877 933 2933 vel
957 2876 1044 2933 dacia
1067 2877 1225 2948 exigemus
1249 2893 1304 2934 nec
1327 2892 1383 2951 per
1405 2877 1545 2948 aliquem
1560 2873 1636 2946 exigi

377 2984 534 3053 iaciemus,
558 2985 611 3040 sed
635 2984 768 3041 contenti
791 2985 906 3041 erimus
930 2982 968 3040 de
984 2983 1131 3058 predicto,
1148 2982 1239 3056 Quod
1263 2985 1360 3041 nostri
1383 2984 1466 3040 cives
1490 2998 1548 3056 pro
1571 2997 1636 3040 con·

377 3091 524 3149 duccione
547 3090 712 3148 domorum
735 3091 787 3147 vel
810 3105 1002 3147 camerarum
1027 3106 1154 3147 suarum
1177 3091 1217 3148 ab
1241 3092 1284 3148 eis
1307 3092 1357 3148 vel
1383 3090 1636 3164 apertinentibus

376 3198 416 3256 ad
438 3197 562 3255 eosdem
586 3197 742 3270 recipient,
765 3197 934 3254 secundum
958 3197 1041 3269 quod
1074 3197 1153 3254 inter
1182 3198 1396 3254 contrahentes
1419 3212 1477 3270 pro
1501 3203 1635 3270 tempore

377 3303 470 3362 fuerit
492 3303 670 3374 diffinitum,
694 3320 748 3360 nec
771 3319 824 3360 eos
847 3303 898 3359 vel
922 3303 960 3360 ad
984 3319 1036 3360 eos
1060 3304 1247 3377 pertinentes
1262 3303 1478 3378 impediemus.
1496 3305 1572 3376 quin
1585 3318 1636 3360 sua

377 3411 517 3486 deposita
539 3411 714 3468 incivitate
738 3410 789 3466 vel
821 3410 981 3481 suburbio,
1013 3411 1043 3466 in
1077 3410 1326 3483 quibuscumque
1348 3411 1442 3468 rebus
1465 3411 1634 3479 consistant,

374 3517 494 3590 possint
517 3515 650 3573 vendere
672 3515 724 3572 vel
748 3515 820 3572 vina
842 3515 1005 3573 tabernare
1033 3531 1164 3588 semper,
1196 3515 1320 3588 quando
1351 3531 1460 3574 eorum
1489 3515 1636 3590 placuerit

375 3623 535 3680 voluntati.
559 3622 644 3692 item,
669 3621 752 3694 quod
775 3621 899 3679 nullum
922 3622 953 3678 in
976 3623 1066 3679 terris
1089 3637 1198 3680 eorum
1221 3623 1379 3696 capiemus
1395 3623 1448 3680 vel
1463 3623 1533 3696 capi
1549 3621 1636 3679 lacie-

375 3745 445 3787 mus
468 3729 519 3786 vel
542 3728 680 3802 aliquam
712 3727 806 3784 aliam
838 3727 983 3785 iniuriam
1013 3729 1230 3801 irrogabimus,
1260 3744 1369 3800 ymmo
1392 3744 1445 3788 eos
1467 3743 1526 3802 pro
1549 3742 1634 3802 posse

374 3836 550 3893 iuvabimus
574 3809 599 3892 si
622 3835 676 3892 alii
698 3835 757 3892 hoc
773 3835 816 3892 eis
832 3830 931 3892 facere
947 3839 1181 3908 attemptarent;
1205 3843 1234 3892 et
1258 3834 1341 3908 quod
1365 3849 1474 3892 eorum
1497 3834 1634 3892 subditos

373 3958 432 4016 pro
456 3941 567 4000 debitis
590 3942 726 4014 propriis
749 3941 801 3998 vel
824 3956 1093 4014 quorumcumque
1116 3942 1251 3998 aliorum
1274 3941 1362 3999 nullo
1385 3957 1536 4014 umquam
1561 3947 1634 3998 tem-

373 4063 450 4121 pore
473 4048 525 4104 vel
548 4047 616 4120 capi
640 4048 691 4104 vel
714 4046 860 4121 impediri
883 4049 947 4105 sine
971 4063 1079 4105 eorum
1104 4047 1216 4104 iudicio
1240 4046 1394 4104 faciemus
1411 4046 1448 4103 Et
1464 4047 1521 4103 hec
1536 4045 1634 4103 omnia

373 4153 550 4227 supradicta
572 4169 697 4211 servare
721 4159 751 4210 et
774 4158 877 4210 tenere
900 4141 1102 4228 promisiinus
1125 4152 1164 4210 ad
1189 4158 1309 4210 nostras
1325 4153 1443 4210 animas
1467 4157 1497 4209 et
1519 4157 1634 4210 nostro-

372 4275 443 4317 rum
467 4276 679 4317 successorum
703 4260 761 4318 hoc
783 4262 896 4318 nostris
919 4261 1100 4318 iuramentis
1131 4259 1290 4316 firmantes
1313 4275 1371 4334 pro
1395 4261 1476 4316 bono
1500 4259 1586 4333 pacis
1607 4265 1634 4314 et

372 4366 535 4424 concordie
559 4366 763 4424 observando.
787 4367 820 4423 In
845 4367 931 4423 cuius
953 4366 998 4423 rei
1021 4366 1235 4423 testimonium
1258 4373 1287 4424 et
1309 4372 1495 4439 perpetuam
1519 4379 1631 4422 memo·

371 4473 451 4530 riam
468 4479 624 4546 presentes
639 4473 757 4530 eisdem
772 4473 959 4529 contulimus
977 4473 1095 4529 litteras
1110 4473 1206 4545 sigilli
1223 4473 1319 4530 nostri
1335 4473 1508 4530 communis
1522 4488 1632 4546 appen-

371 4579 456 4635 sione
479 4579 649 4636 roboratas.
671 4571 787 4636 Datum
811 4580 842 4636 in
867 4577 943 4636 festo
968 4579 1048 4635 beati
1074 4579 1155 4635 Luce
1180 4579 1385 4651 ewangeliste.
1411 4581 1499 4636 Anno
1519 4577 1633 4637 domini

371 4684 482 4741 MCCC
505 4685 654 4742 vicesimo
678 4691 796 4757 quarto.

460 4837 599 4902 Originale
619 4837 645 4886 in
665 4838 815 4886 membrana
835 4839 911 4886 valde
930 4839 1058 4888 attritum.
1085 4839 1115 4887 In
1134 4839 1243 4888 archivo
1264 4855 1319 4894 ven.
1341 4855 1397 4904 cap.
1423 4839 1526 4903 zagrab.
1550 4837 1566 4886 l.
1595 4849 1629 4887 10.

370 4943 409 4976 nr.
427 4928 468 4984 65.
488 4926 612 4991 Sigillum
631 4943 645 4974 n
665 4927 762 4975 sericea
783 4926 849 4975 llara
868 4943 932 4975 zona
959 4930 1097 4993 appendet.
1124 4929 1218 4977 Exstat
1239 4943 1345 4991 quoque
1372 4928 1397 4976 in
1423 4927 1483 4976 libr.
1504 4928 1627 4978 Statutor.

370 5015 447 5081 capit.
473 5016 576 5081 zagrab.
606 5020 673 5080 part.
693 5015 737 5064 lV.
762 5030 782 5063 c.
803 5015 876 5064 XVI.
891 5017 965 5080 Joan.
979 5016 1094 5066 Tkattie.
1109 5016 1178 5066 Mon.
1192 5016 1252 5066 hist.
1267 5017 1344 5080 episc.
1359 5017 1463 5081 zagrab.
1478 5014 1511 5063 ΙΙ,
1531 5031 1555 5080 p.
1579 5023 1630 5072 135.
