3600 5804
393 538 453 607 156
763 539 834 596 Dor.
860 536 927 614 178.
953 554 1021 618 179.
1050 572 1085 580 -
1111 541 1167 598 An.
1193 553 1281 616 1340.

391 737 463 804 tino,
488 735 599 793 domus
624 737 738 794 milicie
762 737 895 811 Templi,
927 745 1032 812 petens
1063 755 1080 796 a
1111 739 1201 794 nobis
1232 753 1301 794 cum
1334 738 1491 806 instancia,
1516 745 1547 794 ut
1570 738 1650 794 dicta

392 843 556 915 privilegia
581 845 786 916 transumpmi
811 853 977 918 nostroque
1000 845 1104 917 sigillo
1128 844 1301 916 consignari
1319 843 1497 901 faceremus.
1523 844 1558 900 Et
1580 845 1651 916 quia

393 947 474 1005 dicta
499 950 664 1022 privilegia
685 950 860 1008 invenimus
883 967 944 1009 non
968 951 1078 1008 abrasa
1102 951 1153 1008 vel
1177 951 1354 1021 cancellata,
1372 966 1426 1007 nec
1444 951 1473 1007 in
1490 950 1588 1022 aliqua
1605 951 1650 1006 sui

391 1063 478 1128 parte
504 1056 622 1126 viciata,
647 1056 685 1114 de
708 1059 807 1115 verbo
830 1058 868 1115 ad
893 1059 1026 1116 verbum
1050 1057 1258 1130 transumpmi
1282 1055 1412 1114 fecimus
1435 1063 1466 1113 et
1488 1065 1589 1113 nostro
1613 1057 1650 1112 si-

390 1162 468 1232 gillo
491 1163 664 1234 consignari
689 1209 694 1220 .
717 1210 723 1220 .
748 1211 753 1222 .
779 1209 784 1222 .

478 1295 587 1346 Initium
607 1298 757 1348 documenti
777 1299 851 1348 cuius
870 1299 1003 1365 originale
1022 1301 1049 1351 in
1068 1301 1219 1351 membrana
1239 1304 1324 1348 exstat
1343 1298 1370 1348 in
1389 1298 1460 1348 arch.
1481 1298 1526 1348 lib.
1546 1313 1597 1362 reg.
1618 1298 1652 1346 ci·

391 1386 480 1436 vitalis
500 1388 700 1447 varasdinensis,
714 1387 774 1438 fasc.
788 1389 823 1440 ΙΙ.
838 1405 876 1438 nr.
890 1403 914 1452 9.

982 1621 1064 1688 178.

495 1762 571 1810 Anno
595 1770 668 1820 1340,
691 1769 729 1818 13.
748 1760 829 1826 Junii.
849 1759 880 1810 In
898 1760 1038 1826 Visegrad.

395 1887 518 1944 Carolus
541 1888 718 1962 Hunguriae
740 1897 787 1946 etc.
811 1907 873 1958 rex,
889 1890 1065 1946 concordiam
1086 1891 1162 1947 iliter
1175 1891 1249 1946 ciues
1270 1889 1445 1948 Gra-tenses
1461 1897 1489 1946 ct
1502 1891 1651 1962 capitulum

640 1995 757 2068 zogrub.
782 1995 816 2052 de
843 1996 948 2052 tribulo
963 2003 1099 2069 postoocr,
1123 1997 1234 2063 olitorio,
1256 1996 1414 2068 confirmat

415 2127 419 2134 ’
479 2139 541 2196 Nos
574 2138 715 2208 Karolus,
747 2137 796 2195 dei
826 2139 930 2210 gracia
960 2155 1014 2195 rex
1046 2139 1211 2212 Hungarie.
1238 2139 1384 2195 Memorie
1407 2138 1653 2195 commendantes

391 2253 495 2302 tenore
527 2245 719 2317 presencium
752 2244 963 2316 significamus
994 2245 1108 2316 quibus
1139 2244 1265 2318 expedit
1299 2245 1459 2312 universis
1494 2244 1574 2317 quod
1608 2245 1653 2300 vir

390 2349 540 2407 discretus
570 2349 740 2423 Gregorius
771 2353 948 2424 prepositus
980 2351 1108 2409 ecclesie
1131 2351 1327 2422 chasmensis‚
1351 2351 1482 2408 dilectus
1505 2357 1535 2408 et
1558 2351 1653 2408 fidelis

390 2455 570 2527 capellanus
594 2462 705 2527 noster,
729 2455 768 2513 ad
793 2457 964 2514 serenitatis
987 2464 1091 2515 nostre
1114 2457 1287 2515 accedendo
1313 2458 1503 2530 presenciam
1519 2457 1651 2514 exhibuit

390 2561 541 2634 quasdam
575 2563 787 2635 privilegiales
820 2564 937 2620 litteras
961 2564 1118 2636 magnifici
1144 2565 1202 2621 viri
1226 2564 1346 2620 Thome
1369 2563 1513 2634 voyvode
1537 2543 1652 2620 transil-

390 2669 462 2724 vani
479 2673 508 2725 et
525 2669 645 2726 comitis
662 2669 700 2726 de
725 2667 839 2740 Zonulr,
857 2671 1128 2742 procuratorisque
1145 2670 1314 2742 magisterii
1330 2671 1537 2726 tavarnicatus
1553 2669 1651 2736 nostri,

390 2773 471 2830 hunc
502 2781 638 2831 tenorem
670 2776 872 2833 continentes:
904 2768 977 2852 (vid.
1001 2793 1044 2832 nr.
1075 2789 1142 2849 174.
1166 2792 1213 2832 an.
1243 2791 1332 2848 1330,
1362 2791 1407 2832 ιι.
1432 2767 1526 2850 maii.)
1549 2773 1652 2831 Petens

389 2895 461 2936 cum
491 2881 646 2951 instancia,
679 2888 711 2938 ut
742 2889 879 2939 tenorem
903 2881 1084 2938 earumdem
1114 2882 1286 2938 litterarum
1319 2880 1548 2955 privilegiatum
1582 2879 1650 2935 dicti

391 2985 510 3044 Thome
543 2987 693 3058 voyrode,
725 2989 935 3060 procuratoris
965 2987 1135 3059 magisterii
1166 2987 1373 3044 tavarnicatus
1409 2987 1512 3056 nostri,
1543 2986 1651 3042 nostris

391 3092 503 3150 litteris
533 3094 709 3167 patentibus
743 3095 905 3151 transcribi
936 3101 966 3151 et
995 3094 1203 3166 transumpmi
1234 3091 1452 3150 confirmative
1481 3092 1652 3148 faceremus.

393 3197 441 3254 Ad
473 3199 559 3255 cuius
591 3215 647 3256 nos
679 3200 829 3256 humilem
864 3201 1130 3274 supplicacionem
1164 3199 1262 3256 dictas
1299 3199 1416 3255 litteras
1451 3197 1654 3270 privilegiales
1711 3207 1717 3218 ·

391 3303 505 3377 prelati
528 3304 646 3361 Thome
679 3305 830 3377 voyvode,
863 3313 956 3379 prout
984 3307 1041 3363 rite
1064 3313 1094 3361 et
1118 3306 1256 3377 legitime
1280 3315 1420 3361 emanate
1443 3305 1607 3360 extiterunt
1627 3307 1653 3357 et

393 3417 526 3480 eatenus
551 3416 702 3482 quatenus
733 3411 799 3484 ipsa
832 3413 1007 3486 conposicio
1035 3413 1114 3469 inter
1137 3419 1240 3485 partes
1263 3411 1457 3485 supradictas
1481 3411 1586 3467 habita
1608 3424 1653 3464 ex·

394 3517 464 3586 titit,
488 3517 646 3573 tenoribus
678 3517 816 3589 ipsarum
849 3519 1042 3591 presentibus
1067 3518 1104 3575 de
1128 3519 1225 3575 verbo
1248 3517 1287 3574 ad
1313 3519 1444 3574 verbum
1470 3515 1654 3587 transcriptis

393 3633 423 3678 et
452 3624 653 3695 transumptis
684 3623 829 3680 duximus
865 3625 1122 3682 confirmandum.
1158 3625 1272 3681 Datum
1305 3624 1335 3681 in
1367 3621 1553 3694 Vyssegrad,
1587 3619 1654 3678 teria

394 3727 488 3782 tercia
521 3729 664 3800 proxima
695 3735 764 3801 post
793 3729 905 3786 festum
929 3738 1031 3787 sancte
1055 3731 1206 3787 trinitatis.
1233 3733 1321 3786 Anno
1345 3729 1461 3785 domini
1487 3725 1652 3785 lllCCCllL.

482 3861 504 3909 E
529 3862 601 3911 libro
626 3863 752 3912 Statutor.
779 3863 856 3929 capit.
883 3866 987 3930 zagrab.
1012 3881 1035 3930 p.
1062 3865 1107 3914 IV.
1129 3881 1148 3914 c.
1171 3865 1257 3914 XVII.
1276 3866 1351 3931 Joan.
1373 3864 1489 3913 Tkaliic'.
1511 3863 1579 3912 Mon.
1599 3861 1652 3910 bist

394 3948 472 4014 episc.
493 3952 598 4016 zagrab.
617 3950 651 4000 Il.
671 3967 696 4016 p.
718 3955 773 4010 130.

986 4167 1069 4235 179.

502 4309 578 4355 Αῃῃο
600 4315 674 4367 1340,
693 4321 717 4366 4.
738 4307 891 4356 decembris.
911 4307 941 4357 In
961 4307 1056 4358 Ivanic'.

395 4434 554 4491 Lodislous
581 4437 696 4508 episcop.
727 4435 844 4508 zirgrob.
876 4437 980 4493 colonis
1011 4439 1101 4494 eccles.
1129 4439 1245 4510 zograb.
1271 4439 1368 4494 vineas
1391 4439 1422 4494 in
1442 4434 1654 4510 possessionibus

395 4541 520 4599 erosdem
543 4541 762 4614 possidentibus,
795 4559 857 4598 curre
880 4562 899 4598 o
923 4545 1067 4601 lerrilorr'o
1094 4546 1151 4601 tali
1171 4547 1201 4601 in
1223 4545 1348 4601 aliorum
1371 4553 1465 4601 terras
1488 4563 1546 4601 sesc
1569 4551 1654 4600 birns-

721 4649 818 4719 loceut,
842 4667 891 4705 eus
914 4658 947 4706 ul
968 4653 1138 4720 amminoni,
1156 4651 1336 4724 prircscribit.

484 4791 647 4848 Ladizlaus
678 4792 727 4849 dei
751 4800 781 4848 et
807 4794 977 4866 apostolice
1008 4794 1088 4850 sedis
1117 4795 1220 4866 gracia
1251 4794 1457 4866 zagrabiensis
1490 4794 1653 4866 episcopus.

396 4899 555 4956 Universis
586 4899 700 4956 Christi
732 4898 887 4970 fidelibus,
921 4916 1045 4972 presens
1076 4901 1227 4973 scriptum
1260 4901 1452 4974 inspecturis„
1475 4899 1605 4956 salutem
1628 4895 1653 4950 in

396 5003 523 5062 domino
547 5005 776 5080 sempiternam.
799 5003 884 5062 Ordo
909 5015 989 5062 recte
1018 5005 1275 5066 consideracionis
1298 5007 1436 5080 exposcit
1457 5012 1486 5061 et
1512 5001 1653 5078 pastorale
