3600 5804
828 525 900 582 Doc.
924 519 996 599 189.
1023 557 1058 566 -
1085 521 1139 580 An.
1164 537 1251 600 Jj4j.

398 724 535 782 indebite
557 731 663 782 exacte
692 723 804 782 fuerint
829 725 878 780 vel
903 723 941 779 de
966 725 1032 780 iure
1055 723 1137 796 exigi
1165 723 1343 785 debeantur,
1365 722 1404 778 de
1428 721 1582 795 premissis
1604 737 1653 794 per

400 835 535 887 vestram
566 830 738 887 amiciciam
770 829 909 902 indagari
944 829 1078 886 velimus
1109 829 1289 898 veritatem;
1323 828 1497 886 amiciciam
1528 833 1654 884 vestram

399 935 594 1008 presentibus
617 936 805 1008 requirimus
828 935 1001 1007 diiigenter,
1026 939 1184 1008 quatenus,
1212 933 1370 1008 quomodo
1393 939 1424 991 et
1448 934 1585 1007 qualiter,
1607 939 1654 990 aut

398 1039 437 1098 de
460 1041 575 1113 quibus
598 1042 691 1098 rebus
714 1042 784 1098 aliis
807 1040 987 1114 retrolapsis
1015 1041 1209 1114 temporibus
1236 1042 1302 1114 ipse
1337 1041 1492 1098 tricesime
1513 1040 1654 1111 reginaies

399 1151 505 1204 exacte
528 1145 643 1204 fuerint
666 1157 696 1204 et
719 1147 856 1219 exegisse
887 1147 1041 1216 exististis,
1073 1153 1103 1203 et
1126 1146 1300 1220 specialiter
1336 1150 1441 1204 utrum
1472 1145 1511 1202 de
1544 1144 1654 1202 ilorenis

398 1259 428 1309 et
451 1259 597 1326 prompta
620 1253 750 1326 pecunia
773 1252 811 1310 de
827 1252 979 1310 extraneis
996 1253 1137 1325 partibus
1152 1252 1183 1309 in
1200 1251 1385 1323 Zagrabiam
1401 1252 1452 1309 vel
1469 1251 1654 1308 Sclauoniam

399 1358 529 1432 portatis
552 1361 582 1414 et
606 1356 781 1416 deserendis
805 1358 960 1416 tricesima
983 1358 1065 1430 exigi
1082 1355 1174 1415 fuerit
1193 1364 1373 1415 consvetum
1390 1374 1446 1415 nec
1461 1374 1507 1428 ne,
1524 1358 1654 1415 similiter

398 1479 469 1520 cum
493 1463 640 1536 predictis
662 1465 757 1522 rebus
780 1467 1067 1524 mercimoniaiibus
1091 1473 1120 1524 et
1143 1465 1213 1524 aliis
1235 1463 1381 1541 jumentis
1402 1465 1550 1538 predictis
1575 1466 1654 1522 trice·

400 1569 512 1626 simam
535 1568 587 1626 vel
610 1570 762 1628 tributum
787 1571 1002 1629 tricesimatori
1025 1571 1148 1629 solvere
1170 1571 1231 1628 sint
1251 1572 1293 1628 ab
1321 1572 1448 1644 antiquo
1478 1572 1607 1628 consueti
1628 1577 1654 1628 et

399 1674 500 1733 iacere
523 1679 690 1747 teneantur,
713 1693 751 1734 an
775 1691 844 1748 non,
862 1683 984 1734 matura
999 1676 1226 1734 deliberacione
1250 1677 1328 1734 inter
1352 1692 1408 1734 vos
1433 1677 1597 1751 prehabita
1618 1677 1653 1734 ad

398 1779 579 1838 fidelitatem
609 1787 709 1839 vestre
733 1781 929 1841 discrecionis
959 1783 1090 1856 reginali
1114 1783 1298 1840 excellencie
1332 1783 1481 1851 habitam,
1512 1782 1606 1840 eidem
1628 1791 1653 1840 et

398 1887 488 1944 nobis
510 1888 624 1944 seriose
646 1887 757 1945 litteris
780 1889 957 1962 patentibus
988 1890 1198 1946 rescribentes.
1230 1888 1345 1945 Datum
1374 1889 1405 1946 in
1429 1887 1563 1958 Modrus,
1585 1887 1654 1946 seria

400 1999 509 2066 quarta
536 1994 679 2066 proxima
712 1999 783 2068 post
812 1993 924 2052 festum
950 1995 1112 2053 beatorum
1136 1995 1219 2052 Petri
1257 2001 1287 2051 et
1321 1994 1408 2051 Pauli
1443 1995 1652 2068 apostolorum.

401 2099 490 2156 Anno
513 2098 631 2156 domini
655 2098 821 2157 MCCCXL
844 2101 946 2159 tercio.

487 2233 508 2282 E
528 2239 692 2300 transumpto
712 2235 817 2286 Nicolai
840 2237 903 2287 bani
923 2237 1004 2287 totius
1023 2236 1170 2294 simoniae,
1191 2251 1257 2285 anno
1280 2244 1353 2296 1343.

989 2525 1073 2592 189.

505 2681 582 2730 Anno
604 2689 678 2740 1343,
696 2695 720 2742 4
740 2681 814 2746 Julii.
834 2682 863 2732 In
882 2682 943 2733 foro
961 2684 1077 2734 Modrus.

429 2807 575 2863 Domnius
597 2827 685 2865 comes
726 2810 835 2882 Veglae,
865 2811 1026 2870 Modrueae
1048 2821 1076 2870 et
1095 2813 1226 2888 Poa'egae
1247 2815 1447 2886 inoestrgando
1469 2815 1625 2871 solutionem

601 2916 757 2972 tn'cesimuc
779 2918 927 2989 rcgt'nalt'r,
952 2919 1077 2975 M'colao
1099 2921 1173 2977 bano
1195 2922 1345 2977 decadem
1368 2923 1465 2996 refert.

489 3057 652 3130 Magnifico
676 3067 705 3117 et
729 3063 847 3134 potenti
873 3063 950 3132 vir0,
974 3063 1100 3121 domino
1123 3064 1252 3122 Nicolao
1277 3067 1358 3122 bano
1378 3067 1476 3123 tocius
1493 3065 1651 3130 Sclauonie.

400 3163 500 3218 amico
524 3179 580 3221 suo
601 3165 631 3221 in
664 3167 809 3224 omnibus
840 3169 1028 3240 honorando,
1062 3169 1164 3243 Duym
1199 3186 1303 3228 comes
1332 3172 1437 3244 Vegle
1467 3173 1607 3230 ltlodruse
1627 3180 1652 3227 et

401 3266 515 3340 Posege
539 3271 680 3342 salutem,
705 3288 798 3344 quam
823 3275 882 3331 sibi
899 3273 1053 3332 desiderat
1076 3281 1106 3332 et
1131 3277 1289 3334 honorem.
1309 3277 1538 3335 Dominacionis
1553 3286 1582 3334 et
1596 3293 1652 3334 ma·

400 3372 579 3444 gnificencie
602 3383 703 3433 vestre
728 3378 845 3434 litteras
868 3381 1060 3453 suscepimus
1087 3396 1158 3438 cum
1181 3383 1265 3438 omni
1285 3383 1461 3440 reverencia
1484 3393 1514 3440 et
1537 3385 1651 3442 honore.

400 3480 480 3536 inter
502 3487 603 3538 cetera
627 3484 824 3554 continentes,
848 3485 931 3557 quod
956 3488 1046 3543 vobis
1070 3489 1220 3558 legaliter,
1245 3497 1277 3546 ut
1299 3491 1407 3560 amico,
1424 3492 1535 3548 nostris
1552 3491 1652 3548 litteris

400 3585 617 3658 mediantibus,
641 3587 824 3646 deberemus
855 3590 1017 3650 certificari
1052 3594 1185 3665 qualiter
1216 3603 1246 3651 et
1278 3595 1435 3668 quomodo
1465 3595 1524 3654 fuit
1546 3598 1586 3654 ab
1608 3612 1652 3652 an·

401 3691 487 3763 tiquo
510 3707 582 3749 usus
606 3693 775 3767 accipiendi
800 3696 988 3754 tricesimam
1012 3697 1050 3754 de
1078 3700 1287 3758 mercimoniis
1310 3701 1519 3760 deserentibus
1543 3703 1580 3760 de
1601 3703 1652 3758 Ve-

401 3797 502 3867 neciis,
526 3797 696 3856 Theutonia
718 3807 748 3856 et
771 3800 840 3858 aliis
872 3803 1064 3874 quibuslibet
1095 3807 1248 3864 extraneis
1280 3809 1421 3881 partibus
1448 3809 1528 3866 intus
1550 3809 1652 3881 Zagra-

401 3903 484 3959 biam
509 3904 560 3959 vel
585 3902 789 3976 Sclauoniam,
809 3915 838 3964 et
862 3909 961 3966 eciam
985 3910 1011 3966 si
1027 3909 1065 3966 de
1081 3912 1175 3969 rebus
1192 3915 1493 3973 mercimoniaiibus:
1518 3931 1592 3984 cera,
1607 3931 1652 3970 cu-

400 4009 483 4064 tibus
506 4009 571 4066 sive
595 4011 842 4086 quibuscumque
864 4015 934 4072 aliis
953 4017 1046 4073 rebus
1063 4017 1114 4074 vel
1130 4019 1327 4089 animalibus,
1352 4021 1468 4078 scilicet
1492 4022 1651 4096 pecudibus

401 4113 451 4169 vel
476 4114 577 4171 bobus
600 4123 653 4173 aut
676 4119 778 4191 porcis
801 4127 854 4176 aut
877 4121 946 4178 aliis
966 4123 1153 4180 animalibus
1180 4125 1218 4181 de
1234 4125 1385 4198 Zagrabia
1401 4137 1431 4184 et
1447 4127 1604 4184 Sclauonia
1618 4124 1652 4182 ad

400 4219 574 4290 Veneciam,
598 4220 802 4281 Theutoniam
827 4226 877 4282 vel
901 4225 939 4283 ad
972 4228 1092 4299 aliquas
1124 4237 1226 4302 partes
1257 4237 1417 4290 extraneas
1447 4234 1600 4306 quaslibet
1630 4233 1650 4287 si

401 4325 441 4380 ab
464 4326 591 4398 antiquo
615 4326 707 4386 fuerit
729 4339 911 4389 consvetum
934 4335 1075 4407 accipere
1091 4336 1286 4394 tricesimam.
1303 4337 1352 4394 Ad
1370 4338 1453 4412 quod
1470 4347 1570 4396 vestre
1585 4339 1640 4396 ami

403 4431 496 4488 cabili
519 4431 725 4493 dominacioni
750 4439 945 4509 presentibus
969 4455 1027 4512 pro
1051 4450 1134 4498 certo
1157 4450 1186 4499 et
1210 4459 1355 4516 expresse
1371 4443 1472 4502 dicere
1489 4459 1651 4518 possumus,

400 4545 429 4594 et
452 4539 529 4595 sicut
552 4555 569 4596 a
590 4542 730 4613 quolibet
754 4543 876 4602 homine
901 4553 1071 4604 mercatore
1093 4549 1184 4604 unius
1220 4550 1439 4624 cuiuscumque
1467 4550 1650 4618 condicionis,

401 4642 564 4716 fidedignis
598 4649 738 4719 personis
773 4650 927 4721 inquirere
966 4654 1131 4726 potuimus,
1165 4660 1278 4712 testare
1310 4671 1483 4728 possumus,
1515 4656 1592 4730 quod
1618 4653 1651 4710 de

400 4751 494 4807 rebus
517 4755 802 4812 mercimoniaiibus
830 4759 1021 4830 quibuslibet
1041 4759 1250 4819 deferentibus
1273 4763 1311 4818 de
1328 4762 1476 4834 VeneciiS,
1493 4762 1650 4821 Theutonia

401 4862 431 4912 et
454 4857 523 4914 aliis
546 4859 688 4932 partibus
711 4863 870 4932 extraneis,
894 4864 960 4920 sive
983 4865 1043 4923 sint
1066 4868 1168 4940 panni,
1185 4869 1250 4924 sive
1266 4869 1327 4925 alie
1343 4885 1391 4926 res
1416 4868 1651 4928 mercimoniales

401 4962 551 5035 accipitur
574 4965 737 5038 tricesima,
761 4967 813 5024 sed
846 4969 883 5025 de
916 4969 1038 5029 ssorenis
1069 4973 1120 5028 vel
1151 4974 1213 5030 alia
1243 4977 1372 5047 pecunia
1403 4991 1479 5045 non;
1510 4975 1548 5032 de
1569 4975 1650 5032 rebus
