<?xml version="1.0" encoding="UTF-8"?>
<!DOCTYPE html PUBLIC "-//W3C//DTD XHTML 1.0 Transitional//EN"
    "http://www.w3.org/TR/xhtml1/DTD/xhtml1-transitional.dtd">
<html xmlns="http://www.w3.org/1999/xhtml" xml:lang="en" lang="en">
 <head>
  <title>
</title>
<meta http-equiv="Content-Type" content="text/html;charset=utf-8" />
  <meta name='ocr-system' content='tesseract 3.04.00' />
  <meta name='ocr-capabilities' content='ocr_page ocr_carea ocr_par ocr_line ocrx_word'/>
</head>
<body>
  <div class='ocr_page' id='page_1' title='image "./monumentahistor18laszgoog_0280.png"; bbox 0 0 3782 5812; ppageno 0'>
   <div class='ocr_carea' id='block_1_1' title="bbox 844 571 1249 654">
    <p class='ocr_par' dir='ltr' id='par_1_1' title="bbox 844 571 1249 654">
     <span class='ocr_line' id='line_1_1' title="bbox 844 571 1249 654; baseline 0.007 -23"><span class='ocrx_word' id='word_1_1' title='bbox 844 574 917 632; x_wconf 85' lang='lat' dir='ltr'>Doc.</span> <span class='ocrx_word' id='word_1_2' title='bbox 936 587 990 650; x_wconf 83' lang='lat'>50·</span> <span class='ocrx_word' id='word_1_3' title='bbox 1019 609 1052 617; x_wconf 92' lang='lat'>-</span> <span class='ocrx_word' id='word_1_4' title='bbox 1081 571 1249 654; x_wconf 80' lang='lat' dir='ltr'>An.1267.</span> 
     </span>
    </p>
   </div>
   <div class='ocr_carea' id='block_1_2' title="bbox 416 679 951 687">
    <p class='ocr_par' dir='ltr' id='par_1_2' title="bbox 416 679 951 687">
     <span class='ocr_line' id='line_1_2' title="bbox 416 679 951 687; baseline 0.006 -3"><span class='ocrx_word' id='word_1_5' title='bbox 416 679 671 686; x_wconf 78' lang='lat'><em>-—-—---————.-</em></span> <span class='ocrx_word' id='word_1_6' title='bbox 687 680 951 687; x_wconf 74' lang='lat'><em>--——-————.-</em></span> 
     </span>
    </p>
   </div>
   <div class='ocr_carea' id='block_1_3' title="bbox 415 770 1689 2017">
    <p class='ocr_par' dir='ltr' id='par_1_3' title="bbox 415 770 1689 2017">
     <span class='ocr_line' id='line_1_3' title="bbox 416 770 1688 847; baseline 0.005 -19"><span class='ocrx_word' id='word_1_7' title='bbox 416 770 562 842; x_wconf 88' lang='lat' dir='ltr'>Mlakam,</span> <span class='ocrx_word' id='word_1_8' title='bbox 586 786 605 829; x_wconf 92' lang='lat' dir='ltr'>a</span> <span class='ocrx_word' id='word_1_9' title='bbox 627 770 750 829; x_wconf 90' lang='lat' dir='ltr'>sinistra</span> <span class='ocrx_word' id='word_1_10' title='bbox 773 775 861 846; x_wconf 86' lang='lat' dir='ltr'>parte</span> <span class='ocrx_word' id='word_1_11' title='bbox 884 771 970 831; x_wconf 85' lang='lat' dir='ltr'>vadit</span> <span class='ocrx_word' id='word_1_12' title='bbox 993 773 1033 830; x_wconf 91' lang='lat' dir='ltr'>ad</span> <span class='ocrx_word' id='word_1_13' title='bbox 1055 775 1200 832; x_wconf 89' lang='lat' dir='ltr'>arborem</span> <span class='ocrx_word' id='word_1_14' title='bbox 1224 775 1318 846; x_wconf 89' lang='lat' dir='ltr'>nucis,</span> <span class='ocrx_word' id='word_1_15' title='bbox 1341 775 1385 834; x_wconf 93' lang='lat' dir='ltr'>ibi</span> <span class='ocrx_word' id='word_1_16' title='bbox 1402 781 1447 834; x_wconf 91' lang='lat' dir='ltr'>est</span> <span class='ocrx_word' id='word_1_17' title='bbox 1464 781 1556 847; x_wconf 84' lang='lat' dir='ltr'>meta,</span> <span class='ocrx_word' id='word_1_18' title='bbox 1574 775 1688 834; x_wconf 89' lang='lat' dir='ltr'>deinde</span> 
     </span>
     <span class='ocr_line' id='line_1_4' title="bbox 416 877 1689 955; baseline 0.004 -21"><span class='ocrx_word' id='word_1_19' title='bbox 416 877 456 937; x_wconf 90' lang='lat' dir='ltr'>ad</span> <span class='ocrx_word' id='word_1_20' title='bbox 479 878 673 948; x_wconf 88' lang='lat' dir='ltr'>sambucum,</span> <span class='ocrx_word' id='word_1_21' title='bbox 697 877 756 934; x_wconf 90' lang='lat' dir='ltr'>sub</span> <span class='ocrx_word' id='word_1_22' title='bbox 780 893 841 949; x_wconf 91' lang='lat' dir='ltr'>qua</span> <span class='ocrx_word' id='word_1_23' title='bbox 865 885 910 935; x_wconf 89' lang='lat' dir='ltr'>est</span> <span class='ocrx_word' id='word_1_24' title='bbox 933 884 1016 937; x_wconf 90' lang='lat' dir='ltr'>meta</span> <span class='ocrx_word' id='word_1_25' title='bbox 1038 888 1146 944; x_wconf 85' lang='lat' dir='ltr'>terrea,</span> <span class='ocrx_word' id='word_1_26' title='bbox 1170 880 1208 938; x_wconf 89' lang='lat' dir='ltr'>de</span> <span class='ocrx_word' id='word_1_27' title='bbox 1232 881 1304 939; x_wconf 92' lang='lat' dir='ltr'>hinc</span> <span class='ocrx_word' id='word_1_28' title='bbox 1329 881 1469 938; x_wconf 91' lang='lat' dir='ltr'>metatim</span> <span class='ocrx_word' id='word_1_29' title='bbox 1493 880 1634 955; x_wconf 82' lang='lat' dir='ltr'>procedit</span> <span class='ocrx_word' id='word_1_30' title='bbox 1656 888 1689 939; x_wconf 90' lang='lat' dir='ltr'>et</span> 
     </span>
     <span class='ocr_line' id='line_1_5' title="bbox 415 982 1688 1061; baseline 0.002 -19"><span class='ocrx_word' id='word_1_31' title='bbox 415 983 497 1042; x_wconf 85' lang='lat' dir='ltr'>cadit</span> <span class='ocrx_word' id='word_1_32' title='bbox 519 983 550 1042; x_wconf 92' lang='lat' dir='ltr'>in</span> <span class='ocrx_word' id='word_1_33' title='bbox 574 983 705 1040; x_wconf 86' lang='lat' dir='ltr'>fluvium</span> <span class='ocrx_word' id='word_1_34' title='bbox 737 982 835 1055; x_wconf 89' lang='lat' dir='ltr'>Zawe,</span> <span class='ocrx_word' id='word_1_35' title='bbox 867 984 978 1042; x_wconf 90' lang='lat' dir='ltr'>deinde</span> <span class='ocrx_word' id='word_1_36' title='bbox 1008 987 1046 1044; x_wconf 90' lang='lat' dir='ltr'>ad</span> <span class='ocrx_word' id='word_1_37' title='bbox 1078 993 1194 1044; x_wconf 90' lang='lat' dir='ltr'>metam</span> <span class='ocrx_word' id='word_1_38' title='bbox 1227 987 1364 1061; x_wconf 87' lang='lat' dir='ltr'>priorem</span> <span class='ocrx_word' id='word_1_39' title='bbox 1394 987 1551 1045; x_wconf 89' lang='lat' dir='ltr'>descendit</span> <span class='ocrx_word' id='word_1_40' title='bbox 1583 993 1612 1044; x_wconf 88' lang='lat' dir='ltr'>et</span> <span class='ocrx_word' id='word_1_41' title='bbox 1643 989 1688 1046; x_wconf 93' lang='lat' dir='ltr'>sic</span> 
     </span>
     <span class='ocr_line' id='line_1_6' title="bbox 415 1091 1688 1167; baseline 0 -17"><span class='ocrx_word' id='word_1_42' title='bbox 415 1091 606 1152; x_wconf 87' lang='lat' dir='ltr'>terminatur.</span> <span class='ocrx_word' id='word_1_43' title='bbox 631 1091 784 1162; x_wconf 88' lang='lat' dir='ltr'>Ceterum,</span> <span class='ocrx_word' id='word_1_44' title='bbox 813 1091 886 1164; x_wconf 91' lang='lat' dir='ltr'>quia</span> <span class='ocrx_word' id='word_1_45' title='bbox 909 1091 1003 1149; x_wconf 92' lang='lat' dir='ltr'>iidem</span> <span class='ocrx_word' id='word_1_46' title='bbox 1028 1093 1110 1150; x_wconf 87' lang='lat' dir='ltr'>cives</span> <span class='ocrx_word' id='word_1_47' title='bbox 1140 1110 1234 1167; x_wconf 92' lang='lat' dir='ltr'>super</span> <span class='ocrx_word' id='word_1_48' title='bbox 1258 1094 1347 1150; x_wconf 90' lang='lat' dir='ltr'>terris</span> <span class='ocrx_word' id='word_1_49' title='bbox 1378 1100 1408 1150; x_wconf 90' lang='lat' dir='ltr'>et</span> <span class='ocrx_word' id='word_1_50' title='bbox 1438 1093 1688 1166; x_wconf 87' lang='lat' dir='ltr'>possessionibus</span> 
     </span>
     <span class='ocr_line' id='line_1_7' title="bbox 416 1197 1687 1270; baseline 0.002 -16"><span class='ocrx_word' id='word_1_51' title='bbox 416 1197 480 1254; x_wconf 92' lang='lat' dir='ltr'>suis</span> <span class='ocrx_word' id='word_1_52' title='bbox 503 1198 565 1256; x_wconf 87' lang='lat' dir='ltr'>alia</span> <span class='ocrx_word' id='word_1_53' title='bbox 588 1197 681 1254; x_wconf 88' lang='lat' dir='ltr'>etiam</span> <span class='ocrx_word' id='word_1_54' title='bbox 705 1197 870 1270; x_wconf 84' lang='lat' dir='ltr'>privilegia</span> <span class='ocrx_word' id='word_1_55' title='bbox 893 1213 911 1254; x_wconf 92' lang='lat' dir='ltr'>a</span> <span class='ocrx_word' id='word_1_56' title='bbox 934 1199 1024 1256; x_wconf 93' lang='lat' dir='ltr'>nobis</span> <span class='ocrx_word' id='word_1_57' title='bbox 1047 1199 1091 1256; x_wconf 92' lang='lat' dir='ltr'>eis</span> <span class='ocrx_word' id='word_1_58' title='bbox 1115 1214 1257 1256; x_wconf 89' lang='lat' dir='ltr'>concessa</span> <span class='ocrx_word' id='word_1_59' title='bbox 1281 1200 1395 1256; x_wconf 89' lang='lat' dir='ltr'>habere</span> <span class='ocrx_word' id='word_1_60' title='bbox 1428 1203 1604 1270; x_wconf 89' lang='lat' dir='ltr'>noscuntur,</span> <span class='ocrx_word' id='word_1_61' title='bbox 1630 1200 1687 1256; x_wconf 90' lang='lat' dir='ltr'>illa</span> 
     </span>
     <span class='ocr_line' id='line_1_8' title="bbox 415 1303 1687 1363; baseline 0.001 -2"><span class='ocrx_word' id='word_1_62' title='bbox 415 1303 461 1362; x_wconf 89' lang='lat' dir='ltr'>eis</span> <span class='ocrx_word' id='word_1_63' title='bbox 483 1304 663 1362; x_wconf 90' lang='lat' dir='ltr'>inconcussa</span> <span class='ocrx_word' id='word_1_64' title='bbox 686 1319 811 1363; x_wconf 84' lang='lat' dir='ltr'>servare</span> <span class='ocrx_word' id='word_1_65' title='bbox 834 1305 981 1362; x_wconf 85' lang='lat' dir='ltr'>volumus</span> <span class='ocrx_word' id='word_1_66' title='bbox 1004 1313 1034 1362; x_wconf 86' lang='lat' dir='ltr'>et</span> <span class='ocrx_word' id='word_1_67' title='bbox 1057 1321 1075 1361; x_wconf 90' lang='lat' dir='ltr'>a</span> <span class='ocrx_word' id='word_1_68' title='bbox 1098 1305 1210 1362; x_wconf 91' lang='lat' dir='ltr'>nostris</span> <span class='ocrx_word' id='word_1_69' title='bbox 1234 1305 1465 1362; x_wconf 89' lang='lat' dir='ltr'>successoribus</span> <span class='ocrx_word' id='word_1_70' title='bbox 1487 1311 1517 1361; x_wconf 90' lang='lat' dir='ltr'>et</span> <span class='ocrx_word' id='word_1_71' title='bbox 1537 1303 1687 1362; x_wconf 89' lang='lat' dir='ltr'>subiectis</span> 
     </span>
     <span class='ocr_line' id='line_1_9' title="bbox 417 1409 1685 1483; baseline 0 -17"><span class='ocrx_word' id='word_1_72' title='bbox 417 1409 641 1478; x_wconf 74' lang='lat' dir='ltr'>inviolabiliter</span> <span class='ocrx_word' id='word_1_73' title='bbox 661 1410 829 1468; x_wconf 83' lang='lat' dir='ltr'>observari.</span> <span class='ocrx_word' id='word_1_74' title='bbox 853 1411 886 1468; x_wconf 93' lang='lat' dir='ltr'>ln</span> <span class='ocrx_word' id='word_1_75' title='bbox 910 1411 995 1468; x_wconf 90' lang='lat' dir='ltr'>cuius</span> <span class='ocrx_word' id='word_1_76' title='bbox 1029 1411 1073 1468; x_wconf 86' lang='lat' dir='ltr'>rei</span> <span class='ocrx_word' id='word_1_77' title='bbox 1105 1411 1291 1468; x_wconf 85' lang='lat' dir='ltr'>memoriam</span> <span class='ocrx_word' id='word_1_78' title='bbox 1319 1417 1349 1467; x_wconf 92' lang='lat' dir='ltr'>et</span> <span class='ocrx_word' id='word_1_79' title='bbox 1377 1417 1561 1483; x_wconf 88' lang='lat' dir='ltr'>perpetuam</span> <span class='ocrx_word' id='word_1_80' title='bbox 1585 1409 1685 1466; x_wconf 92' lang='lat' dir='ltr'>firmi·</span> 
     </span>
     <span class='ocr_line' id='line_1_10' title="bbox 416 1516 1684 1592; baseline 0 -18"><span class='ocrx_word' id='word_1_81' title='bbox 416 1521 512 1574; x_wconf 89' lang='lat' dir='ltr'>tatem</span> <span class='ocrx_word' id='word_1_82' title='bbox 535 1522 693 1590; x_wconf 87' lang='lat' dir='ltr'>presentes</span> <span class='ocrx_word' id='word_1_83' title='bbox 716 1516 859 1574; x_wconf 88' lang='lat' dir='ltr'>dedimus</span> <span class='ocrx_word' id='word_1_84' title='bbox 882 1517 1009 1587; x_wconf 82' lang='lat' dir='ltr'>litteras,</span> <span class='ocrx_word' id='word_1_85' title='bbox 1033 1517 1168 1592; x_wconf 90' lang='lat' dir='ltr'>duplicis</span> <span class='ocrx_word' id='word_1_86' title='bbox 1191 1517 1288 1590; x_wconf 84' lang='lat' dir='ltr'>sigilli</span> <span class='ocrx_word' id='word_1_87' title='bbox 1311 1517 1407 1574; x_wconf 90' lang='lat' dir='ltr'>nostri</span> <span class='ocrx_word' id='word_1_88' title='bbox 1439 1517 1610 1574; x_wconf 88' lang='lat' dir='ltr'>munimine</span> <span class='ocrx_word' id='word_1_89' title='bbox 1633 1532 1684 1574; x_wconf 86' lang='lat' dir='ltr'>ro-</span> 
     </span>
     <span class='ocr_line' id='line_1_11' title="bbox 416 1622 1685 1697; baseline -0.001 -17"><span class='ocrx_word' id='word_1_90' title='bbox 416 1624 548 1682; x_wconf 88' lang='lat' dir='ltr'>boratas.</span> <span class='ocrx_word' id='word_1_91' title='bbox 573 1623 688 1680; x_wconf 91' lang='lat' dir='ltr'>Datum</span> <span class='ocrx_word' id='word_1_92' title='bbox 712 1639 769 1697; x_wconf 90' lang='lat' dir='ltr'>per</span> <span class='ocrx_word' id='word_1_93' title='bbox 790 1638 900 1680; x_wconf 90' lang='lat' dir='ltr'>manus</span> <span class='ocrx_word' id='word_1_94' title='bbox 931 1624 1071 1696; x_wconf 85' lang='lat' dir='ltr'>magistri</span> <span class='ocrx_word' id='word_1_95' title='bbox 1099 1622 1245 1693; x_wconf 75' lang='lat' dir='ltr'>Farlrasii</span> <span class='ocrx_word' id='word_1_96' title='bbox 1269 1623 1420 1697; x_wconf 88' lang='lat' dir='ltr'>prepositi</span> <span class='ocrx_word' id='word_1_97' title='bbox 1443 1622 1588 1690; x_wconf 88' lang='lat' dir='ltr'>albensis,</span> <span class='ocrx_word' id='word_1_98' title='bbox 1613 1623 1685 1679; x_wconf 89' lang='lat' dir='ltr'>aule</span> 
     </span>
     <span class='ocr_line' id='line_1_12' title="bbox 415 1727 1682 1800; baseline -0.002 -14"><span class='ocrx_word' id='word_1_99' title='bbox 415 1734 517 1790; x_wconf 88' lang='lat' dir='ltr'>nostre</span> <span class='ocrx_word' id='word_1_100' title='bbox 548 1729 802 1800; x_wconf 87' lang='lat' dir='ltr'>vicecancellarii,</span> <span class='ocrx_word' id='word_1_101' title='bbox 833 1727 939 1786; x_wconf 89' lang='lat' dir='ltr'>dilecti</span> <span class='ocrx_word' id='word_1_102' title='bbox 970 1735 999 1786; x_wconf 92' lang='lat' dir='ltr'>et</span> <span class='ocrx_word' id='word_1_103' title='bbox 1030 1728 1133 1787; x_wconf 91' lang='lat' dir='ltr'>fidelis</span> <span class='ocrx_word' id='word_1_104' title='bbox 1157 1730 1261 1787; x_wconf 88' lang='lat' dir='ltr'>nostri.</span> <span class='ocrx_word' id='word_1_105' title='bbox 1286 1731 1375 1786; x_wconf 90' lang='lat' dir='ltr'>Anno</span> <span class='ocrx_word' id='word_1_106' title='bbox 1399 1728 1518 1786; x_wconf 92' lang='lat' dir='ltr'>domini</span> <span class='ocrx_word' id='word_1_107' title='bbox 1541 1727 1682 1784; x_wconf 85' lang='lat' dir='ltr'>MCCLX</span> 
     </span>
     <span class='ocr_line' id='line_1_13' title="bbox 415 1834 1683 1908; baseline -0.002 -14"><span class='ocrx_word' id='word_1_108' title='bbox 415 1842 510 1908; x_wconf 72' lang='lat' dir='ltr'>sexto</span> <span class='ocrx_word' id='word_1_109' title='bbox 536 1836 579 1894; x_wconf 92' lang='lat' dir='ltr'>IX</span> <span class='ocrx_word' id='word_1_110' title='bbox 611 1835 759 1894; x_wconf 88' lang='lat' dir='ltr'>kalendas</span> <span class='ocrx_word' id='word_1_111' title='bbox 789 1834 970 1894; x_wconf 89' lang='lat' dir='ltr'>decembris.</span> <span class='ocrx_word' id='word_1_112' title='bbox 1004 1835 1103 1908; x_wconf 83' lang='lat' dir='ltr'>Regni</span> <span class='ocrx_word' id='word_1_113' title='bbox 1138 1841 1242 1892; x_wconf 90' lang='lat' dir='ltr'>autem</span> <span class='ocrx_word' id='word_1_114' title='bbox 1277 1835 1375 1892; x_wconf 88' lang='lat' dir='ltr'>nostri</span> <span class='ocrx_word' id='word_1_115' title='bbox 1411 1849 1491 1893; x_wconf 91' lang='lat' dir='ltr'>anno</span> <span class='ocrx_word' id='word_1_116' title='bbox 1525 1834 1683 1892; x_wconf 90' lang='lat' dir='ltr'>tricesimo</span> 
     </span>
     <span class='ocr_line' id='line_1_14' title="bbox 418 1958 529 2017; baseline 0.018 -18"><span class='ocrx_word' id='word_1_117' title='bbox 418 1958 529 2017; x_wconf 80' lang='lat' dir='ltr'>primo.</span> 
     </span>
    </p>
   </div>
   <div class='ocr_carea' id='block_1_4' title="bbox 417 2077 1684 2234">
    <p class='ocr_par' dir='ltr' id='par_1_4' title="bbox 417 2077 1684 2234">
     <span class='ocr_line' id='line_1_15' title="bbox 504 2077 1684 2146; baseline -0.002 -16"><span class='ocrx_word' id='word_1_118' title='bbox 504 2077 643 2146; x_wconf 86' lang='lat' dir='ltr'>Originale</span> <span class='ocrx_word' id='word_1_119' title='bbox 662 2077 690 2129; x_wconf 87' lang='lat' dir='ltr'>in</span> <span class='ocrx_word' id='word_1_120' title='bbox 714 2078 873 2137; x_wconf 82' lang='lat' dir='ltr'>membrana,</span> <span class='ocrx_word' id='word_1_121' title='bbox 898 2080 1015 2129; x_wconf 89' lang='lat' dir='ltr'>lacerum</span> <span class='ocrx_word' id='word_1_122' title='bbox 1039 2085 1066 2130; x_wconf 90' lang='lat' dir='ltr'>et</span> <span class='ocrx_word' id='word_1_123' title='bbox 1089 2081 1188 2144; x_wconf 89' lang='lat' dir='ltr'>absque</span> <span class='ocrx_word' id='word_1_124' title='bbox 1206 2079 1305 2146; x_wconf 84' lang='lat' dir='ltr'>sigillo.</span> <span class='ocrx_word' id='word_1_125' title='bbox 1329 2079 1448 2129; x_wconf 84' lang='lat' dir='ltr'>Laconas</span> <span class='ocrx_word' id='word_1_126' title='bbox 1469 2078 1651 2144; x_wconf 81' lang='lat' dir='ltr'>supplevimus</span> <span class='ocrx_word' id='word_1_127' title='bbox 1670 2094 1684 2128; x_wconf 85' lang='lat' dir='ltr'>e</span> 
     </span>
     <span class='ocr_line' id='line_1_16' title="bbox 417 2165 1647 2234; baseline -0.002 -16"><span class='ocrx_word' id='word_1_128' title='bbox 417 2173 584 2234; x_wconf 87' lang='lat' dir='ltr'>transumpto</span> <span class='ocrx_word' id='word_1_129' title='bbox 604 2165 695 2216; x_wconf 88' lang='lat' dir='ltr'>Caroli</span> <span class='ocrx_word' id='word_1_130' title='bbox 714 2165 787 2232; x_wconf 86' lang='lat' dir='ltr'>regis</span> <span class='ocrx_word' id='word_1_131' title='bbox 806 2167 944 2232; x_wconf 84' lang='lat' dir='ltr'>Hungarie</span> <span class='ocrx_word' id='word_1_132' title='bbox 963 2168 1053 2218; x_wconf 87' lang='lat' dir='ltr'>dean.</span> <span class='ocrx_word' id='word_1_133' title='bbox 1076 2177 1149 2229; x_wconf 86' lang='lat'>1324.</span> <span class='ocrx_word' id='word_1_134' title='bbox 1170 2167 1200 2218; x_wconf 93' lang='lat' dir='ltr'>ln</span> <span class='ocrx_word' id='word_1_135' title='bbox 1219 2166 1328 2218; x_wconf 87' lang='lat' dir='ltr'>archivo</span> <span class='ocrx_word' id='word_1_136' title='bbox 1347 2167 1393 2218; x_wconf 92' lang='lat' dir='ltr'>lib.</span> <span class='ocrx_word' id='word_1_137' title='bbox 1411 2183 1466 2234; x_wconf 86' lang='lat' dir='ltr'>reg.</span> <span class='ocrx_word' id='word_1_138' title='bbox 1480 2167 1529 2218; x_wconf 80' lang='lat' dir='ltr'>civ.</span> <span class='ocrx_word' id='word_1_139' title='bbox 1542 2167 1647 2232; x_wconf 84' lang='lat' dir='ltr'>ragrab.</span> 
     </span>
    </p>
   </div>
   <div class='ocr_carea' id='block_1_5' title="bbox 522 2400 1080 2494">
    <p class='ocr_par' dir='ltr' id='par_1_5' title="bbox 522 2400 1080 2494">
     <span class='ocr_line' id='line_1_17' title="bbox 522 2400 1080 2494; baseline -0.018 -8"><span class='ocrx_word' id='word_1_140' title='bbox 522 2439 571 2486; x_wconf 79' lang='lat' dir='ltr'>An.</span> <span class='ocrx_word' id='word_1_141' title='bbox 594 2435 668 2494; x_wconf 86' lang='lat'>1267,</span> <span class='ocrx_word' id='word_1_142' title='bbox 689 2444 730 2494; x_wconf 80' lang='lat'>23.</span> <span class='ocrx_word' id='word_1_143' title='bbox 744 2433 882 2486; x_wconf 83' lang='lat' dir='ltr'>februarii.</span> <span class='ocrx_word' id='word_1_144' title='bbox 1016 2400 1080 2466; x_wconf 82' lang='lat'>50·</span> 
     </span>
    </p>
   </div>
   <div class='ocr_carea' id='block_1_6' title="bbox 414 2559 1681 2743">
    <p class='ocr_par' dir='ltr' id='par_1_6' title="bbox 414 2559 1681 2743">
     <span class='ocr_line' id='line_1_18' title="bbox 414 2559 1681 2637; baseline -0.003 -17"><span class='ocrx_word' id='word_1_145' title='bbox 414 2564 489 2620; x_wconf 81' lang='lat' dir='ltr'>Bcla</span> <span class='ocrx_word' id='word_1_146' title='bbox 512 2563 569 2620; x_wconf 86' lang='lat' dir='ltr'>IV.</span> <span class='ocrx_word' id='word_1_147' title='bbox 593 2563 771 2637; x_wconf 82' lang='lat' dir='ltr'>Hungariac</span> <span class='ocrx_word' id='word_1_148' title='bbox 792 2569 839 2621; x_wconf 80' lang='lat' dir='ltr'>etc.</span> <span class='ocrx_word' id='word_1_149' title='bbox 863 2583 918 2621; x_wconf 80' lang='lat' dir='ltr'>rex</span> <span class='ocrx_word' id='word_1_150' title='bbox 939 2564 1047 2622; x_wconf 81' lang='lat' dir='ltr'>civibus</span> <span class='ocrx_word' id='word_1_151' title='bbox 1076 2561 1283 2622; x_wconf 81' lang='lat' dir='ltr'>Greclrcnst&#39;bus</span> <span class='ocrx_word' id='word_1_152' title='bbox 1312 2561 1346 2618; x_wconf 83' lang='lat' dir='ltr'>de</span> <span class='ocrx_word' id='word_1_153' title='bbox 1377 2559 1527 2634; x_wconf 81' lang='lat' dir='ltr'>Zagrabio</span> <span class='ocrx_word' id='word_1_154' title='bbox 1550 2561 1681 2617; x_wconf 76' lang='lat' dir='ltr'>rinmuni-</span> 
     </span>
     <span class='ocr_line' id='line_1_19' title="bbox 742 2669 1355 2743; baseline -0.005 -16"><span class='ocrx_word' id='word_1_155' title='bbox 742 2677 827 2727; x_wconf 84' lang='lat' dir='ltr'>tatem</span> <span class='ocrx_word' id='word_1_156' title='bbox 850 2689 870 2726; x_wconf 85' lang='lat' dir='ltr'>a</span> <span class='ocrx_word' id='word_1_157' title='bbox 893 2671 1006 2728; x_wconf 78' lang='lat' dir='ltr'>tributis</span> <span class='ocrx_word' id='word_1_158' title='bbox 1028 2678 1057 2728; x_wconf 83' lang='lat' dir='ltr'>et</span> <span class='ocrx_word' id='word_1_159' title='bbox 1076 2670 1217 2727; x_wconf 78' lang='lat' dir='ltr'>tricesima</span> <span class='ocrx_word' id='word_1_160' title='bbox 1239 2669 1355 2743; x_wconf 79' lang='lat' dir='ltr'>confert.</span> 
     </span>
    </p>
   </div>
   <div class='ocr_carea' id='block_1_7' title="bbox 414 2810 1684 5115">
    <p class='ocr_par' dir='ltr' id='par_1_7' title="bbox 414 2810 1684 5115">
     <span class='ocr_line' id='line_1_20' title="bbox 503 2810 1680 2886; baseline -0.002 -16"><span class='ocrx_word' id='word_1_161' title='bbox 503 2813 577 2872; x_wconf 88' lang='lat' dir='ltr'>Bela</span> <span class='ocrx_word' id='word_1_162' title='bbox 601 2812 640 2871; x_wconf 95' lang='lat' dir='ltr'>de</span> <span class='ocrx_word' id='word_1_163' title='bbox 663 2813 766 2886; x_wconf 87' lang='lat' dir='ltr'>gracia</span> <span class='ocrx_word' id='word_1_164' title='bbox 787 2814 953 2886; x_wconf 85' lang='lat' dir='ltr'>Hungarie‚</span> <span class='ocrx_word' id='word_1_165' title='bbox 978 2814 1146 2885; x_wconf 89' lang='lat' dir='ltr'>Dalmacie,</span> <span class='ocrx_word' id='word_1_166' title='bbox 1170 2812 1305 2884; x_wconf 91' lang='lat' dir='ltr'>Croacie,</span> <span class='ocrx_word' id='word_1_167' title='bbox 1337 2812 1442 2883; x_wconf 73' lang='lat' dir='ltr'>Reme,</span> <span class='ocrx_word' id='word_1_168' title='bbox 1466 2810 1581 2882; x_wconf 88' lang='lat' dir='ltr'>Seruie,</span> <span class='ocrx_word' id='word_1_169' title='bbox 1606 2810 1680 2869; x_wconf 88' lang='lat' dir='ltr'>Gal·</span> 
     </span>
     <span class='ocr_line' id='line_1_21' title="bbox 415 2917 1682 2993; baseline -0.002 -17"><span class='ocrx_word' id='word_1_170' title='bbox 415 2919 494 2992; x_wconf 90' lang='lat' dir='ltr'>licie,</span> <span class='ocrx_word' id='word_1_171' title='bbox 517 2917 702 2978; x_wconf 89' lang='lat' dir='ltr'>Lodomerie</span> <span class='ocrx_word' id='word_1_172' title='bbox 725 2918 937 2993; x_wconf 90' lang='lat' dir='ltr'>Cumanieque</span> <span class='ocrx_word' id='word_1_173' title='bbox 959 2937 1021 2978; x_wconf 88' lang='lat' dir='ltr'>rex.</span> <span class='ocrx_word' id='word_1_174' title='bbox 1045 2919 1198 2978; x_wconf 91' lang='lat' dir='ltr'>Omnibus</span> <span class='ocrx_word' id='word_1_175' title='bbox 1227 2927 1385 2992; x_wconf 87' lang='lat' dir='ltr'>presentes</span> <span class='ocrx_word' id='word_1_176' title='bbox 1417 2919 1535 2975; x_wconf 88' lang='lat' dir='ltr'>litteras</span> <span class='ocrx_word' id='word_1_177' title='bbox 1563 2917 1682 2990; x_wconf 87' lang='lat' dir='ltr'>inspec-</span> 
     </span>
     <span class='ocr_line' id='line_1_22' title="bbox 415 3021 1681 3084; baseline -0.003 0"><span class='ocrx_word' id='word_1_178' title='bbox 415 3026 491 3084; x_wconf 89' lang='lat' dir='ltr'>turis</span> <span class='ocrx_word' id='word_1_179' title='bbox 525 3025 658 3083; x_wconf 87' lang='lat' dir='ltr'>salutern</span> <span class='ocrx_word' id='word_1_180' title='bbox 681 3025 712 3083; x_wconf 92' lang='lat' dir='ltr'>in</span> <span class='ocrx_word' id='word_1_181' title='bbox 741 3027 881 3083; x_wconf 91' lang='lat' dir='ltr'>omnium</span> <span class='ocrx_word' id='word_1_182' title='bbox 913 3027 1075 3084; x_wconf 88' lang='lat' dir='ltr'>salvatore.</span> <span class='ocrx_word' id='word_1_183' title='bbox 1107 3025 1212 3083; x_wconf 85' lang='lat' dir='ltr'>Officii</span> <span class='ocrx_word' id='word_1_184' title='bbox 1242 3025 1338 3082; x_wconf 88' lang='lat' dir='ltr'>nostri</span> <span class='ocrx_word' id='word_1_185' title='bbox 1370 3024 1512 3082; x_wconf 88' lang='lat' dir='ltr'>debitum</span> <span class='ocrx_word' id='word_1_186' title='bbox 1535 3021 1681 3080; x_wconf 90' lang='lat' dir='ltr'>remediis</span> 
     </span>
     <span class='ocr_line' id='line_1_23' title="bbox 415 3129 1682 3204; baseline -0.002 -16"><span class='ocrx_word' id='word_1_187' title='bbox 415 3131 557 3204; x_wconf 87' lang='lat' dir='ltr'>invigilat</span> <span class='ocrx_word' id='word_1_188' title='bbox 588 3131 807 3202; x_wconf 92' lang='lat' dir='ltr'>subiectorum,</span> <span class='ocrx_word' id='word_1_189' title='bbox 839 3147 912 3188; x_wconf 89' lang='lat' dir='ltr'>nam</span> <span class='ocrx_word' id='word_1_190' title='bbox 943 3131 1018 3188; x_wconf 91' lang='lat' dir='ltr'>dum</span> <span class='ocrx_word' id='word_1_191' title='bbox 1049 3147 1158 3189; x_wconf 91' lang='lat' dir='ltr'>eorum</span> <span class='ocrx_word' id='word_1_192' title='bbox 1192 3131 1319 3190; x_wconf 89' lang='lat' dir='ltr'>utilitati</span> <span class='ocrx_word' id='word_1_193' title='bbox 1354 3129 1570 3204; x_wconf 90' lang='lat' dir='ltr'>prospicimus,</span> <span class='ocrx_word' id='word_1_194' title='bbox 1607 3129 1682 3186; x_wconf 92' lang='lat' dir='ltr'>dum</span> 
     </span>
     <span class='ocr_line' id='line_1_24' title="bbox 415 3235 1683 3311; baseline -0.002 -17"><span class='ocrx_word' id='word_1_195' title='bbox 415 3237 612 3299; x_wconf 87' lang='lat' dir='ltr'>concedimus</span> <span class='ocrx_word' id='word_1_196' title='bbox 636 3235 808 3311; x_wconf 82' lang='lat' dir='ltr'>profutura,</span> <span class='ocrx_word' id='word_1_197' title='bbox 833 3238 964 3311; x_wconf 90' lang='lat' dir='ltr'>plebum</span> <span class='ocrx_word' id='word_1_198' title='bbox 987 3254 1135 3295; x_wconf 89' lang='lat' dir='ltr'>numerus</span> <span class='ocrx_word' id='word_1_199' title='bbox 1162 3237 1271 3295; x_wconf 89' lang='lat' dir='ltr'>crescit</span> <span class='ocrx_word' id='word_1_200' title='bbox 1301 3237 1415 3308; x_wconf 88' lang='lat' dir='ltr'>iugiter</span> <span class='ocrx_word' id='word_1_201' title='bbox 1437 3241 1467 3293; x_wconf 91' lang='lat' dir='ltr'>et</span> <span class='ocrx_word' id='word_1_202' title='bbox 1490 3241 1629 3308; x_wconf 89' lang='lat' dir='ltr'>augetur,</span> <span class='ocrx_word' id='word_1_203' title='bbox 1653 3235 1683 3292; x_wconf 89' lang='lat' dir='ltr'>io</span> 
     </span>
     <span class='ocr_line' id='line_1_25' title="bbox 415 3341 1682 3417; baseline -0.002 -17"><span class='ocrx_word' id='word_1_204' title='bbox 415 3357 478 3416; x_wconf 93' lang='lat' dir='ltr'>quo</span> <span class='ocrx_word' id='word_1_205' title='bbox 500 3343 582 3416; x_wconf 88' lang='lat' dir='ltr'>regis</span> <span class='ocrx_word' id='word_1_206' title='bbox 605 3343 708 3415; x_wconf 88' lang='lat' dir='ltr'>gloria</span> <span class='ocrx_word' id='word_1_207' title='bbox 730 3343 906 3417; x_wconf 88' lang='lat' dir='ltr'>specialiter</span> <span class='ocrx_word' id='word_1_208' title='bbox 929 3343 1099 3402; x_wconf 88' lang='lat' dir='ltr'>denotatur.</span> <span class='ocrx_word' id='word_1_209' title='bbox 1136 3343 1268 3401; x_wconf 91' lang='lat' dir='ltr'>Proinde</span> <span class='ocrx_word' id='word_1_210' title='bbox 1296 3341 1335 3400; x_wconf 93' lang='lat' dir='ltr'>ad</span> <span class='ocrx_word' id='word_1_211' title='bbox 1363 3343 1580 3400; x_wconf 88' lang='lat' dir='ltr'>universorum</span> <span class='ocrx_word' id='word_1_212' title='bbox 1605 3341 1682 3398; x_wconf 84' lang='lat' dir='ltr'>noti-</span> 
     </span>
     <span class='ocr_line' id='line_1_26' title="bbox 415 3447 1683 3523; baseline -0.002 -18"><span class='ocrx_word' id='word_1_213' title='bbox 415 3449 496 3508; x_wconf 89' lang='lat' dir='ltr'>ciam</span> <span class='ocrx_word' id='word_1_214' title='bbox 518 3449 630 3508; x_wconf 87' lang='lat' dir='ltr'>harum</span> <span class='ocrx_word' id='word_1_215' title='bbox 661 3449 739 3506; x_wconf 89' lang='lat' dir='ltr'>serie</span> <span class='ocrx_word' id='word_1_216' title='bbox 769 3449 916 3506; x_wconf 88' lang='lat' dir='ltr'>volumus</span> <span class='ocrx_word' id='word_1_217' title='bbox 942 3451 1113 3523; x_wconf 89' lang='lat' dir='ltr'>pervenire,</span> <span class='ocrx_word' id='word_1_218' title='bbox 1146 3449 1229 3523; x_wconf 92' lang='lat' dir='ltr'>quod</span> <span class='ocrx_word' id='word_1_219' title='bbox 1261 3449 1366 3506; x_wconf 89' lang='lat' dir='ltr'>dilecti</span> <span class='ocrx_word' id='word_1_220' title='bbox 1389 3455 1419 3505; x_wconf 90' lang='lat' dir='ltr'>et</span> <span class='ocrx_word' id='word_1_221' title='bbox 1441 3447 1551 3504; x_wconf 87' lang='lat' dir='ltr'>fideles</span> <span class='ocrx_word' id='word_1_222' title='bbox 1586 3448 1683 3504; x_wconf 89' lang='lat' dir='ltr'>nostri</span> 
     </span>
     <span class='ocr_line' id='line_1_27' title="bbox 414 3551 1683 3628; baseline -0.002 -17"><span class='ocrx_word' id='word_1_223' title='bbox 414 3555 498 3612; x_wconf 84' lang='lat' dir='ltr'>cives</span> <span class='ocrx_word' id='word_1_224' title='bbox 521 3571 574 3614; x_wconf 87' lang='lat' dir='ltr'>seu</span> <span class='ocrx_word' id='word_1_225' title='bbox 597 3554 735 3628; x_wconf 88' lang='lat' dir='ltr'>hospites</span> <span class='ocrx_word' id='word_1_226' title='bbox 758 3555 788 3612; x_wconf 89' lang='lat' dir='ltr'>in</span> <span class='ocrx_word' id='word_1_227' title='bbox 811 3569 893 3612; x_wconf 90' lang='lat' dir='ltr'>novo</span> <span class='ocrx_word' id='word_1_228' title='bbox 917 3563 1017 3612; x_wconf 88' lang='lat' dir='ltr'>castro</span> <span class='ocrx_word' id='word_1_229' title='bbox 1040 3563 1153 3626; x_wconf 91' lang='lat' dir='ltr'>nostro,</span> <span class='ocrx_word' id='word_1_230' title='bbox 1178 3572 1233 3628; x_wconf 88' lang='lat' dir='ltr'>per</span> <span class='ocrx_word' id='word_1_231' title='bbox 1249 3555 1348 3612; x_wconf 89' lang='lat' dir='ltr'>cosin</span> <span class='ocrx_word' id='word_1_232' title='bbox 1364 3559 1469 3611; x_wconf 91' lang='lat' dir='ltr'>monte</span> <span class='ocrx_word' id='word_1_233' title='bbox 1492 3551 1594 3610; x_wconf 89' lang='lat' dir='ltr'>Grech</span> <span class='ocrx_word' id='word_1_234' title='bbox 1612 3568 1683 3610; x_wconf 93' lang='lat' dir='ltr'>con·</span> 
     </span>
     <span class='ocr_line' id='line_1_28' title="bbox 416 3659 1683 3734; baseline -0.002 -16"><span class='ocrx_word' id='word_1_235' title='bbox 416 3667 540 3734; x_wconf 81' lang='lat' dir='ltr'>struem,</span> <span class='ocrx_word' id='word_1_236' title='bbox 564 3661 735 3730; x_wconf 87' lang='lat' dir='ltr'>existentes,</span> <span class='ocrx_word' id='word_1_237' title='bbox 759 3659 797 3716; x_wconf 86' lang='lat' dir='ltr'>ad</span> <span class='ocrx_word' id='word_1_238' title='bbox 828 3665 932 3718; x_wconf 91' lang='lat' dir='ltr'>nostre</span> <span class='ocrx_word' id='word_1_239' title='bbox 963 3663 1130 3720; x_wconf 90' lang='lat' dir='ltr'>maiestatis</span> <span class='ocrx_word' id='word_1_240' title='bbox 1163 3661 1340 3720; x_wconf 88' lang='lat' dir='ltr'>accedentes</span> <span class='ocrx_word' id='word_1_241' title='bbox 1368 3659 1569 3733; x_wconf 89' lang='lat' dir='ltr'>presenciam,</span> <span class='ocrx_word' id='word_1_242' title='bbox 1593 3659 1683 3716; x_wconf 91' lang='lat' dir='ltr'>nobis</span> 
     </span>
     <span class='ocr_line' id='line_1_29' title="bbox 415 3765 1683 3842; baseline -0.003 -18"><span class='ocrx_word' id='word_1_243' title='bbox 415 3766 556 3826; x_wconf 85' lang='lat' dir='ltr'>revelare</span> <span class='ocrx_word' id='word_1_244' title='bbox 578 3773 792 3840; x_wconf 88' lang='lat' dir='ltr'>procurarunt,</span> <span class='ocrx_word' id='word_1_245' title='bbox 824 3767 908 3840; x_wconf 92' lang='lat' dir='ltr'>quod</span> <span class='ocrx_word' id='word_1_246' title='bbox 939 3783 1011 3824; x_wconf 89' lang='lat' dir='ltr'>cum</span> <span class='ocrx_word' id='word_1_247' title='bbox 1041 3769 1102 3842; x_wconf 91' lang='lat' dir='ltr'>ipsi</span> <span class='ocrx_word' id='word_1_248' title='bbox 1132 3769 1161 3826; x_wconf 91' lang='lat' dir='ltr'>in</span> <span class='ocrx_word' id='word_1_249' title='bbox 1195 3765 1329 3824; x_wconf 91' lang='lat' dir='ltr'>confinio</span> <span class='ocrx_word' id='word_1_250' title='bbox 1359 3765 1454 3838; x_wconf 90' lang='lat' dir='ltr'>regni,</span> <span class='ocrx_word' id='word_1_251' title='bbox 1486 3765 1516 3822; x_wconf 90' lang='lat' dir='ltr'>in</span> <span class='ocrx_word' id='word_1_252' title='bbox 1539 3765 1683 3837; x_wconf 89' lang='lat' dir='ltr'>partibus</span> 
     </span>
     <span class='ocr_line' id='line_1_30' title="bbox 414 3871 1681 3947; baseline -0.002 -18"><span class='ocrx_word' id='word_1_253' title='bbox 414 3871 585 3944; x_wconf 88' lang='lat' dir='ltr'>Sclauouie,</span> <span class='ocrx_word' id='word_1_254' title='bbox 602 3873 662 3930; x_wconf 92' lang='lat' dir='ltr'>sint</span> <span class='ocrx_word' id='word_1_255' title='bbox 685 3873 850 3943; x_wconf 89' lang='lat' dir='ltr'>constituti,</span> <span class='ocrx_word' id='word_1_256' title='bbox 874 3881 904 3930; x_wconf 91' lang='lat' dir='ltr'>et</span> <span class='ocrx_word' id='word_1_257' title='bbox 928 3881 1056 3947; x_wconf 92' lang='lat' dir='ltr'>propter</span> <span class='ocrx_word' id='word_1_258' title='bbox 1079 3874 1201 3932; x_wconf 88' lang='lat' dir='ltr'>diversa</span> <span class='ocrx_word' id='word_1_259' title='bbox 1225 3874 1341 3932; x_wconf 88' lang='lat' dir='ltr'>tributa</span> <span class='ocrx_word' id='word_1_260' title='bbox 1364 3878 1396 3929; x_wconf 91' lang='lat' dir='ltr'>et</span> <span class='ocrx_word' id='word_1_261' title='bbox 1418 3871 1587 3928; x_wconf 90' lang='lat' dir='ltr'>tricesimas</span> <span class='ocrx_word' id='word_1_262' title='bbox 1611 3885 1681 3927; x_wconf 92' lang='lat' dir='ltr'>cum</span> 
     </span>
     <span class='ocr_line' id='line_1_31' title="bbox 414 3977 1682 4053; baseline -0.003 -16"><span class='ocrx_word' id='word_1_263' title='bbox 414 3979 477 4038; x_wconf 90' lang='lat' dir='ltr'>suis</span> <span class='ocrx_word' id='word_1_264' title='bbox 501 3979 710 4038; x_wconf 87' lang='lat' dir='ltr'>mercimoniis</span> <span class='ocrx_word' id='word_1_265' title='bbox 734 3993 912 4053; x_wconf 88' lang='lat' dir='ltr'>processum</span> <span class='ocrx_word' id='word_1_266' title='bbox 936 3995 997 4036; x_wconf 91' lang='lat' dir='ltr'>non</span> <span class='ocrx_word' id='word_1_267' title='bbox 1021 3985 1145 4053; x_wconf 90' lang='lat' dir='ltr'>possent</span> <span class='ocrx_word' id='word_1_268' title='bbox 1176 3981 1291 4037; x_wconf 88' lang='lat' dir='ltr'>habere</span> <span class='ocrx_word' id='word_1_269' title='bbox 1315 3979 1493 4051; x_wconf 89' lang='lat' dir='ltr'>aliqualem,</span> <span class='ocrx_word' id='word_1_270' title='bbox 1517 3983 1546 4034; x_wconf 91' lang='lat' dir='ltr'>et</span> <span class='ocrx_word' id='word_1_271' title='bbox 1570 3977 1601 4034; x_wconf 91' lang='lat' dir='ltr'>in</span> <span class='ocrx_word' id='word_1_272' title='bbox 1624 3977 1682 4034; x_wconf 90' lang='lat' dir='ltr'>boc</span> 
     </span>
     <span class='ocr_line' id='line_1_32' title="bbox 415 4083 1683 4160; baseline -0.002 -18"><span class='ocrx_word' id='word_1_273' title='bbox 415 4087 483 4160; x_wconf 91' lang='lat' dir='ltr'>ipsa</span> <span class='ocrx_word' id='word_1_274' title='bbox 506 4085 614 4144; x_wconf 90' lang='lat' dir='ltr'>civitas</span> <span class='ocrx_word' id='word_1_275' title='bbox 637 4091 741 4141; x_wconf 88' lang='lat' dir='ltr'>nostra</span> <span class='ocrx_word' id='word_1_276' title='bbox 766 4085 902 4158; x_wconf 90' lang='lat' dir='ltr'>inopiam</span> <span class='ocrx_word' id='word_1_277' title='bbox 926 4091 1084 4158; x_wconf 90' lang='lat' dir='ltr'>pateretur</span> <span class='ocrx_word' id='word_1_278' title='bbox 1107 4100 1167 4143; x_wconf 89' lang='lat' dir='ltr'>non</span> <span class='ocrx_word' id='word_1_279' title='bbox 1191 4085 1356 4156; x_wconf 90' lang='lat' dir='ltr'>modicam,</span> <span class='ocrx_word' id='word_1_280' title='bbox 1379 4099 1397 4141; x_wconf 89' lang='lat' dir='ltr'>a</span> <span class='ocrx_word' id='word_1_281' title='bbox 1418 4083 1508 4140; x_wconf 92' lang='lat' dir='ltr'>nobis</span> <span class='ocrx_word' id='word_1_282' title='bbox 1525 4083 1683 4140; x_wconf 86' lang='lat' dir='ltr'>humiliter</span> 
     </span>
     <span class='ocr_line' id='line_1_33' title="bbox 415 4189 1682 4266; baseline -0.003 -17"><span class='ocrx_word' id='word_1_283' title='bbox 415 4191 619 4264; x_wconf 90' lang='lat' dir='ltr'>postularunt,</span> <span class='ocrx_word' id='word_1_284' title='bbox 643 4197 678 4246; x_wconf 93' lang='lat' dir='ltr'>ut</span> <span class='ocrx_word' id='word_1_285' title='bbox 700 4206 756 4247; x_wconf 94' lang='lat' dir='ltr'>nos</span> <span class='ocrx_word' id='word_1_286' title='bbox 780 4191 864 4264; x_wconf 92' lang='lat' dir='ltr'>ipsos</span> <span class='ocrx_word' id='word_1_287' title='bbox 887 4207 905 4248; x_wconf 91' lang='lat' dir='ltr'>a</span> <span class='ocrx_word' id='word_1_288' title='bbox 928 4192 1085 4249; x_wconf 91' lang='lat' dir='ltr'>solucione</span> <span class='ocrx_word' id='word_1_289' title='bbox 1114 4192 1267 4250; x_wconf 90' lang='lat' dir='ltr'>dictorum</span> <span class='ocrx_word' id='word_1_290' title='bbox 1299 4193 1489 4249; x_wconf 87' lang='lat' dir='ltr'>tributorum</span> <span class='ocrx_word' id='word_1_291' title='bbox 1513 4196 1543 4247; x_wconf 92' lang='lat' dir='ltr'>et</span> <span class='ocrx_word' id='word_1_292' title='bbox 1566 4189 1682 4266; x_wconf 83' lang='lat' dir='ltr'>tricesi-</span> 
     </span>
     <span class='ocr_line' id='line_1_34' title="bbox 414 4295 1682 4371; baseline -0.002 -18"><span class='ocrx_word' id='word_1_293' title='bbox 414 4313 538 4356; x_wconf 86' lang='lat' dir='ltr'>marum</span> <span class='ocrx_word' id='word_1_294' title='bbox 562 4295 763 4353; x_wconf 89' lang='lat' dir='ltr'>redderemus</span> <span class='ocrx_word' id='word_1_295' title='bbox 787 4305 948 4371; x_wconf 85' lang='lat' dir='ltr'>exemptos</span> <span class='ocrx_word' id='word_1_296' title='bbox 972 4315 1024 4355; x_wconf 89' lang='lat' dir='ltr'>seu</span> <span class='ocrx_word' id='word_1_297' title='bbox 1048 4299 1216 4357; x_wconf 84' lang='lat' dir='ltr'>absolutos</span> <span class='ocrx_word' id='word_1_298' title='bbox 1233 4299 1295 4355; x_wconf 86' lang='lat' dir='ltr'>Nos</span> <span class='ocrx_word' id='word_1_299' title='bbox 1318 4298 1413 4370; x_wconf 89' lang='lat' dir='ltr'>igitur</span> <span class='ocrx_word' id='word_1_300' title='bbox 1428 4298 1516 4355; x_wconf 91' lang='lat' dir='ltr'>iustis</span> <span class='ocrx_word' id='word_1_301' title='bbox 1535 4303 1565 4352; x_wconf 91' lang='lat' dir='ltr'>et</span> <span class='ocrx_word' id='word_1_302' title='bbox 1581 4295 1682 4368; x_wconf 90' lang='lat' dir='ltr'>dignis</span> 
     </span>
     <span class='ocr_line' id='line_1_35' title="bbox 415 4402 1681 4478; baseline -0.001 -18"><span class='ocrx_word' id='word_1_303' title='bbox 415 4403 620 4477; x_wconf 91' lang='lat' dir='ltr'>peticionibus</span> <span class='ocrx_word' id='word_1_304' title='bbox 649 4417 758 4460; x_wconf 89' lang='lat' dir='ltr'>eorum</span> <span class='ocrx_word' id='word_1_305' title='bbox 787 4403 932 4469; x_wconf 88' lang='lat' dir='ltr'>inclinati,</span> <span class='ocrx_word' id='word_1_306' title='bbox 964 4410 993 4461; x_wconf 92' lang='lat' dir='ltr'>et</span> <span class='ocrx_word' id='word_1_307' title='bbox 1023 4406 1159 4462; x_wconf 88' lang='lat' dir='ltr'>maxime</span> <span class='ocrx_word' id='word_1_308' title='bbox 1191 4405 1264 4478; x_wconf 91' lang='lat' dir='ltr'>quia</span> <span class='ocrx_word' id='word_1_309' title='bbox 1293 4405 1387 4461; x_wconf 87' lang='lat' dir='ltr'>iidem</span> <span class='ocrx_word' id='word_1_310' title='bbox 1417 4404 1501 4460; x_wconf 87' lang='lat' dir='ltr'>cives</span> <span class='ocrx_word' id='word_1_311' title='bbox 1531 4402 1628 4460; x_wconf 91' lang='lat' dir='ltr'>nostri</span> <span class='ocrx_word' id='word_1_312' title='bbox 1652 4402 1681 4458; x_wconf 91' lang='lat' dir='ltr'>in</span> 
     </span>
     <span class='ocr_line' id='line_1_36' title="bbox 415 4509 1682 4583; baseline -0.002 -17"><span class='ocrx_word' id='word_1_313' title='bbox 415 4509 545 4570; x_wconf 89' lang='lat' dir='ltr'>diversis</span> <span class='ocrx_word' id='word_1_314' title='bbox 569 4509 705 4581; x_wconf 88' lang='lat' dir='ltr'>negociis</span> <span class='ocrx_word' id='word_1_315' title='bbox 735 4510 822 4581; x_wconf 83' lang='lat' dir='ltr'>regni</span> <span class='ocrx_word' id='word_1_316' title='bbox 852 4511 950 4567; x_wconf 89' lang='lat' dir='ltr'>nostri</span> <span class='ocrx_word' id='word_1_317' title='bbox 981 4517 1010 4568; x_wconf 91' lang='lat' dir='ltr'>et</span> <span class='ocrx_word' id='word_1_318' title='bbox 1040 4512 1161 4583; x_wconf 90' lang='lat' dir='ltr'>nostris,</span> <span class='ocrx_word' id='word_1_319' title='bbox 1195 4511 1331 4568; x_wconf 89' lang='lat' dir='ltr'>debitam</span> <span class='ocrx_word' id='word_1_320' title='bbox 1365 4510 1549 4568; x_wconf 89' lang='lat' dir='ltr'>fidelitatem</span> <span class='ocrx_word' id='word_1_321' title='bbox 1579 4513 1682 4566; x_wconf 89' lang='lat' dir='ltr'>sancte</span> 
     </span>
     <span class='ocr_line' id='line_1_37' title="bbox 416 4615 1681 4691; baseline -0.003 -17"><span class='ocrx_word' id='word_1_322' title='bbox 416 4631 527 4674; x_wconf 92' lang='lat' dir='ltr'>corone</span> <span class='ocrx_word' id='word_1_323' title='bbox 551 4621 581 4672; x_wconf 90' lang='lat' dir='ltr'>et</span> <span class='ocrx_word' id='word_1_324' title='bbox 603 4615 694 4672; x_wconf 90' lang='lat' dir='ltr'>nobis</span> <span class='ocrx_word' id='word_1_325' title='bbox 717 4631 841 4688; x_wconf 89' lang='lat' dir='ltr'>semper</span> <span class='ocrx_word' id='word_1_326' title='bbox 864 4617 1078 4688; x_wconf 86' lang='lat' dir='ltr'>exhibuerunt,</span> <span class='ocrx_word' id='word_1_327' title='bbox 1103 4633 1164 4674; x_wconf 92' lang='lat' dir='ltr'>non</span> <span class='ocrx_word' id='word_1_328' title='bbox 1189 4617 1344 4691; x_wconf 89' lang='lat' dir='ltr'>parcendo</span> <span class='ocrx_word' id='word_1_329' title='bbox 1364 4617 1458 4674; x_wconf 89' lang='lat' dir='ltr'>rebus</span> <span class='ocrx_word' id='word_1_330' title='bbox 1481 4621 1510 4672; x_wconf 91' lang='lat' dir='ltr'>et</span> <span class='ocrx_word' id='word_1_331' title='bbox 1533 4615 1681 4689; x_wconf 89' lang='lat' dir='ltr'>personis,</span> 
     </span>
     <span class='ocr_line' id='line_1_38' title="bbox 415 4721 1682 4796; baseline -0.003 -16"><span class='ocrx_word' id='word_1_332' title='bbox 415 4721 590 4796; x_wconf 87' lang='lat' dir='ltr'>inponendo</span> <span class='ocrx_word' id='word_1_333' title='bbox 615 4737 647 4778; x_wconf 90' lang='lat' dir='ltr'>se</span> <span class='ocrx_word' id='word_1_334' title='bbox 672 4729 701 4778; x_wconf 90' lang='lat' dir='ltr'>et</span> <span class='ocrx_word' id='word_1_335' title='bbox 725 4737 797 4778; x_wconf 91' lang='lat' dir='ltr'>suos</span> <span class='ocrx_word' id='word_1_336' title='bbox 820 4721 951 4779; x_wconf 91' lang='lat' dir='ltr'>diversis</span> <span class='ocrx_word' id='word_1_337' title='bbox 975 4724 1097 4781; x_wconf 91' lang='lat' dir='ltr'>casibus</span> <span class='ocrx_word' id='word_1_338' title='bbox 1120 4729 1150 4781; x_wconf 89' lang='lat' dir='ltr'>et</span> <span class='ocrx_word' id='word_1_339' title='bbox 1173 4722 1303 4793; x_wconf 84' lang='lat' dir='ltr'>fortune,</span> <span class='ocrx_word' id='word_1_340' title='bbox 1328 4721 1366 4779; x_wconf 93' lang='lat' dir='ltr'>de</span> <span class='ocrx_word' id='word_1_341' title='bbox 1389 4737 1537 4779; x_wconf 89' lang='lat' dir='ltr'>consensu</span> <span class='ocrx_word' id='word_1_342' title='bbox 1554 4727 1585 4778; x_wconf 90' lang='lat' dir='ltr'>et</span> <span class='ocrx_word' id='word_1_343' title='bbox 1601 4721 1682 4777; x_wconf 90' lang='lat' dir='ltr'>bona</span> 
     </span>
     <span class='ocr_line' id='line_1_39' title="bbox 415 4826 1680 4900; baseline -0.003 -14"><span class='ocrx_word' id='word_1_344' title='bbox 415 4829 574 4886; x_wconf 90' lang='lat' dir='ltr'>voluntate</span> <span class='ocrx_word' id='word_1_345' title='bbox 598 4827 724 4885; x_wconf 90' lang='lat' dir='ltr'>domine</span> <span class='ocrx_word' id='word_1_346' title='bbox 747 4827 861 4900; x_wconf 88' lang='lat' dir='ltr'>regine,</span> <span class='ocrx_word' id='word_1_347' title='bbox 885 4827 1046 4887; x_wconf 85' lang='lat' dir='ltr'>karissime</span> <span class='ocrx_word' id='word_1_348' title='bbox 1069 4830 1220 4887; x_wconf 91' lang='lat' dir='ltr'>consortis</span> <span class='ocrx_word' id='word_1_349' title='bbox 1243 4835 1355 4900; x_wconf 90' lang='lat' dir='ltr'>nostre,</span> <span class='ocrx_word' id='word_1_350' title='bbox 1385 4844 1442 4885; x_wconf 89' lang='lat' dir='ltr'>nec</span> <span class='ocrx_word' id='word_1_351' title='bbox 1464 4842 1525 4884; x_wconf 90' lang='lat' dir='ltr'>nou</span> <span class='ocrx_word' id='word_1_352' title='bbox 1543 4826 1680 4884; x_wconf 90' lang='lat' dir='ltr'>omnium</span> 
     </span>
     <span class='ocr_line' id='line_1_40' title="bbox 419 4932 1683 5008; baseline -0.002 -17"><span class='ocrx_word' id='word_1_353' title='bbox 419 4935 590 4994; x_wconf 86' lang='lat' dir='ltr'>barronum</span> <span class='ocrx_word' id='word_1_354' title='bbox 612 4934 700 5006; x_wconf 89' lang='lat' dir='ltr'>regni</span> <span class='ocrx_word' id='word_1_355' title='bbox 723 4933 820 4990; x_wconf 91' lang='lat' dir='ltr'>nostri</span> <span class='ocrx_word' id='word_1_356' title='bbox 843 4935 933 4992; x_wconf 91' lang='lat' dir='ltr'>nobis</span> <span class='ocrx_word' id='word_1_357' title='bbox 957 4935 1170 5004; x_wconf 89' lang='lat' dir='ltr'>assidencium,</span> <span class='ocrx_word' id='word_1_358' title='bbox 1195 4937 1273 4993; x_wconf 90' lang='lat' dir='ltr'>hanc</span> <span class='ocrx_word' id='word_1_359' title='bbox 1297 4934 1464 5008; x_wconf 90' lang='lat' dir='ltr'>specialem</span> <span class='ocrx_word' id='word_1_360' title='bbox 1487 4933 1623 5006; x_wconf 90' lang='lat' dir='ltr'>graciam</span> <span class='ocrx_word' id='word_1_361' title='bbox 1640 4932 1683 4988; x_wconf 88' lang='lat' dir='ltr'>eis</span> 
     </span>
     <span class='ocr_line' id='line_1_41' title="bbox 424 5037 1684 5115; baseline -0.003 -16"><span class='ocrx_word' id='word_1_362' title='bbox 424 5040 571 5099; x_wconf 84' lang='lat' dir='ltr'>duximus</span> <span class='ocrx_word' id='word_1_363' title='bbox 593 5037 775 5112; x_wconf 79' lang='lat' dir='ltr'>faciendam,</span> <span class='ocrx_word' id='word_1_364' title='bbox 799 5040 883 5113; x_wconf 90' lang='lat' dir='ltr'>quod</span> <span class='ocrx_word' id='word_1_365' title='bbox 906 5041 966 5115; x_wconf 90' lang='lat' dir='ltr'>ipsi</span> <span class='ocrx_word' id='word_1_366' title='bbox 989 5043 1072 5100; x_wconf 87' lang='lat' dir='ltr'>cives</span> <span class='ocrx_word' id='word_1_367' title='bbox 1094 5041 1191 5100; x_wconf 89' lang='lat' dir='ltr'>nostri</span> <span class='ocrx_word' id='word_1_368' title='bbox 1213 5041 1294 5100; x_wconf 83' lang='lat' dir='ltr'>inira</span> <span class='ocrx_word' id='word_1_369' title='bbox 1316 5040 1464 5098; x_wconf 89' lang='lat' dir='ltr'>terminos</span> <span class='ocrx_word' id='word_1_370' title='bbox 1486 5039 1573 5110; x_wconf 86' lang='lat' dir='ltr'>regni</span> <span class='ocrx_word' id='word_1_371' title='bbox 1588 5037 1684 5096; x_wconf 85' lang='lat' dir='ltr'>nostri</span> 
     </span>
    </p>
   </div>
   <div class='ocr_carea' id='block_1_8' title="bbox 0 0 1896 5812">
    <p class='ocr_par' dir='ltr' id='par_1_8' title="bbox 0 0 1896 5812">
     <span class='ocr_line' id='line_1_42' title="bbox 0 0 1896 5812; baseline 0 0"><span class='ocrx_word' id='word_1_372' title='bbox 0 0 1896 5812; x_wconf 95' lang='lat' dir='ltr'> </span> 
     </span>
    </p>
   </div>
  </div>
 </body>
</html>
