3824 5806
659 561 732 618 Dee.
751 556 819 636 363
857 593 892 602 -
919 560 974 616 An.
999 571 1088 635 1392.
1440 574 1499 633 345

234 756 395 821 descriptum
415 770 483 804 anno
506 756 587 817 1489..
600 769 678 804 mauu
691 753 775 810 Pauli,
796 752 929 802 Valentini
945 753 977 800 de
991 753 1110 810 Cbasma,
1128 751 1217 800 clerici
1232 751 1409 816 zagrabiensis
1423 750 1496 799 dioe-

237 844 312 902 cesis,
340 851 401 893 tunc
424 843 581 892 auctoritate
607 841 754 907 apostolica
774 840 870 891 notarii
895 840 1004 905 publici.
1025 840 1054 888 ln
1073 840 1182 888 archivo
1202 855 1257 888 ven.
1278 839 1389 904 capituli
1410 853 1500 902 zagru-

237 932 342 991 biensis,
371 931 431 981 fasc.
454 942 492 980 10.
513 947 550 980 nr.
574 941 611 992 14
640 932 721 980 Adest
749 945 855 993 quoque
884 929 910 978 in
938 935 1103 993 transumpto
1123 927 1233 993 capituli
1256 927 1413 976 chasmensis
1433 925 1501 976 sacto

234 1035 301 1070 anno
324 1031 405 1082 1490..
426 1021 452 1070 iu
472 1019 571 1070 archiv.
594 1035 650 1070 ven.
671 1019 749 1085 capit.
772 1020 876 1084 zagrab.
896 1017 957 1069 fasc.
978 1029 1000 1066 2.
1021 1033 1059 1067 nr.
1080 1022 1120 1076 38.

828 1360 917 1426 363.

342 1522 418 1570 Anno
440 1530 515 1583 1392,
534 1531 575 1580 24.
595 1519 717 1584 Augusti.
736 1518 890 1584 Zagrabiae.

236 1663 408 1733 Lade'slaus,
434 1663 592 1721 Slauom'ae
614 1665 714 1733 banus,
734 1684 768 1722 ue
783 1665 905 1720 dece'euae
920 1665 1151 1721 marture'numm
1167 1671 1196 1720 et
1201 1671 1357 1735 porcorum
1379 1681 1398 1716 a
1421 1662 1503 1718 bune's

238 1772 286 1826 uel
305 1771 445 1827 vicebanis
468 1789 487 1826 a
502 1771 707 1846 jobugionibus
723 1771 826 1827 ct'ue'um
849 1770 1053 1827 Greclrense'um
1069 1771 1099 1826 in
1116 1770 1275 1826 Petroue'na
1298 1775 1326 1826 et
1350 1767 1503 1843 Hrastlya
1530 1837 1537 1848 ι

688 1877 879 1949 exigerentur,
896 1877 1046 1949 praecidit.

328 2035 389 2092 Nos
412 2036 582 2108 Ladislaus,
606 2037 691 2094 filius
716 2037 805 2107 Petri,
830 2038 916 2108 regni
932 2035 1094 2094 Sclauonie
1118 2038 1223 2093 banus.
1249 2033 1397 2091 lllemoric
1421 2049 1504 2090 com·

238 2142 421 2200 mendamus
445 2159 500 2215 per
523 2149 688 2216 presentes
713 2142 797 2214 quod
820 2143 893 2216 quia
908 2159 963 2200 nos
980 2144 1020 2199 ab
1036 2143 1181 2199 omnibus
1198 2140 1356 2198 nobilibus
1372 2149 1402 2196 et
1418 2140 1503 2212 igno·

238 2249 355 2306 bilibus
378 2248 452 2306 dicti
475 2251 563 2320 regni
583 2249 746 2307 Sclauonie
762 2249 792 2306 id
810 2248 1065 2307 certitudinaliter
1087 2248 1277 2315 rescivimus,
1298 2245 1381 2317 quod
1398 2245 1503 2302 nullus

239 2357 337 2413 banus
359 2373 412 2412 seu
434 2355 499 2412 eius
523 2357 690 2413 vicebanus
722 2356 853 2428 predicti
883 2355 970 2426 regni
998 2353 1160 2412 Sclauonie
1183 2369 1201 2409 a
1225 2351 1441 2424 iobagionibus
1464 2351 1505 2408 ci-

239 2461 325 2518 vium
348 2461 481 2518 civitatis
505 2463 618 2518 montis
642 2461 825 2518 Grecbensis
849 2460 888 2517 de
903 2459 1053 2532 Zagrabia
1077 2462 1108 2517 in
1132 2459 1377 2532 possessionibus
1397 2473 1505 2514 eorum

240 2567 402 2624 Petrouina
426 2573 455 2624 et
480 2567 618 2624 Hrascba
642 2568 758 2624 vocatis
781 2574 810 2623 et
834 2568 864 2625 in
888 2567 958 2623 aliis
981 2566 1248 2624 iurisdiccionibus
1265 2566 1403 2638 ipsorum
1421 2578 1505 2619 com·

240 2673 439 2742 morantibus,
465 2673 651 2730 marturinas
674 2681 703 2729 et
727 2671 862 2730 decimas
890 2688 1056 2746 porcorum
1088 2679 1194 2728 contra
1226 2672 1402 2728 libertatem
1425 2669 1505 2728 dicte

237 2779 369 2835 civitatis
393 2779 432 2834 ab
456 2779 583 2850 antiquo
605 2779 813 2851 approbatam
841 2779 999 2850 exegisset,
1024 2794 1078 2835 nec
1095 2793 1150 2850 per
1166 2793 1237 2834 suos
1254 2777 1404 2835 officiales
1421 2779 1502 2848 exigi

240 2881 360 2940 fecisset
383 2892 412 2939 et
436 2883 520 2955 quod
544 2884 739 2941 serenissima
764 2885 906 2958 princeps
931 2884 1056 2941 domina
1074 2884 1177 2953 Maria,
1201 2882 1250 2940 dei
1273 2885 1377 2955 gracia
1399 2886 1505 2956 regina

240 2989 406 3061 Hungarie,
442 2989 610 3060 Dalmacie,
643 2989 770 3047 Croacie
801 2996 863 3060 etc,
897 2990 1022 3048 domina
1052 2997 1155 3047 nostra
1188 2991 1343 3051 naturalis.
1377 2990 1505 3063 predicti

238 3096 322 3167 regni
348 3094 511 3152 Sclauonie
536 3096 623 3152 banis
646 3104 675 3152 et
698 3097 856 3152 vicebanis
879 3113 914 3153 ac
938 3095 1125 3152 officialibus
1145 3095 1323 3152 eorumdem
1343 3103 1413 3152 tunc
1438 3113 1508 3153 con·

238 3201 352 3258 stitutis
384 3209 413 3257 et
444 3201 474 3257 in
508 3200 647 3257 futurum
679 3202 898 3259 constituendis
929 3203 992 3258 suis
1024 3201 1134 3258 litteris
1166 3201 1372 3258 mediantibus
1407 3202 1507 3260 firmis

239 3306 323 3363 dedit
347 3307 377 3363 in
401 3307 563 3378 mandatis,
587 3313 622 3366 ut
645 3309 749 3364 nullus
776 3309 927 3365 banorum
950 3325 1005 3365 nec
1036 3309 1256 3364 vicebanorum
1273 3323 1308 3363 ac
1324 3306 1507 3364 officialium

239 3411 376 3470 eiusdem
401 3415 488 3485 regni
520 3412 690 3477 Sclauonie.
722 3414 818 3471 dictas
851 3414 1036 3470 marturinas
1067 3419 1096 3469 et
1128 3411 1263 3469 decimas
1294 3428 1461 3485 porcorum
1490 3429 1507 3470 a

239 3517 330 3575 dictis
355 3519 571 3590 iobagionibus
594 3520 708 3576 civium
734 3519 944 3592 predictorum
967 3534 1027 3575 non
1051 3519 1207 3590 exigerent
1231 3535 1285 3574 nec
1309 3518 1389 3590 exigi
1408 3517 1507 3576 iacere

242 3631 511 3696 presumpmcrent
542 3625 636 3682 modo
666 3627 804 3698 aliquali,
838 3631 930 3700 prout
960 3625 990 3680 in
1022 3623 1137 3680 eisdem
1170 3624 1279 3680 litteris
1314 3625 1504 3696 reginalibus

240 3745 343 3786 coram
369 3731 459 3787 nobis
482 3730 642 3803 productis
672 3733 754 3788 clare
787 3733 923 3789 vidimus
953 3731 1108 3787 contineri.
1140 3729 1212 3786 ideo
1243 3745 1297 3786 nos
1331 3730 1508 3802 iobagiones

239 3836 379 3908 ipsorum
403 3836 519 3892 civium
543 3837 675 3895 ubilibet
698 3839 727 3894 in
752 3853 860 3895 eorum
887 3837 1130 3911 possessionibus
1147 3843 1177 3893 et
1193 3837 1348 3908 signanter
1372 3837 1401 3892 in
1418 3835 1507 3893 dictis

240 3942 484 4014 possessionibus
521 3942 682 4000 Petrouina
711 3949 741 4000 et
771 3943 908 4000 llrascba
941 3943 1124 4015 nuncupatis
1155 3941 1323 3999 residentes
1346 3942 1377 3998 in
1400 3957 1507 3999 eorum

239 4049 359 4104 iuribus
382 4057 411 4104 et
434 4048 616 4105 libertatum
640 4050 847 4122 prerogativis
870 4051 1009 4106 volentes
1040 4063 1230 4118 conservare,
1254 4049 1366 4105 nostris
1390 4047 1508 4105 officia-

240 4154 322 4210 libus
346 4155 485 4226 ipsorum
510 4155 753 4212 marturinarum
770 4165 799 4212 et
815 4154 1007 4212 decimarum
1033 4169 1200 4227 porcorum
1216 4155 1411 4211 exactoribus
1427 4170 1507 4211 nunc

240 4260 411 4316 constitutis
435 4268 464 4317 et
489 4261 519 4317 in
543 4260 683 4318 futurum
707 4261 927 4318 constituendis
950 4259 1082 4317 firmiter
1105 4260 1338 4329 committentes,
1356 4266 1506 4333 quatenus

240 4364 353 4421 amodo
377 4371 407 4421 et
430 4365 574 4440 deinceps
597 4367 776 4438 iobagiones
803 4373 991 4424 memoratos
1023 4365 1177 4422 dictorum
1208 4366 1325 4423 civium
1357 4367 1387 4424 in
1419 4367 1506 4423 nullo

240 4479 270 4527 et
292 4471 468 4543 specialiter
490 4473 520 4528 in
545 4473 696 4544 exigendo
720 4473 802 4546 ipsas
825 4473 1011 4530 marturinas
1035 4480 1065 4530 et
1088 4472 1223 4529 decimas
1255 4487 1422 4545 porcorum
1450 4473 1509 4529 im·

223 4576 346 4650 'pedire
378 4576 510 4634 debeant
540 4594 595 4634 nec
626 4586 862 4652 presumpmant
893 4578 986 4636 modo
1018 4579 1158 4660 aliquali
1188 4578 1371 4650 quinymmo
1398 4593 1508 4634 manus

240 4691 360 4740 nostras
384 4690 414 4740 et
438 4683 592 4742 dictorum
624 4683 809 4742 officialium
839 4693 1017 4742 nostrorum
1048 4685 1173 4742 omnino
1204 4685 1244 4741 ab
1274 4683 1389 4741 eisdem
1412 4691 1508 4741 retra-

241 4789 355 4859 hentes
381 4789 464 4861 ipsos
496 4790 526 4846 in
558 4805 666 4847 eorum
697 4789 969 4847 consuetudinibus
1000 4790 1135 4863 gaudere
1167 4789 1365 4862 permisimus
1398 4789 1507 4846 harum

242 4903 416 4952 nostrarum
435 4895 609 4952 testimonio
627 4896 817 4964 litterarum;
841 4912 917 4969 quas
941 4897 1116 4969 sigillorum
1135 4904 1311 4953 nostrorum
1334 4896 1376 4952 ob
1399 4897 1507 4953 absen-

242 5000 332 5072 ciam‚
355 5001 461 5072 sigillo
483 5001 597 5059 nobilis
622 5001 681 5058 viri
706 5001 845 5072 magistri
868 5002 970 5059 Dauid
996 5002 1137 5059 vicebani
1154 5009 1184 5059 et
1201 5001 1323 5059 comitis
1346 5002 1443 5059 nostri
1459 5018 1507 5060 za·
