3782 5812
639 1533 1059 1663 ARGUMENTA.

253 1795 277 1835 1.
296 1785 374 1834 Anno
396 1792 523 1849 1093-5.
543 1783 683 1837 Ledislaus
701 1801 750 1837 rex
768 1787 879 1840 consilio
898 1790 1092 1856 episcoporum,
1117 1791 1269 1854 magnatum
1287 1791 1313 1838 et
1331 1801 1377 1838 no·

297 1872 396 1924 hilium
412 1874 501 1923 sedem
520 1872 701 1940 episcopalem
718 1875 866 1942 Zagrabiae
878 1877 1003 1937 instituit,
1016 1876 1093 1940 eique
1107 1875 1135 1926 iu
1148 1875 1236 1927 dotem
1247 1877 1377 1943 populum

298 1961 331 2012 de
349 1961 479 2013 Dubrava
497 1977 556 2013 cum
575 1967 647 2014 terra
666 1969 691 2015 et
709 1963 778 2014 silva
796 1963 942 2032 attingente
961 1964 1062 2016 confert
1080 1989 1371 2006 ·················

250 2061 278 2100 2.
298 2052 375 2100 Anno
399 2059 524 2114 1093-5.
544 2050 685 2102 Ladislans
700 2067 748 2102 rex
767 2051 889 2104 instituto
907 2052 1062 2121 episcopatu
1080 2052 1255 2120 ragrabiensi,
1274 2052 1376 2106 confert

298 2138 418 2205 capitulo
436 2139 601 2206 zagrahiensi
620 2153 709 2191 aream
727 2140 842 2192 vicinam
860 2141 985 2194 eccleciae
1003 2141 1151 2193 cathedrali
1169 2157 1228 2192 cum
1241 2141 1376 2194 adiacente

298 2242 401 2294 piscina
407 2253 1374 2273 ·······················································

256 2326 282 2376 3,
301 2319 380 2367 Anno
402 2326 530 2380 1093—5.
550 2315 690 2368 Ladislaus
715 2333 764 2368 rex
783 2318 887 2370 confert
911 2319 1030 2387 capitulo
1054 2319 1219 2386 ragrahiensi
1245 2318 1272 2368 in
1291 2319 1381 2371 dotem

298 2404 394 2456 villam
411 2419 550 2456 serrorum
568 2405 618 2474 „de
636 2405 687 2456 suh
706 2405 839 2458 montibus
858 2403 1093 2474 zagrabieustbust
1100 2431 1376 2448 ················

253 2506 280 2554 4
300 2495 378 2544 Anno
400 2495 483 2556 1198,
506 2501 545 2544 11.
564 2493 637 2546 maii.
657 2494 777 2545 Andreas
802 2495 961 2556 Dalmatiae,
983 2495 1106 2547 croatiae
1126 2501 1152 2547 et
1171 2495 1297 2546 Hulmiae
1317 2497 1380 2556 dux,

301 2581 401 2632 tribuit
420 2581 545 2632 ecclesiae
563 2582 731 2650 zagrabiensi
750 2585 859 2650 ejusque
879 2584 1005 2652 episcopo
1022 2585 1071 2643 ius,
1090 2583 1114 2636 si
1132 2583 1192 2648 quis
1210 2584 1328 2650 aliquem
1346 2601 1380 2636 ex

299 2669 426 2720 ecclesiae
444 2669 560 2720 subditis
578 2669 606 2720 in
625 2685 730 2722 cansam
749 2687 846 2726 vocare
871 2673 945 2732 velit,
965 2673 1000 2724 iis
1018 2679 1049 2724 nt
1067 2673 1101 2723 ab
1119 2672 1244 2739 episcopo
1264 2674 1306 2725 vel
1324 2675 1380 2740 ejus

299 2757 460 2810 anctoritate
479 2758 622 2810 constituto
638 2760 735 2826 judice,
754 2761 898 2812 dirimatur
904 2785 1375 2804 ···························

256 2857 281 2907 5.
299 2850 377 2898 Anno
399 2857 474 2898 1201.
495 2847 641 2900 Territorii
660 2848 840 2916 ragrahiensis
858 2850 1006 2901 cathedrali
1026 2850 1151 2900 ecclesiae
1170 2849 1317 2916 antiquitus
1336 2851 1381 2902 do·

300 2936 358 2988 nati
377 2937 569 2988 collustrantur
588 2942 673 2988 metae
692 2943 719 2988 et
737 2937 812 3004 regia
831 2939 990 2990 auctoritate
1009 2937 1184 2990 stabiliuntur
1191 2965 1376 2980 ···········

255 3027 281 3080 6.
300 3027 379 3077 Circa
397 3040 455 3076 ann.
478 3035 553 3084 1215.
582 3026 730 3092 Stephanus
749 3026 769 3078 1.
797 3027 938 3095 episcopus
964 3028 1042 3079 offert
1067 3027 1187 3094 capitulo
1215 3029 1381 3095 ragrabiensi

300 3115 335 3164 ad
350 3129 514 3165 communem
533 3129 646 3166 mensam
667 3116 793 3166 ducentos
813 3131 909 3182 porcos
928 3123 954 3167 ct
973 3117 1086 3168 totidem
1104 3116 1216 3168 cubulos
1236 3117 1294 3168 viui
1299 3143 1377 3160 ·····

1394 1695 1491 1752 Parrus

1468 1976 1479 2017 l

1469 2243 1484 2284 2

257 3213 282 3260 ’1.
301 3206 379 3255 Auno
399 3212 475 3259 1217.
493 3203 648 3270 Zagrabiae.
668 3205 789 3255 Andreas
808 3203 842 3256 If.
862 3205 1019 3272 Hungariae
1037 3210 1087 3256 etc.
1107 3219 1155 3256 rex
1173 3205 1381 3271 profisciscendo
1475 3217 1479 3224 ·

300 3295 336 3345 ad
354 3299 452 3345 terram
470 3299 594 3352 sanctam,
613 3293 761 3360 Zagrablae
780 3305 882 3344 moram
900 3294 1013 3352 trahens,
1039 3293 1177 3344 ecclesiam
1203 3295 1382 3347 cathedralem

299 3399 348 3451 per
367 3384 506 3450 episcopos
524 3383 644 3434 dedicari
672 3384 810 3435 constituit
830 3390 856 3436 et
875 3383 964 3435 omnia
982 3383 1039 3434 eius
1058 3383 1203 3450 privilegia
1220 3383 1376 3436 confirmat·

259 3473 283 3524 8.
303 3475 378 3524 Anno
400 3480 475 3528 1217.
495 3473 616 3522 Andreas
634 3471 670 3522 11.
692 3472 813 3538 llungar.
835 3477 885 3524 etc.
904 3487 961 3530 rex,
981 3471 1113 3539 praecipit
1131 3472 1267 3524 salinariis
1286 3489 1384 3544 „super

301 3561 442 3614 liarisinm
461 3561 597 3620 fluvium“,
616 3566 647 3612 nt
665 3561 698 3610 de
716 3561 817 3612 salibus
836 3560 967 3625 aquaticis
986 3561 1181 3627 quinquaginta
1204 3575 1307 3612 marcas
1327 3561 1383 3613 effi·

302 3651 379 3713 ciens,
400 3651 533 3702 canonicis
552 3653 642 3702 eccles.
661 3650 767 3717 ragrab.
787 3650 927 3716 quotannis
946 3656 1006 3701 ante
1025 3650 1121 3702 festum
1133 3667 1153 3702 s.
1167 3651 1293 3718 Stephani
1311 3651 1383 3720 regis

302 3742 406 3792 solvant
424 3745 504 3805 atque
525 3738 684 3806 Zagrabianr
711 3753 795 3804 nsque
824 3739 967 3805 deportent
973 3764 1371 3781 ·······················

302 3847 379 3898 Anno
400 3855 475 3902 1217.
494 3845 628 3898 Ecclesiae
647 3845 795 3897 cathedrali
807 3845 914 3912 eagrab.
928 3845 1068 3912 praedium
1082 3846 1190 3896 Gremla
1202 3860 1252 3912 pro
1265 3845 1381 3896 eruendis

303 3935 385 3988 cereis
404 3935 540 3986 confertur
547 3959 659 3974 ·······
672 3949 678 3961 ·
690 3959 1376 3976 ·······································

260 4057 285 4106 9.
304 4044 380 4092 Anno
402 4050 477 4096 1227.
497 4052 539 4104 20.
559 4043 630 4108 Aug.
657 4039 811 4107 Zagrabiae.
841 4039 975 4099 Nicolans,
998 4040 1069 4090 filius
1093 4040 1167 4091 Petri
1196 4041 1228 4090 de
1248 4039 1383 4107 Lndhreg,

305 4131 450 4198 Zagrabiae
470 4130 593 4190 existens,
612 4128 802 4196 possessionem
823 4129 928 4194 ,Vralji
947 4126 1013 4193 laa“,
1039 4143 1098 4179 cunr
1125 4144 1146 4179 s.
1165 4128 1293 4194 Stephani
1311 4129 1383 4194 regis

304 4219 431 4272 solemnia
451 4219 478 4270 in
497 4217 606 4269 ecclesia
625 4217 743 4268 cathedr.
762 4216 917 4282 agebantur,
936 4216 1054 4282 capitulo
1073 4217 1152 4267 offert
1159 4241 1378 4258 ·············

247 4318 286 4360 10.
305 4310 381 4358 Anno
404 4315 480 4363 1227.
499 4305 652 4372 Zagrabiae.
681 4298 831 4372 Stephanus
849 4305 882 4355 ll.
902 4305 1041 4372 episcopus
1066 4304 1172 4370 ragrab.
1192 4303 1294 4354 confert
1313 4301 1383 4368 capi·

304 4397 361 4447 tulo
380 4395 546 4462 zagrabiensi
572 4398 716 4460 proventus
744 4393 907 4443 decimarum
934 4391 1038 4443 cultelli
1066 4392 1173 4458 aagrab.
1201 4393 1243 4441 Ad
1262 4391 1384 4441 ditandas

304 4483 491 4535 canonicorum
504 4498 604 4534 mensas
617 4483 698 4533 donat
713 4481 831 4547 capitulo
845 4481 960 4532 decimas
973 4481 1005 4531 de
1016 4480 1127 4538 Gercha‚
1140 4481 1268 4530 ducentos
1281 4494 1383 4546 porcos,

305 4575 430 4623 ducentos
449 4572 561 4624 cubulos
580 4571 643 4630 vini,
662 4571 817 4634 curiamque
836 4583 910 4620 suam
928 4593 1379 4610 ··························

247 4671 286 4713 11.
304 4663 380 4712 Anno
402 4669 477 4720 1231.
505 4661 623 4710 Andreas
641 4659 677 4711 11.
705 4660 860 4726 Hungariae
886 4663 934 4708 etc.
964 4674 1019 4716 rex,
1048 4657 1176 4717 Thomac,
1203 4656 1260 4708 filio
1280 4655 1384 4706 comitis

304 4749 463 4809 Machariae,
482 4755 594 4816 propter
614 4747 755 4799 fidelitates
773 4763 840 4806 suas,
860 4753 967 4814 praeter
986 4747 1052 4798 alias
1079 4746 1262 4813 possessiones.
1282 4743 1384 4798 confert

305 4845 404 4890 terram
423 4853 483 4889 cnm
501 4839 578 4897 silva,
598 4852 664 4902 quae
684 4836 789 4887 fuerant
808 4836 873 4886 olim
892 4835 1055 4902 piscatorum
1074 4833 1284 4901 zagrabiensium
1301 4859 1378 4872 ·····

249 4935 288 4977 12.
307 4928 382 4978 Anno
403 4936 477 4986 1235.
498 4926 653 4992 Zagrabiae.
683 4924 831 4990 Stephanus
850 4923 886 4974 11.
904 4923 1043 4990 episcopus
1068 4921 1255 4989 ragrabicnsis,
1282 4919 1384 4971 confert

305 5017 423 5080 capitulo
442 5017 572 5066 terrulam
591 5015 723 5077 <luendam
742 5013 775 5062 de
796 5011 937 5079 Podgoria,
966 5011 1076 5062 servitio
1098 5017 1185 5061 tamen
1204 5009 1253 5060 illo
1272 5015 1383 5068 retento,

305 5110 334 5154 ut
352 5119 366 5152 a
385 5103 505 5169 capitulo
524 5105 612 5154 oletum
631 5101 768 5152 chrismati
787 5115 871 5152 annue
890 5101 1067 5151 consecrando
1080 5099 1256 5151 necessarium
1270 5097 1385 5148 dimidia

305 5205 391 5242 marca
409 5191 469 5252 emi,
488 5189 699 5257 Zagrabiamqne
719 5189 858 5256 deportari
877 5189 973 5239 debeat
979 5212 1376 5228 ·······················
