3728 5806
657 576 824 686 Qffl·
853 609 889 620 -
915 576 999 686 1¹?-
995 589 1084 685 1332.
1441 589 1500 648 333

237 766 311 850 (vid.
338 791 383 831 nr.
409 788 478 846 352.
503 790 582 832 anno
610 789 700 849 1391,
726 773 753 831 8.
777 765 978 849 novembris.)
1000 773 1063 830 Nos
1083 773 1179 844 igitur
1193 771 1410 828 amicabilibus
1427 771 1503 843 peti-

237 879 377 936 cionibus
401 879 514 952 prefati
537 879 655 936 domini
686 881 799 937 Mathie
827 880 976 952 prepositi
999 885 1129 952 propter
1153 878 1271 935 bonum
1296 879 1409 951 pacis.
1434 923 1439 932 .
1465 923 1471 935 .
1496 923 1501 934 .

236 990 413 1056 annuentes
444 987 602 1043 hominem
633 992 772 1042 nostrum
804 985 948 1042 videlicet
971 984 1188 1042 honorabilem
1212 985 1316 1040 virum
1339 983 1500 1040 dominum

235 1088 363 1148 Gallum
389 1092 640 1150 archidiaconum
666 1092 704 1148 de
730 1091 874 1164 Baranya‚
903 1091 1020 1148 socium
1045 1095 1075 1146 et
1099 1091 1338 1146 concanonicum
1362 1094 1501 1146 nostrum

235 1195 468 1256 adridendum
499 1199 685 1272 premissam
716 1197 953 1255 iuramentalem
977 1196 1205 1269 deposicionem
1229 1195 1376 1253 modoet
1401 1195 1502 1252 iorma

234 1304 266 1360 in
298 1303 388 1362 dictis
419 1304 530 1362 litteris
562 1304 637 1361 dicti
669 1303 787 1362 domini
812 1304 927 1360 Mathie
950 1302 1101 1376 prepositi
1124 1302 1237 1360 habitis
1264 1309 1293 1358 et
1317 1304 1501 1376 expressatis

234 1414 342 1467 nostro
374 1425 431 1484 pro
463 1411 639 1468 testimonio
671 1410 899 1468 transmisimus
933 1407 1132 1480 fidedignum.
1157 1407 1219 1480 Qui
1244 1407 1366 1466 tandem
1391 1408 1501 1465 exinde

233 1516 273 1572 ad
297 1509 365 1593 (nos
388 1533 530 1574 reversus
552 1532 588 1574 ac
612 1533 668 1590 per
690 1507 809 1592 omnes)
832 1511 996 1588 diligenter
1018 1515 1184 1586 requisitus
1207 1515 1297 1572 nobis
1321 1515 1426 1572 retulit
1455 1531 1500 1570 se·

235 1622 316 1679 riose
337 1623 368 1680 in
391 1623 472 1680 hunc
494 1623 633 1692 modum,
658 1622 740 1694 quod
765 1623 830 1694 ipse
852 1620 929 1678 feria
951 1626 1038 1678 sexta
1057 1621 1209 1693 proxima,
1226 1621 1371 1677 videlicet
1387 1625 1497 1677 octavo

233 1727 284 1784 die
307 1726 377 1784 sesti
401 1727 627 1801 purificacionis
651 1729 780 1800 virginis
804 1728 939 1800 gloriose
962 1743 1042 1784 nunc
1066 1727 1208 1800 proxime
1221 1727 1368 1800 preteriti,
1386 1725 1496 1798 Zagra-

233 1835 319 1892 biam
342 1839 371 1892 et
395 1834 433 1891 ad
454 1835 614 1892 ecclesiam
638 1835 735 1892 sancti
758 1835 839 1906 regis
859 1833 1007 1907 Stephani
1031 1833 1069 1890 de
1090 1832 1199 1890 eadem
1223 1833 1299 1889 hora
1323 1832 1497 1901 termarum,

232 1941 309 1998 hora
334 1941 451 1998 scilicet
474 1955 585 2012 magne
609 1941 702 1997 misse
725 1940 909 2012 accessisset,
934 1940 1040 2012 ibique
1063 1954 1169 1997 coram
1193 1939 1260 2012 ipso
1285 1943 1394 1996 et.toto
1411 1937 1494 1995 clero

233 2091 452 2104 ........
476 2046 506 2103 io
530 2047 690 2119 presencia
712 2046 923 2120 plurimorum
946 2045 1100 2102 nobilium
1121 2050 1151 2102 et
1167 2045 1339 2118 proborum
1357 2043 1496 2101 virorum

232 2158 262 2208 et
298 2153 453 2224 signanter
487 2167 593 2209 coram
626 2157 657 2209 et
688 2152 717 2209 in
749 2153 909 2224 presencia
934 2151 1144 2225 procuratoris
1169 2151 1352 2224 preallegati
1375 2149 1494 2206 domini

231 2259 380 2341 Johannis
412 2257 558 2332 episcopi,
590 2257 735 2316 videlicet
764 2257 921 2340 Johannis
952 2257 1011 2314 filii
1038 2255 1167 2329 Mykech
1190 2257 1310 2314 comitis
1334 2263 1364 2313 et
1387 2256 1497 2313 iudicis

231 2364 270 2421 de
293 2364 379 2436 Vgra
400 2371 431 2422 et
452 2364 636 2436 Chucherya
666 2343 703 2422 ac
731 2365 847 2421 nobilis
875 2363 1023 2446 Johannis
1054 2362 1092 2420 de
1123 2361 1220 2420 Zenth
1254 2408 1259 2420 .
1284 2407 1289 2418 .
1314 2407 1319 2419 .
1344 2407 1350 2420 .
1382 2361 1420 2418 ad
1452 2363 1496 2420 vi·

230 2469 366 2528 dendum
390 2471 599 2528 iuramentum
622 2469 855 2543 infrascriptum
887 2470 1000 2543 deponi
1025 2486 1058 2526 cr
1081 2513 1329 2526 .........
1351 2467 1497 2525 videlicet

230 2576 374 2633 dominus
397 2563 590 2634 Leonardus‘
607 2575 645 2634 de
669 2576 832 2646 Penzaur0‚
869 2575 1062 2633 decretorum
1087 2574 1195 2631 doctor
1218 2573 1368 2646 egregius
1392 2573 1497 2631 kathe-
1529 2612 1532 2620 -

230 2681 326 2739 dralis
356 2689 386 2739 et
416 2681 590 2756 Stephanus
619 2681 657 2739 de
680 2682 800 2754 Veychi
826 2681 1041 2749 varasdiensis‚
1064 2679 1280 2749 archidiaconi,
1306 2679 1410 2736 etalii
1434 2679 1496 2737 duo

233 2787 392 2860 simplices
416 2789 553 2845 canonici
576 2789 709 2846 scilicet:
734 2787 890 2844 Barnabas
906 2787 1047 2857 Mykonis
1063 2791 1092 2842 et
1113 2785 1261 2842 Martinus
1277 2800 1407 2857 magnus
1429 2831 1434 2842 .
1460 2831 1465 2842 .
1489 2832 1495 2842 .

229 2939 444 2951 ........
469 2895 499 2951 in
529 2896 624 2952 choro
660 2895 757 2968 ipsius
792 2893 918 2951 ecclesie
955 2892 1171 2966 suprapeliciis
1195 2891 1292 2948 induti
1317 2884 1359 2968 (et
1382 2891 1494 2948 stolam

228 3000 261 3058 in
287 3001 369 3057 collo
392 3006 422 3058 et
445 2993 601 3078 manibus)
625 3007 785 3074 gestantes,
817 3001 847 3056 in
871 2999 971 3057 stallis
995 2999 1130 3072 propriis
1154 2998 1239 3055 chori
1264 2998 1343 3055 dicte
1368 2999 1495 3056 ecclesie

228 3107 345 3178 stende,
371 3123 465 3181 supra
489 3107 578 3164 dictis
601 3107 729 3165 decimis
753 3106 791 3164 de
816 3107 989 3164 Dauidolch
1013 3122 1048 3162 ac
1064 3111 1147 3163 recta
1162 3111 1192 3162 et
1210 3107 1313 3178 equali
1330 3105 1494 3163 medietate

228 3213 420 3271 decimarum
442 3213 481 3271 de
503 3214 601 3271 vineis
623 3213 769 3271 territorii
793 3213 854 3270 vici
878 3212 1068 3282 Latinorum,
1092 3212 1166 3269 item
1190 3227 1284 3284 super
1302 3212 1421 3284 campis
1440 3211 1494 3268 Ba·

227 3320 424 3394 kanyapolya
446 3325 476 3376 et
500 3319 613 3392 Ztruga
636 3364 765 3378 .....
790 3320 866 3394 ipso,
883 3317 945 3376 duo
968 3317 1087 3375 domini
1111 3319 1141 3375 in
1165 3317 1367 3390 dignitatibus
1390 3318 1493 3392 positi,

227 3427 343 3485 scilicet
367 3473 372 3484 .
396 3472 402 3484 .
427 3473 433 3483 .
457 3473 462 3483 .
487 3431 589 3484 custos
612 3442 648 3482 ac
671 3427 725 3484 alii
748 3425 810 3482 duo
826 3425 964 3482 canonici
982 3423 1163 3499 prebendati
1186 3423 1351 3498 simplices,
1376 3425 1494 3482 scilicet

225 3534 380 3616 Johannes
397 3524 445 3611 (L)
463 3531 617 3590 Ancelloti
630 3533 761 3589 vicarius
777 3533 808 3590 in
832 3532 1046 3605 spiritualibus
1069 3531 1166 3604 ipsius
1198 3530 1315 3588 domini
1345 3531 1493 3613 Johannis

226 3640 364 3714 episcopi
379 3639 586 3712 zagrabiensis
609 3639 769 3711 generalis,
787 3644 816 3696 et
834 3637 978 3696 Nicolaus
993 3637 1149 3720 Johannis,
1167 3638 1340 3710 Hungarus,
1362 3637 1493 3710 cingulis

226 3740 405 3824 (dissolutis,
422 3745 555 3819 pedibus
575 3745 774 3814 discalceatis,
795 3735 961 3820 capitibus)
985 3743 1107 3801 nudatis
1131 3743 1169 3800 de
1193 3743 1301 3801 eadem
1333 3749 1414 3801 terra
1437 3744 1492 3801 Ba·

225 3851 422 3926 kanyapolya
438 3859 469 3910 et
484 3853 515 3909 in
531 3850 609 3908 facie
627 3852 724 3925 ipsius
740 3845 834 3930 (terre
850 3842 1102 3926 Bakonyapolya)
1119 3851 1259 3923 ipsorum
1276 3851 1427 3920 manibus,
1444 3866 1493 3907 ca·

226 3959 344 4032 pitibus
366 3957 511 4031 propriis,
535 3959 579 4015 sic
601 3963 635 4014 ut
658 3957 837 4030 predicitur,
861 3957 946 4014 horis
961 3961 1065 4014 tamen
1089 3955 1240 4014 distinctis
1264 3955 1314 4013 die
1329 3960 1491 4030 prenotato

225 4064 427 4138 imponentes,
450 4073 521 4138 post
544 4079 609 4122 sese
630 4063 827 4122 iureiurando
844 4065 995 4120 iurassent
1010 4067 1040 4120 et
1056 4063 1263 4120 iuramentum
1278 4063 1418 4136 ipsorum
1439 4062 1492 4120 de·

224 4169 399 4244 posuissent
413 4169 508 4227 modo
525 4163 620 4247 (quod
638 4169 746 4228 eedem
762 4169 880 4227 decime
896 4168 934 4226 de
950 4169 1129 4227 Dauidoucz
1148 4160 1302 4246 absolute)
1318 4175 1348 4226 et
1372 4169 1402 4225 in
1426 4173 1491 4227 toto

224 4291 259 4333 ac
282 4291 339 4348 per
361 4277 465 4334 omnia
483 4277 542 4349 ipsi
558 4276 694 4349 capitulo
712 4281 743 4334 et
756 4277 897 4350 ipsorum
914 4290 1019 4351 mense
1035 4269 1211 4352 (capitulari
1228 4279 1258 4332 et
1273 4267 1346 4351 non)
1363 4274 1490 4332 domino

224 4382 370 4456 episcopo
393 4397 449 4440 nec
473 4397 576 4439 mense
600 4382 771 4456 episcopali
798 4383 830 4440 in
845 4382 953 4454 aliqua
968 4388 1056 4455 parte
1072 4379 1212 4437 debende
1229 4380 1297 4446 sint,
1313 4380 1372 4438 nisi
1387 4382 1488 4438 solum

224 4487 385 4546 dumtaxat
408 4487 468 4562 ipsi
493 4487 631 4561 capitulo
654 4489 794 4562 ipsorum
817 4503 921 4545 mense
937 4487 1109 4560 capitulari,
1130 4486 1258 4559 dempta
1273 4487 1340 4543 sola
1355 4487 1489 4560 simplici

224 4601 334 4668 quarta
357 4593 395 4651 de
419 4594 517 4650 vineis
540 4594 702 4651 hominum
726 4593 928 4652 Grecensium
952 4598 1071 4650 tantum
1095 4598 1125 4650 et
1148 4607 1208 4650 non
1231 4593 1366 4650 aliorum
1390 4639 1396 4649 .
1421 4637 1426 4650 .
1452 4639 1457 4649 .
1481 4637 1487 4650 .

224 4746 439 4759 ........
464 4699 626 4757 recollitur
648 4716 706 4773 pro
728 4701 850 4758 lectore.
875 4699 1017 4757 Preterea
1039 4705 1122 4757 recta
1145 4705 1175 4756 et
1197 4699 1317 4771 equalis
1337 4697 1487 4756 medietas

223 4809 414 4866 decimarum
450 4801 501 4886 (de
527 4799 638 4884 vineis)
680 4807 827 4864 territorii
855 4807 917 4864 vici
957 4806 1138 4863 Latinorum
1171 4806 1247 4879 ipsis
1285 4805 1419 4863 dominis
1450 4806 1488 4863 de

223 4914 305 4971 dicto
328 4913 466 4987 capitulo
489 4913 679 4984 zagrabiensi
701 4921 731 4970 et
754 4913 918 4986 quartariis
942 4914 1028 4971 iuxta
1051 4917 1164 4970 statuta
1187 4912 1336 4986 ipsorum.
1361 4918 1395 4970 ut
1417 4929 1489 4986 pre-

223 5019 328 5090 fertur,
359 5019 472 5077 debent
503 5021 656 5092 pertinere
686 5025 716 5076 et
739 5020 973 5092 pertinuerunt;
1002 5020 1075 5076 item
1099 5019 1201 5092 campi
1225 5025 1254 5075 et
1278 5025 1358 5076 terre
1383 5019 1480 5077 Bako-
