3728 5806
372 561 431 634 308
788 557 862 615 Doc.
880 571 955 633 33ο.
982 589 1018 598 —
1042 556 1098 613 An.
1122 549 1211 631 1387.

369 761 500 830 aparte
530 771 759 828 cognoscamus,
791 755 875 828 quod
906 755 932 812 si
955 754 1073 811 dictum
1099 751 1273 826 capitulum
1294 751 1337 807 sic
1360 748 1440 807 sorte
1464 748 1638 820 perveniret

370 862 410 920 ad
433 877 543 920 manus
574 864 716 935 ipsorum
747 862 933 932 emulorum,
957 866 1058 918 totum
1081 873 1212 932 regnum
1235 856 1398 916 Sclauonie
1421 854 1585 924 lederetur,
1608 858 1639 910 et

370 985 464 1044 super
494 970 598 1028 omnia
629 969 697 1043 ipsa
727 970 835 1026 civitas
866 967 1157 1026 Montiscresscentis
1180 965 1302 1040 penitus
1325 962 1498 1030 deleretur;
1524 959 1639 1017 idcirco

370 1091 464 1150 super
486 1077 545 1134 isto
569 1075 768 1149 providentes
792 1075 882 1132 vobis
905 1079 936 1132 et
958 1077 1098 1131 vestrum
1121 1071 1249 1129 cuilibet
1270 1070 1330 1128 sub
1353 1083 1433 1142 pena
1447 1065 1639 1125 infidelitatis

371 1182 561 1255 precipimus
592 1187 621 1238 et
652 1181 845 1252 mandamus,
876 1185 1027 1253 quatenus
1057 1192 1132 1235 mox
1156 1177 1231 1234 visis
1253 1175 1449 1250 presentibus
1472 1171 1512 1230 ad
1535 1172 1638 1244 ipsum

370 1287 542 1360 capitulum
575 1286 754 1344 festinanter
785 1285 976 1344 descendatis
1006 1291 1036 1342 et
1067 1285 1171 1358 ipsum
1201 1297 1328 1339 murum
1352 1280 1418 1338 sive
1440 1279 1638 1353 paliugarum

370 1391 541 1450 scindentes
564 1391 712 1450 radicitus
735 1392 878 1450 evellatis
901 1397 932 1448 et
952 1391 1096 1448 evulsum
1119 1389 1159 1446 ad
1183 1387 1293 1446 domos
1316 1392 1435 1444 vestras
1454 1384 1639 1458 deportetis;

370 1497 455 1556 aliud
480 1499 558 1556 sicut
580 1499 717 1571 graciam
741 1497 911 1570 reginalem
935 1501 965 1554 et
987 1495 1231 1554 marchionalem
1255 1499 1362 1551 contra
1378 1507 1434 1550 vos
1450 1507 1511 1549 non
1527 1491 1639 1564 cupitis

371 1604 530 1676 indignari.
561 1604 677 1661 Datum
708 1605 738 1661 in
772 1603 1045 1672 Montecresscenti,
1070 1601 1120 1658 die
1143 1602 1246 1674 prima
1269 1600 1385 1657 marcii.
1409 1599 1499 1655 Anno
1522 1596 1640 1654 domini

371 1711 540 1767 millesimo
563 1709 756 1767 CCCLXXX
780 1710 921 1783 septimo
1209 1757 1215 1782 ,

462 1845 602 1909 Originale
622 1845 649 1894 in
668 1845 766 1902 charta,
786 1845 812 1893 in
831 1859 884 1908 qua
905 1842 1082 1908 fragmentum
1108 1843 1229 1908 appressi
1254 1842 1377 1906 quadrati
1403 1841 1496 1906 sigilli.
1519 1840 1549 1890 ln
1568 1839 1639 1889 arch.

374 1935 454 1984 Acad.
474 1933 569 1984 Scient.
589 1934 691 1984 Slavor.
712 1933 804 1983 merid.

460 2055 552 2104 Edidit
578 2055 668 2110 eciam,
693 2057 739 2104 scd
763 2057 887 2105 mendose
914 2055 997 2105 Balth.
1023 2055 1183 2104 Kerchelich
1205 2055 1232 2103 in
1252 2069 1297 2104 sua
1317 2053 1430 2103 historia
1448 2055 1509 2102 eccl.
1530 2053 1638 2118 zagrab.

371 2161 429 2210 pag.
453 2151 508 2203 147.
530 2144 649 2194 Farllati.
669 2144 736 2194 Illir.
758 2145 827 2194 Sacr.
848 2145 880 2192 V.
900 2161 925 2209 p.
945 2158 1004 2205 444

958 2427 1050 2493 330.

478 2593 554 2638 Anno
576 2589 650 2646 1387,
671 2597 693 2642 7.
715 2587 836 2652 Augusti.
857 2587 1024 2653 Kaproncae.

375 2715 553 2786 Sigr'snzundr'
574 2716 752 2788 Hungarioc
775 2722 822 2771 etc.
851 2717 926 2788 regis
950 2714 1121 2772 mandatum
1144 2713 1178 2770 de
1201 2713 1410 2771 introducendis
1432 2713 1541 2770 cior'bus
1563 2711 1639 2770 Gre-

574 2821 721 2878 chcnsibus
744 2821 775 2877 in
790 2823 994 2894 possessionem
1021 2820 1197 2877 Petrouinae
1220 2827 1248 2876 et
1268 2819 1425 2894 Hrastlzja.

461 2983 679 3056 sigismundus
702 2981 752 3040 dei
775 2983 878 3054 gracia
901 2999 957 3040 rex
976 2983 1120 3056 Vrgente,
1139 2983 1309 3052 Dalmacie‚
1325 2983 1452 3040 Croacie
1469 2987 1524 3040 etc.
1540 2981 1643 3055 adque

371 3091 510 3148 marchio
533 3089 850 3162 Brandemburgensis
873 3096 926 3148 etc.
959 3089 1118 3146 Fidelibus
1139 3089 1202 3145 suis
1225 3089 1362 3162 capitulo
1386 3089 1513 3146 ecclesie
1536 3103 1643 3160 zagra-

372 3197 486 3253 biensis
519 3196 651 3252 salutem
683 3201 712 3252 et
743 3197 888 3266 graciam.
920 3196 1000 3254 Cum
1030 3210 1086 3252 nos
1113 3193 1265 3267 quasdam
1289 3195 1498 3268 possessiones
1521 3201 1642 3252 nostras

373 3304 535 3360 Petrouina
560 3308 589 3358 et
611 3302 751 3359 Hrascha
775 3308 907 3374 vocatas
931 3302 969 3358 ad
994 3307 1130 3359 castrum
1152 3307 1294 3358 nostrum
1318 3299 1417 3370 Seleu,
1437 3301 1500 3357 alio
1516 3301 1642 3358 nomine

372 3409 519 3480 Chychan
549 3415 704 3478 vocatum,
737 3410 933 3481 pertinentes,
965 3408 1105 3481 providis
1137 3408 1212 3464 viris
1243 3407 1345 3476 iudici,
1381 3407 1488 3463 iuratis
1517 3413 1547 3463 et
1574 3407 1642 3463 uni·

373 3516 470 3572 versis
508 3515 629 3572 civibus
660 3515 793 3572 civitatis
825 3521 927 3572 nostre
962 3513 1124 3572 Grecensis
1155 3513 1193 3570 dc
1225 3513 1376 3585 Zagrabia
1407 3528 1466 3586 pro
1502 3513 1642 3584 ipsorum

373 3621 519 3677 fidelibus
543 3621 689 3690 serviciis,
714 3620 921 3677 mediantibus
949 3620 1018 3677 aliis
1042 3620 1153 3676 litteris
1177 3621 1290 3676 nostris
1314 3619 1466 3690 vigorosis
1489 3625 1642 3692 perpetuo

374 3727 612 3794 contulerimus;
643 3725 713 3783 ideo
743 3726 887 3784 fidelitati
918 3731 1020 3784 vestre
1049 3725 1181 3783 firmiter
1213 3724 1413 3798 precipiendo
1447 3723 1640 3792 mandamus7

374 3840 523 3904 quatenus
555 3837 695 3889 vestrum
726 3833 855 3889 mittatis
885 3832 1044 3889 hominem
1072 3846 1130 3904 pro
1154 3832 1330 3888 testimonio
1353 3831 1553 3903 fidedignum‚
1578 3845 1642 3903 quo

375 3943 526 4010 presente,
556 3937 684 4008 Egidius
715 3938 915 4006 theotonicus,
947 3937 1132 3995 castellanus
1163 3937 1202 3994 de
1233 3936 1316 3994 dicto
1338 3943 1439 3994 castro
1460 3935 1564 4008 Selyn.
1588 3937 1639 3994 vel

375 4043 465 4114 iwan,
498 4043 582 4100 filius
611 4042 755 4115 Gregorii
776 4043 814 4099 de
846 4044 1023 4112 Lomnicha,
1052 4045 1151 4101 altero
1181 4044 1316 4114 absente,
1348 4044 1442 4100 homo
1465 4049 1575 4112 noster,
1600 4043 1642 4100 ad

375 4148 485 4206 faciem
502 4149 657 4206 dictarum
673 4150 902 4223 possessionum
920 4149 1028 4208 vicinis
1044 4157 1073 4206 et
1089 4151 1308 4208 commetaneis
1324 4151 1387 4207 suis
1400 4150 1551 4207 universis
1563 4150 1642 4206 inibi

373 4256 525 4327 legittime
558 4257 733 4313 convocatis
764 4262 794 4312 et
817 4257 1011 4329 presentibus
1034 4255 1214 4326 accedendo,
1239 4255 1412 4313 introducat
1435 4255 1533 4313 dictos
1556 4257 1641 4314 cives

372 4367 493 4418 nostros
516 4362 547 4418 in
570 4360 743 4420 dominium
766 4361 918 4420 dictarum
941 4363 1179 4436 possessionum,
1196 4367 1370 4434 statuatque
1382 4361 1506 4418 easdem
1522 4361 1641 4419 eisdem

372 4468 485 4524 nostris
517 4467 638 4525 civibus
670 4469 727 4525 sub
759 4469 912 4542 premisso
936 4469 1002 4526 iure
1025 4474 1129 4526 nostre
1151 4483 1231 4525 nove
1255 4467 1432 4526 donacionis
1456 4467 1547 4524 titulo
1570 4483 1643 4540 per·

373 4579 467 4646 petuo
491 4573 700 4646 possidendas,
724 4576 832 4632 sinon
856 4574 950 4633 fuerit
973 4574 1214 4643 contradictum;
1245 4573 1485 4632 contradictores
1506 4589 1591 4644 vero,
1614 4573 1643 4632 si

374 4679 427 4751 qui
451 4678 572 4748 fuerint,
596 4681 668 4736 citet
690 4680 816 4737 eosdem
832 4687 938 4739 contra
961 4686 1121 4738 annotatos
1144 4681 1227 4738 cives
1250 4687 1371 4738 nostros
1395 4681 1427 4737 in
1448 4680 1642 4754 presenciam

374 4793 513 4842 nostram
536 4784 576 4841 ad
607 4786 775 4842 terminum
805 4793 1040 4860 competentem,
1074 4788 1229 4844 racionem
1254 4785 1507 4845 contradiccionis
1530 4801 1641 4844 eorum

374 4891 559 4960 reddituros
583 4897 612 4948 et
635 4892 763 4964 posthec
786 4892 882 4964 ipsius
906 4894 1145 4966 possessionarie
1160 4893 1398 4952 introduccionis
1415 4899 1444 4950 et
1459 4893 1641 4950 statucionis

374 4997 487 5056 seriem
519 4997 570 5054 vel
601 4997 726 5054 nomina
756 4997 1017 5055 contradictorum
1045 5005 1074 5055 et
1097 4999 1270 5066 citatorum,
1293 5000 1320 5056 si
1343 5001 1398 5071 qui
1420 4998 1542 5072 fuerint
1566 5017 1641 5060 cum
