3728 5806
620 569 693 626 Doc.
717 579 787 648 254.
814 603 850 612 -
874 569 930 627 An.
954 580 1042 646 1372.

785 761 872 828 254.

298 885 376 932 Anno
399 889 472 942 1372,
495 891 533 932 10.
553 883 650 934 martii.
671 883 701 934 In
720 884 860 950 visegrad.

214 991 380 1049 ludovicus
401 993 578 1064 Hungarine
600 1001 647 1051 etc.
671 994 903 1062 annuntiantis
929 997 1052 1069 singulis
1074 997 1162 1070 festis
1184 1015 1205 1054 s.
1229 995 1443 1069 Murgantiae

460 1101 490 1156 in
512 1099 646 1156 suburbio
675 1099 834 1158 Greclnnsi
853 1100 1045 1171 celebrandas,
1068 1102 1197 1160 concedit.

282 1225 347 1283 Nos
370 1225 544 1283 Lodouicus
568 1225 618 1284 dei
640 1227 744 1298 gracia
774 1243 829 1284 rex
860 1229 1027 1301 Hungarie,
1050 1229 1186 1300 Polonie,
1219 1229 1380 1287 Dalmacie
1403 1233 1459 1286 etc.

192 1329 411 1403 Significamus
434 1337 539 1388 tenore
561 1333 756 1406 presencium
784 1334 898 1406 quibus
930 1333 1056 1408 expedit
1085 1335 1246 1407 universis,
1278 1334 1362 1408 quod
1386 1335 1459 1408 quia

191 1453 247 1494 nos
270 1454 309 1495 ex
334 1438 431 1495 nostri
461 1438 539 1510 regii
561 1438 721 1509 regiminis
743 1438 848 1496 officio
872 1440 962 1497 nobis
985 1440 1133 1498 divinitus
1165 1440 1282 1498 credito
1306 1441 1387 1498 circa
1409 1455 1462 1497 co·

192 1543 286 1601 moda
309 1549 340 1601 et
363 1543 511 1601 utilitates
539 1544 700 1602 civitatum
731 1551 907 1602 nostrarum
939 1546 1092 1619 regalium
1119 1546 1276 1605 attendere
1299 1551 1329 1604 et
1351 1547 1460 1618 invigi-

191 1650 257 1707 lare
280 1657 431 1720 tenemur,
453 1655 487 1706 ut
509 1649 620 1724 populi
644 1651 674 1707 in
698 1650 815 1708 eisdem
839 1653 1002 1710 existentes
1026 1653 1104 1710 sicut
1119 1667 1249 1710 numero
1273 1653 1317 1710 sic
1338 1657 1369 1710 et
1384 1651 1461 1710 fide·

191 1756 278 1813 litate
302 1761 481 1829 augeantur,
505 1755 685 1829 discantque
716 1759 775 1814 sub
803 1757 943 1832 principe
974 1758 1111 1829 glorioso
1136 1757 1282 1816 devocius
1307 1757 1460 1820 famulari.

191 1861 230 1918 de
264 1861 444 1935 eisdemque
479 1863 607 1919 materia
638 1863 764 1920 honoris
794 1870 824 1921 et
855 1863 972 1921 fructus
1005 1865 1167 1937 proveniat
1194 1865 1278 1936 regie
1308 1865 1461 1922 maiestati

191 1968 342 2024 utilitatis
368 1968 433 2024 Hac
456 1969 558 2040 itaque
574 1968 821 2026 consideracione
842 1969 934 2041 ducti,
951 1971 1112 2042 potissime
1128 1971 1227 2028 eciam
1250 1970 1289 2028 ad
1314 1970 1460 2028 devotam

192 2079 221 2130 et
253 2074 466 2130 humillimam
499 2075 764 2148 supplicacionem
804 2075 991 2133 venerabilis
1028 2077 1125 2149 patris
1160 2075 1279 2134 domini
1314 2077 1463 2160 Johannis

192 2180 332 2252 episcopi
355 2181 555 2251 wachyensis,
577 2181 685 2237 vicarii
709 2181 796 2252 regni
820 2179 984 2238 Sclauonie
1007 2183 1170 2253 generalis
1193 2182 1297 2240 dilecti
1313 2189 1343 2240 et
1358 2183 1462 2240 fidelis

192 2287 299 2356 nostri,
322 2301 382 2358 pro
405 2291 492 2359 parte
516 2285 657 2342 fidelium
681 2287 797 2344 civium
821 2293 852 2343 et
869 2287 1026 2361 hospitum
1043 2294 1220 2345 nostrorum
1237 2289 1369 2345 civitatis
1385 2287 1460 2346 Gre-

192 2391 291 2447 censis
323 2397 427 2448 nostre
450 2391 625 2450 celsitudini
650 2399 834 2466 porrectam,
866 2393 904 2450 de
934 2399 1038 2450 nostre
1063 2394 1147 2466 regie
1179 2394 1377 2465 benignitatis
1400 2393 1461 2451 lar·

192 2497 287 2569 gitlua
310 2497 474 2554 clementia
497 2502 527 2554 et
550 2500 656 2569 gracia
686 2499 813 2572 speciali
845 2499 997 2558 nundinas
1028 2515 1081 2556 seu
1113 2499 1218 2557 forum
1240 2515 1377 2558 annuum
1401 2501 1461 2558 sin-

191 2603 275 2675 gulis
308 2603 395 2660 annis
418 2603 449 2660 in
472 2603 603 2675 singulis
627 2603 845 2662 festivitatibus
869 2606 957 2662 beate
981 2607 1152 2678 Margarete
1177 2605 1306 2678 virginis
1322 2611 1353 2662 et
1380 2621 1461 2662 mar·

191 2709 259 2766 tiris
283 2715 313 2766 et
335 2709 405 2767 aliis
428 2707 538 2766 diebus
562 2708 601 2766 ad
624 2711 684 2767 hoc
706 2709 939 2782 sufficientibus,
964 2710 1111 2768 videlicet
1135 2715 1204 2769 octo
1220 2710 1330 2769 diebus
1353 2727 1460 2784 prece-

192 2814 339 2874 dentibus
362 2821 392 2872 et
415 2820 484 2872 octo
508 2816 775 2889 subsequentibus,
807 2817 974 2874 simulcum
1006 2817 1208 2890 exempcione
1230 2817 1421 2874 tributorum
1443 2833 1461 2873 a

192 2923 287 2978 rebus
311 2927 341 2978 et
363 2922 519 2978 mercibus
544 2927 754 2979 mercatorum
785 2921 824 2980 ad
856 2923 938 2996 ipsas
968 2921 1120 2980 nundinas
1152 2921 1368 2996 undecumque
1391 2937 1462 2980 con·

192 3025 359 3084 lluencium
381 3027 440 3084 sub
464 3027 581 3085 eisdem
603 3028 810 3100 libertatibus
835 3027 965 3101 legibus,
996 3028 1277 3101 consvetudinibus,
1301 3029 1409 3086 usibus
1432 3033 1462 3086 et

193 3135 400 3207 prerogativis
423 3135 454 3192 in
480 3133 562 3192 dicta
586 3134 710 3192 civitate
733 3143 838 3192 nostra
861 3133 1008 3193 Greccnsi
1031 3133 1241 3208 celebrandas,
1265 3137 1323 3193 sub
1347 3135 1461 3209 quibus

194 3239 299 3299 lorum
323 3241 454 3299 annuale
477 3258 531 3300 seu
555 3241 690 3300 nundine
716 3241 748 3300 in
779 3242 956 3300 civitatibus
985 3243 1098 3300 nostris
1121 3241 1255 3300 Budensi
1278 3247 1308 3300 et
1331 3242 1462 3300 Albensi

194 3347 399 3420 celebrantur,
424 3347 570 3406 duximus
594 3352 745 3422 perpetuo
769 3346 930 3405 annuendo
954 3347 1174 3420 concedendas,
1192 3349 1256 3406 sine
1272 3347 1376 3406 tamen
1391 3364 1461 3422 pre·

194 3454 309 3511 iudicio
331 3455 465 3512 aliarum
488 3455 697 3512 nundinarum
721 3454 809 3526 regni
832 3455 936 3512 nostri.
960 3455 1024 3512 Vos
1047 3455 1141 3527 igitur
1164 3455 1325 3513 universos
1345 3469 1462 3512 merca·

194 3566 276 3618 tores
298 3567 329 3617 et
351 3560 430 3617 alios
453 3561 611 3633 quoslibet
634 3560 770 3618 forenses
794 3561 935 3618 homines
958 3576 1030 3617 cum
1053 3561 1147 3617 rebus
1176 3559 1461 3618 mercimoniallbus

194 3666 394 3740 procedentes
417 3681 629 3724 assecuramus
652 3673 682 3724 et
705 3666 871 3724 allidamus
895 3682 951 3740 per
974 3673 1139 3740 presentes,
1170 3670 1320 3738 quatenus
1336 3665 1376 3723 ad
1393 3681 1461 3739 pre·

194 3771 292 3830 dictas
312 3772 464 3830 nundinas
486 3789 541 3830 seu
564 3772 669 3830 forum
696 3774 827 3830 annuale
858 3773 889 3830 in
920 3772 1002 3829 dicta
1033 3771 1157 3828 civitate
1186 3776 1292 3828 nostra
1315 3769 1461 3829 Grecensi

194 3878 324 3950 singulis
347 3879 434 3934 annis
458 3879 488 3935 in
511 3877 591 3936 festo
614 3879 703 3936 beate
734 3879 906 3950 Margarete
937 3877 1066 3948 virginis
1097 3892 1135 3934 ex
1166 3881 1271 3934 nostra
1293 3875 1462 3934 annuencia

194 3983 347 4041 celebrari
370 3985 551 4042 commissas
575 4000 645 4042 cum
674 3984 819 4041 omnibus
848 3983 942 4041 rebus
972 3988 1003 4039 et
1033 3982 1190 4039 mercibus
1220 3981 1331 4039 vestris
1354 3997 1461 4038 secure

194 4089 325 4147 veniatis
348 4095 378 4146 et
401 4091 631 4162 negociaciones
655 4094 772 4146 vestras
796 4090 828 4146 in
851 4089 1065 4162 empcionibus
1097 4093 1127 4145 et
1158 4085 1391 4144 vendicionibus
1414 4103 1461 4144 re·

194 4211 264 4253 rum
288 4201 463 4254 vestrarum
486 4196 585 4254 libere
606 4195 773 4253 exerceatis
794 4195 825 4252 in
849 4193 975 4265 eisdem,
998 4195 1192 4268 peractisque
1222 4193 1299 4250 inibi
1319 4194 1462 4265 negocia-

195 4302 335 4359 cionibus
358 4303 470 4359 vestris
493 4301 532 4359 ad
555 4303 684 4374 propria
708 4303 758 4358 vel
782 4300 822 4358 ad
845 4303 907 4358 alia
930 4299 1007 4370 loca,
1032 4315 1091 4372 que
1122 4298 1255 4370 tenditis,
1279 4299 1408 4373 pacifice
1431 4306 1461 4357 et

196 4409 298 4481 quiete
322 4407 504 4482 procedatis
528 4408 624 4466 salvis
648 4409 759 4464 vestris
782 4407 922 4480 personis
945 4412 1038 4478 atque
1064 4405 1158 4462 rebus
1180 4405 1239 4462 sub
1261 4411 1367 4462 nostra
1388 4421 1461 4478 pro·

195 4516 330 4572 teccione
353 4521 383 4572 et
406 4515 502 4572 tutela
525 4515 660 4588 speciali.
691 4514 728 4571 Et
759 4514 818 4571 hoc
847 4513 995 4570 volumus
1026 4512 1143 4586 ubique
1174 4512 1205 4568 in
1236 4509 1311 4569 foris
1335 4518 1365 4569 et
1384 4511 1462 4569 locis

196 4621 330 4694 publicis
354 4620 461 4694 palam
485 4619 585 4678 lacere
609 4619 811 4694 promulgari.
842 4619 959 4675 Datum
990 4619 1020 4674 in
1052 4615 1226 4690 Vissegrad,
1251 4616 1328 4675 feria
1351 4623 1462 4691 quarta

195 4728 340 4799 proxima
363 4732 433 4801 post
458 4726 646 4783 dominicam
670 4727 785 4783 Letare.
809 4724 901 4782 Anno
924 4725 1043 4783 domini
1059 4723 1228 4782 millesimo
1244 4723 1322 4780 CCC
1338 4729 1460 4798 septua-

196 4833 314 4904 gesimo
337 4831 479 4890 secundo

283 4931 424 4998 Originale
444 4931 470 4981 in
489 4931 647 4981 membrana.
661 4933 684 4980 Α
697 4935 774 4996 tergo
787 4946 867 4996 super
880 4929 969 4980 verbis
981 4929 1108 4998 „Relacio
1121 4929 1242 4994 magistri
1255 4927 1388 4979 Francisci
1402 4928 1460 4994 phi·

195 5015 260 5067 sici“
280 5019 422 5084 vestigium
438 5019 557 5084 appressi
571 5019 680 5069 maioris
694 5019 785 5084 sigilli.
806 5019 837 5068 ln
855 5019 954 5069 archiv.
975 5019 1020 5068 lib.
1040 5033 1096 5083 reg.
1116 5018 1165 5068 civ.
1184 5019 1289 5084 zagrab.

1341 5121 1356 5154 ψ
