3600 5804
758 577 830 638 Dor.
853 591 920 656 215.
945 575 1013 637 216.
1041 611 1077 621 -
1102 579 1159 636 An.
1184 575 1276 656 1348.

980 775 1060 842 215.

497 920 573 968 Anno
595 918 669 980 1348,
687 916 728 967 26.
746 915 869 983 januarii.
886 915 1024 968 Avinione.

480 1047 607 1107 Urbano
630 1049 745 1106 Mathei
767 1046 806 1104 de
829 1047 988 1120 Zagrabia,
1011 1045 1158 1103 canonico
1172 1046 1373 1118 zagrabiensi,
1389 1061 1407 1104 a
1424 1045 1566 1120 pontifice
1584 1046 1643 1103 Cle

391 1158 494 1211 mente
517 1153 567 1211 Vl.
590 1153 774 1228 providetur
797 1153 835 1211 de
858 1153 1038 1211 canonicatu
1062 1157 1092 1208 et
1113 1151 1289 1224 praebenda
1313 1152 1404 1210 huius
1427 1153 1578 1210 ecclesiae.

479 1287 654 1340 A..Theiner.
674 1287 744 1338 Mon.
765 1288 854 1352 Hung.
874 1287 934 1338 hist.
954 1285 973 1336 1.
995 1301 1018 1352 p.
1040 1294 1097 1342 772.

984 1534 1066 1600 216.

499 1679 575 1726 Anno
596 1675 671 1736 1348,
694 1683 731 1733 13.
751 1673 848 1724 martii.
868 1673 1021 1740 Zagrabiae.

431 1804 561 1880 Jacobus
583 1801 661 1877 episc.
679 1802 796 1876 zagrab.
812 1810 937 1875 poenam
962 1809 1063 1860 contra
1087 1803 1229 1876 litigiosos
1251 1805 1400 1862 canonicos
1419 1813 1447 1862 et
1463 1805 1613 1862 sacerdotes

949 1909 1099 1966 constituit

481 2056 515 2113 In
538 2056 661 2113 nomine
684 2054 810 2113 domini.
834 2056 942 2112 Amen.
965 2053 1100 2137 Jacobus
1123 2051 1173 2110 dei
1196 2059 1226 2110 et
1257 2054 1426 2127 apostolice
1449 2055 1531 2112 sedis
1553 2055 1646 2126 gracia

394 2163 558 2235 episcopus
572 2161 786 2232 zagrabiensis.
803 2161 963 2219 Universis
979 2161 1172 2233 presencium
1189 2160 1334 2217 noticiam
1351 2161 1504 2218 habituris
1527 2161 1648 2218 salutem

393 2269 425 2325 in
441 2267 567 2325 domino
583 2247 812 2341 sempiternam,
830 2266 923 2324 Sacre
939 2266 1092 2339 scripture
1107 2266 1291 2335 testimonio,
1308 2267 1388 2323 circa
1404 2267 1547 2324 subditos
1561 2268 1649 2324 inesse

394 2373 486 2430 debet
509 2374 681 2430 rectoribus
705 2379 735 2430 et
757 2373 835 2430 iuste
858 2373 1021 2430 consulens
1046 2371 1258 2429 misericordia
1281 2376 1311 2428 et
1334 2373 1385 2445 pie
1415 2374 1537 2431 seviens
1565 2373 1646 2430 disci·

394 2479 488 2552 plina,
513 2485 548 2535 ut
569 2480 608 2535 sit
629 2495 718 2537 amor
740 2479 822 2536 circa
845 2495 905 2549 eos,
928 2477 983 2534 sed
1006 2492 1067 2535 non
1083 2478 1249 2546 emoliens;
1269 2479 1308 2535 sit
1323 2479 1416 2551 rigor,
1440 2479 1494 2536 sed
1512 2495 1649 2538 11011111-

394 2601 541 2658 sperans;
564 2587 604 2642 sit
626 2586 734 2658 pietas,
757 2584 810 2642 sed
834 2600 895 2642 non
918 2585 991 2658 plus
1014 2599 1110 2656 quam
1133 2582 1259 2656 expedit
1281 2599 1419 2657 parcens
1447 2585 1497 2642 Ad
1521 2592 1651 2642 nostrum

395 2692 505 2764 itaque,
529 2691 613 2764 quod
637 2690 778 2748 dolenter
794 2689 967 2756 referimus,
989 2691 1130 2764 pervenit
1145 2689 1296 2760 auditum,
1312 2691 1396 2763 quod
1412 2692 1493 2748 inter
1509 2691 1652 2765 quosdam

394 2795 505 2854 1111115
528 2803 649 2854 nostros
671 2797 710 2854 de
733 2797 870 2870 capitulo
892 2797 1084 2868 zagrabiensi
1108 2796 1138 2853 in
1162 2798 1341 2854 chasmense
1378 2798 1452 2854 talia
1475 2797 1653 2871 quandoque

395 2904 493 2976 iurgia
517 2909 546 2960 et
568 2905 782 2960 contenciones
805 2904 955 2972 oriuntur,
978 2919 1016 2959 ex
1040 2903 1154 2975 quibus
1173 2903 1213 2959 ad
1229 2905 1326 2960 uerba
1342 2903 1549 2977 obprobriose
1565 2905 1650 2961 nimis

395 3003 570 3066 1111111111
595 3011 748 3083 vituperia
771 3025 832 3066 non
856 3011 920 3066 sine
942 3011 1031 3080 gravi
1054 3009 1201 3067 scandalo
1225 3011 1420 3083 pervenitur3
1443 3011 1503 3068 nisi
1525 3027 1598 3084 ergo
1615 3017 1653 3068 ta·

395 3116 478 3172 libus
501 3115 835 3189 conpetentiremedio
858 3121 1045 3185 occurratur,
1070 3116 1162 3187 longe
1190 3131 1307 3189 peyora
1330 3132 1368 3172 ex
1391 3117 1451 3173 hiis
1471 3117 1650 3190 quandoque

395 3227 538 3294 poterant
560 3224 691 3280 evenire.
715 3221 818 3295 Quare
841 3222 980 3278 volentes
1004 3228 1111 3278 contra
1134 3223 1197 3292 hec,
1222 3226 1255 3278 ut
1278 3228 1425 3287 tenemur,
1450 3224 1481 3280 in
1506 3229 1649 3296 quantum

396 3333 441 3384 est
464 3329 554 3385 nobis
576 3328 616 3386 ad
639 3345 765 3402 presens
788 3328 937 3401 possibile
960 3326 1108 3385 adhibere
1124 3326 1288 3396 medelam,
1305 3329 1390 3385 omni
1407 3343 1468 3400 qua
1493 3343 1651 3402 possumus

397 3433 590 3492 districcione
613 3435 825 3507 prohibemus,
849 3450 887 3490 ne
910 3433 948 3490 de
970 3440 1071 3491 cetero
1093 3433 1207 3506 aliquis
1231 3449 1269 3489 ex
1293 3432 1441 3491 iratribus
1462 3436 1576 3492 nostris
1591 3451 1652 3508 pre-

397 3539 487 3597 dictis
510 3541 560 3598 vel
584 3541 665 3598 alter
687 3541 875 3614 quicumque
899 3540 937 3597 de
970 3541 1054 3597 clero
1085 3545 1260 3596 nostrarum
1292 3540 1500 3612 zagrabiensis
1524 3547 1554 3597 et
1577 3541 1654 3597 chas-

398 3647 511 3704 mensis
535 3647 743 3716 ecclesiarum,
766 3647 902 3704 clericali
918 3645 1070 3703 modestia
1087 3646 1266 3718 postposita,
1284 3653 1499 3719 presumpmat
1515 3647 1654 3704 excedere

398 3752 428 3808 in
452 3753 617 3826 premissis.
641 3752 837 3825 Quicumque
860 3759 964 3809 autem
984 3768 1021 3808 ex
1045 3751 1192 3825 predictis
1216 3750 1364 3808 fratribus
1379 3753 1495 3810 nostris
1510 3754 1606 3811 alium
1621 3769 1653 3810 ex

398 3858 514 3916 eisdem
537 3858 683 3916 suadente
706 3858 843 3930 dyabolo
866 3858 973 3930 agredi
1001 3873 1092 3915 ausus
1124 3857 1216 3915 fuerit
1244 3858 1349 3915 verbis
1372 3857 1589 3932 obprobriosis
1609 3859 1653 3916 111

398 3965 596 4038 vituperiosis
619 3971 673 4021 aut
695 3966 764 4022 aliis
780 3966 934 4023 iniuriosis
950 3965 1137 4035 notabiliter,
1154 3979 1267 4038 penam
1283 3963 1451 4021 solucionis
1466 3966 1565 4022 trium
1582 3980 1653 4022 mar·

398 4086 513 4140 carum,
537 4077 659 4127 monete
683 4086 741 4144 pro
763 4078 903 4144 tempore
927 4071 1085 4140 currentis,
1108 4071 1245 4127 incurrat
1269 4071 1338 4143 ipso
1362 4069 1452 4142 fact0,
1476 4087 1536 4144 pro
1559 4077 1653 4129 nostra

399 4192 521 4233 camera
555 4176 693 4234 faciende
717 4183 747 4234 et
771 4178 962 4235 tantumdem
986 4177 1145 4248 obligetur
1167 4177 1224 4248 illi,
1248 4191 1342 4250 quem
1366 4175 1540 4248 offenderit,
1561 4179 1586 4236 si
1607 4191 1653 4251 pa·

399 4283 513 4339 cienter
535 4283 595 4339 sibi
617 4283 737 4340 illatam
762 4284 905 4341 iniuriam
928 4283 1142 4357 supportabit;
1165 4282 1220 4339 sed
1243 4283 1269 4340 si
1294 4299 1327 4340 se
1350 4283 1520 4340 vindicabit
1544 4285 1652 4356 absque

400 4387 610 4446 moderamine
634 4390 789 4462 inculpate
812 4391 914 4463 tutele,
938 4405 974 4446 eo
997 4405 1068 4447 casu
1093 4389 1152 4446 sibi
1175 4389 1271 4446 nichil
1305 4391 1427 4463 penitus
1450 4389 1607 4461 debeatur,
1627 4393 1653 4444 et

398 4495 617 4552 nichilominus
640 4511 753 4568 penam
786 4497 951 4553 solucionis
981 4496 1211 4570 suprapositam
1243 4511 1302 4569 pro
1329 4496 1494 4554 medietate
1518 4497 1652 4562 incurrat,

400 4609 503 4658 nostre
525 4617 649 4662 camare
672 4601 865 4676 applicande.
896 4603 956 4674 Qui
988 4579 1063 4662 1110
1094 4601 1132 4660 de
1163 4603 1248 4660 clero
1278 4603 1458 4661 earumdem
1485 4611 1651 4662 nostrarum

400 4708 607 4779 ecclesiarum,
630 4707 785 4765 inferioris
807 4707 930 4780 gradus,
961 4708 1099 4782 aliquem
1131 4725 1170 4767 ex
1200 4709 1348 4784 predictis
1380 4709 1529 4768 fratribus
1553 4707 1652 4769 nostris

401 4816 559 4888 premissis
576 4815 694 4872 iniuriis
710 4815 760 4870 vel
776 4815 882 4887 aliqua
897 4831 936 4871 ex
951 4814 1068 4872 eisdem
1084 4816 1230 4886 affecerit,
1247 4817 1335 4888 penis
1350 4816 1538 4890 supradictis
1555 4815 1652 4874 eodem

401 4920 494 4978 modo
518 4921 675 4978 subiaceat
698 4935 735 4977 eo
758 4920 841 4994 ipso;
865 4919 957 4994 quod,
974 4921 1000 4978 si
1016 4937 1109 4994 quem
1125 4937 1144 4979 a
1160 4922 1317 4980 solucione
1333 4923 1513 4980 huiusmodi
1529 4925 1561 4981 in
1575 4925 1652 4996 parte

401 5005 451 5084 111
476 5027 506 5084 in
530 5031 594 5084 toto
617 5027 719 5099 inopia
755 5033 922 5096 excusaret,
957 5028 1026 5084 talis
1057 5029 1144 5100 penis
1168 5029 1237 5086 aliis
1267 5027 1422 5101 affligatur
1453 5044 1512 5102 pro
1536 5025 1652 5088 arbitrio
