3600 5804
371 537 408 594 62
800 535 872 592 Dor.
896 547 942 610 72.
971 568 1007 576 -
1034 535 1090 592 An.
1115 532 1206 610 1289.

371 639 466 645 ——.
479 639 1369 648 —-—.—.-.—-——-—-—-—-.—-—-—-—-—-.

369 732 502 789 inclusas
526 731 662 802 donavit,
686 733 815 790 contulit
840 739 869 789 et
892 734 1061 804 assignavit
1084 738 1212 806 propter
1234 736 1445 793 reverenciam
1471 737 1558 793 beate
1572 737 1627 793 vir·

369 837 448 908 ginis
471 837 635 910 animeque
657 854 710 894 sue
734 839 775 894 ob
798 838 971 896 remedium
995 847 1024 895 et
1047 839 1179 896 salutem
1204 839 1311 897 domui
1335 845 1364 898 et
1385 842 1550 898 conventui
1565 858 1627 914 pre

370 943 523 1001 dictorum
555 945 776 1002 heremitarum
807 945 873 1002 iure
906 951 1056 1018 perpetuo
1089 946 1341 1003 inrevocabiliter
1374 947 1576 1020 possidendas
1604 955 1631 1004 et

369 1050 534 1107 habendas.
558 1049 698 1122 Quarum
723 1051 946 1123 particularum
972 1051 1072 1124 prima
1097 1057 1178 1108 meta
1201 1052 1280 1108 sicut
1309 1051 1381 1109 dicti
1406 1051 1517 1110 fratres
1540 1055 1631 1110 nostri

369 1156 559 1228 inspexerint
581 1161 611 1213 et
634 1157 724 1212 nobis
746 1157 909 1213 retulerint
935 1157 1042 1229 incipit
1065 1158 1106 1214 ab
1134 1163 1203 1214 ortu
1227 1159 1302 1215 solis
1325 1174 1344 1215 a
1367 1158 1503 1231 quadam
1524 1160 1631 1216 arbore

368 1263 454 1319 nucis
491 1263 576 1319 iuxta
609 1263 694 1320 viam
729 1277 883 1334 magnam,
917 1261 987 1319 inde
1018 1263 1188 1336 procedens
1220 1279 1328 1321 versus
1358 1265 1549 1322 occidentem
1580 1281 1633 1338 per

369 1367 498 1426 eandem
530 1369 614 1426 viam
647 1383 793 1441 magnam
824 1370 908 1425 venit
936 1368 974 1425 ad
1005 1371 1100 1426 aliam
1128 1371 1274 1428 arborem
1301 1372 1395 1443 nude,
1426 1388 1444 1428 a
1473 1373 1631 1444 quainter

368 1476 451 1548 ipsas
473 1481 569 1532 terras
592 1474 749 1532 donaticas
773 1481 803 1532 et
828 1480 925 1532 terras
947 1481 1115 1533 castrenses
1135 1476 1239 1534 Rados
1255 1478 1380 1549 scilicet,
1397 1479 1455 1536 filii
1471 1477 1628 1537 Gerdeslrh

369 1589 399 1638 et
429 1580 604 1653 Gerdyzlai,
635 1581 693 1638 filii
725 1580 910 1652 Gerdozlaii‚
941 1583 1026 1640 venit
1056 1582 1097 1639 ad
1128 1585 1256 1642 arbores
1284 1586 1370 1642 nucis
1391 1584 1541 1654 novellas,
1564 1585 1631 1642 inde

368 1703 476 1745 versus
508 1687 670 1744 meridiem
701 1703 758 1760 per
788 1686 937 1744 fossatum
969 1690 1131 1762 antiquum
1152 1685 1318 1748 ascendens
1341 1691 1426 1748 venit
1448 1690 1487 1748 ad
1513 1693 1629 1747 vineam

369 1793 437 1853 Gan
461 1795 549 1852 latini
571 1801 601 1851 et
624 1795 765 1868 pervenit
788 1793 828 1851 ad
851 1795 934 1852 viam
952 1801 1089 1852 veterem
1105 1795 1145 1852 ad
1161 1796 1299 1870 lapidem
1315 1798 1425 1854 album
1444 1799 1525 1854 circa
1542 1813 1628 1870 quem

368 1905 439 1958 sunt
461 1907 523 1960 tres
554 1900 681 1958 arbores
715 1907 864 1972 castaneo
898 1900 968 1958 inde
999 1917 1056 1974 per
1086 1903 1216 1960 eandem
1239 1904 1325 1961 viam
1348 1904 1379 1961 in
1403 1904 1498 1960 latere
1522 1904 1629 1960 montis

368 2021 476 2064 versus
499 2007 649 2064 orientem
673 2006 843 2079 procedens
867 2007 951 2064 venit
973 2005 1012 2063 ad
1036 2007 1182 2064 arborem
1197 2009 1259 2081 piri
1274 2010 1365 2066 sitam
1381 2025 1399 2066 a
1417 2009 1535 2066 dextris
1550 2009 1629 2066 iuxta

368 2113 468 2186 ipsam
492 2114 585 2183 viam,
609 2112 680 2169 inde
703 2111 890 2170 descendens
913 2128 1021 2170 versus
1044 2115 1297 2186 septemtrionem
1320 2116 1405 2172 venit
1427 2115 1466 2172 ad
1489 2117 1630 2172 arborem

368 2225 515 2290 castanee‚
540 2235 558 2276 a
581 2235 642 2292 qua
664 2220 808 2276 similiter
831 2219 1044 2276 descendendo
1076 2220 1115 2276 ad
1140 2219 1291 2278 fossatum
1314 2227 1343 2278 et
1366 2221 1406 2278 ad
1430 2229 1546 2279 terram
1568 2237 1630 2279 ara-

367 2325 465 2382 bilem
496 2326 638 2398 pervenit
668 2325 705 2382 ad
739 2326 877 2398 priorem
907 2333 1031 2382 metam.
1060 2327 1231 2384 Astiterunt
1254 2329 1351 2385 eciam
1375 2327 1464 2385 dictis
1486 2327 1630 2385 iratribus
1656 2359 1658 2364 ·

367 2432 480 2488 nostris
511 2430 680 2504 supradicti
711 2431 813 2488 Rados
846 2440 876 2488 et
907 2431 1098 2502 Gerdyzlaus
1130 2435 1333 2491 commetanei
1364 2435 1444 2492 dicte
1468 2439 1557 2504 terre,
1581 2434 1633 2507 qui

367 2537 522 2610 predictas
555 2544 652 2593 metas
672 2546 771 2594 rectas
802 2543 832 2594 et
855 2538 950 2594 iustas
973 2539 1130 2610 habentes,
1150 2556 1241 2597 suum
1265 2555 1447 2598 consensum
1469 2540 1632 2597 collacioni

368 2642 545 2700 huiusmodi
569 2644 633 2700 sine
658 2643 904 2701 contradiccione
927 2645 1126 2717 prebuerunt.
1162 2647 1196 2704 In
1219 2647 1305 2703 cuius
1328 2647 1372 2703 rei
1396 2647 1583 2703 memoriam
1604 2650 1633 2702 et

368 2749 583 2807 certitudinem
606 2750 801 2822 presentibus
824 2749 863 2806 ad
887 2750 1069 2808 instanciam
1094 2753 1234 2825 parcium
1258 2751 1398 2824 sigillum
1421 2756 1563 2809 nostrum
1580 2750 1634 2808 du·

367 2857 469 2912 ximus
499 2855 727 2930 apponendum.
761 2855 876 2912 Datum
910 2857 1016 2928 quinta
1047 2856 1123 2914 feria
1155 2859 1299 2931 proxima
1321 2864 1392 2932 post
1415 2857 1529 2916 festum
1553 2859 1635 2916 beati

367 2962 527 3020 Michaelis
550 2963 734 3034 archangeli.
768 2963 858 3019 Anno
881 2962 1000 3020 domini
1023 2963 1107 3020 MCC
1131 2965 1338 3037 octuagesimo
1362 2969 1481 3022 octavo.

456 3097 595 3162 Originale
614 3097 641 3146 ln
660 3097 819 3155 membrana,
838 3097 937 3146 sericea
955 3113 1019 3148 zona
1032 3098 1143 3148 violacei
1158 3099 1255 3148 coloris
1268 3099 1367 3162 absque
1380 3098 1472 3164 sigillo
1489 3103 1629 3165 appendet.

366 3185 396 3235 In
417 3186 486 3235 arch.
505 3185 581 3250 regni
601 3185 629 3235 C.
650 3186 674 3236 S.
694 3186 725 3234 D.
745 3187 802 3235 Act.
830 3186 910 3235 Conv.
931 3187 1101 3236 Remetcnsis.
1122 3186 1182 3236 fasc.
1205 3198 1224 3236 1.
1242 3203 1282 3237 nr.
1299 3197 1319 3237 1.
1338 3189 1412 3254 Joan.
1427 3188 1545 3238 Thalete.
1566 3189 1634 3239 idon.

366 3272 426 3323 hist.
446 3273 524 3338 episc.
547 3273 688 3339 zagrab.1.
709 3290 733 3339 p.
754 3284 812 3323 222.

971 3473 1033 3540 72.

474 3631 558 3686 Ann0‚
581 3632 653 3692 1289,
677 3639 714 3678 10.
735 3629 872 3679 februarii.
891 3631 1044 3696 Zagrabiae.

360 3757 493 3832 Joannes
516 3755 540 3812 L
565 3757 681 3828 aagrab.
704 3757 783 3829 episc.
808 3758 838 3812 in
862 3759 918 3828 lile,
941 3777 1027 3831 quam
1050 3761 1205 3832 capitulum
1229 3761 1345 3834 zagrab.
1368 3769 1469 3818 contra
1486 3763 1635 3820 Andream

365 3863 462 3920 curiae
483 3864 646 3936 episcopalis
668 3864 791 3920 comitem
815 3863 848 3920 de
869 3865 994 3937 quadam
1019 3866 1114 3921 alecula
1135 3868 1211 3922 inter
1223 3865 1342 3926 ,Servom
1365 3875 1393 3924 et
1414 3867 1552 3925 Satricum
1569 3871 1635 3939 sila,

780 3972 890 4043 agebat,
912 3973 1046 4054 capitula
1061 3973 1213 4030 adiudicat.

452 4135 607 4217 Johannes
642 4135 841 4191 miseracione
879 4133 985 4190 divina
1024 4135 1188 4208 episcopus
1226 4137 1440 4208 zagrabiensis.
1479 4139 1636 4196 Omnibus

365 4240 480 4298 Christi
503 4240 650 4297 fidelibus
673 4256 799 4314 presens
823 4238 974 4312 scriptum
998 4240 1181 4313 inspecturis
1205 4242 1337 4299 salutem
1361 4243 1391 4299 in
1415 4243 1562 4301 omnium
1578 4244 1637 4301 sal·

365 4353 479 4404 valore.
503 4346 552 4404 Ad
583 4347 801 4404 universorum
827 4347 975 4403 noticiam
1007 4351 1112 4402 tenore
1137 4347 1327 4419 presensium
1352 4349 1500 4404 volumus
1525 4366 1637 4423 perve-

364 4453 438 4523 nire,
462 4453 546 4526 quod
569 4468 640 4508 cum
663 4453 722 4509 viri
746 4452 870 4510 discreti
893 4457 923 4509 et
946 4427 1070 4510 honesti
1088 4451 1198 4510 fratres
1221 4455 1327 4524 nostri,
1351 4456 1526 4528 capitulum
1552 4457 1637 4514 vide-

363 4561 435 4617 licet
467 4561 593 4617 ecclesie
624 4565 727 4616 nostre
758 4559 972 4630 zagrabiensis,
1005 4561 1187 4631 magistrum
1213 4559 1377 4630 Andream,
1402 4565 1474 4618 tunc
1498 4561 1635 4619 iudicem

364 4666 448 4723 curie
472 4658 691 4742 [episcopalisl
728 4665 835 4722 ordine
858 4664 1018 4723 iudiciario
1041 4683 1135 4739 super
1159 4666 1293 4737 quadam
1316 4667 1416 4723 insula
1439 4669 1520 4724 inter
1545 4668 1637 4726 Zaira

363 4779 393 4830 et
425 4772 592 4830 Zauicham
627 4773 783 4842 existente,
815 4787 875 4844 que
908 4772 1034 4844 quidem
1062 4774 1162 4830 insula
1194 4774 1251 4830 luit
1282 4753 1438 4846 quondam
1469 4776 1636 4833 cuiusdam

362 4882 487 4939 nomine
511 4881 671 4948 Lelchech,
703 4895 807 4936 coram
836 4880 926 4936 nobis
950 4880 1171 4949 convenissent,
1195 4879 1330 4936 dicentes
1361 4880 1461 4952 ipsam
1498 4881 1636 4938 insulam

363 4987 472 5045 adius
496 4992 525 5043 et
547 4987 770 5060 proprietatem
793 4987 934 5058 ipsorum
956 4985 1110 5058 pertinere
1134 4985 1227 5058 pleno
1250 4985 1325 5056 iure,
1349 4991 1378 5041 et
1402 4991 1508 5042 contra
1534 4986 1630 5043 deum
