3824 5806
441 561 503 633 380
863 561 936 618 Doc.
954 573 1029 637 397.
1056 594 1093 602 -
1119 562 1174 618 An.
1199 573 1287 638 1597.

439 769 588 831 nostrum,
624 760 726 818 filium
756 761 878 819 comitis
900 761 984 819 curie
1010 766 1114 818 nostre
1143 760 1357 833 zagrabiensis,
1390 761 1444 833 qui
1470 761 1503 818 in
1526 759 1705 818 defensione

440 865 577 938 predicte
600 866 686 924 curie
708 873 783 937 erat,
806 867 942 938 graviter
965 871 1086 924 etcum
1111 881 1223 938 magna
1246 865 1394 923 effusione
1416 865 1574 938 sanguinis
1598 863 1708 922 vulne·

439 977 554 1029 ramni.
578 972 646 1029 Hiis
678 971 776 1030 eciam
800 973 891 1030 malis
914 988 974 1030 non
998 973 1140 1043 contenti,
1159 972 1199 1030 ad
1223 973 1330 1046 peiora
1352 974 1532 1047 aspirantes,
1556 973 1586 1030 in
1610 972 1706 1029 eccle·

438 1077 516 1134 siam
552 1087 687 1136 nostram
721 1079 952 1150 zagrabiensem
982 1079 1080 1137 sancti
1112 1081 1193 1153 regis
1228 1078 1376 1153 Stephani
1409 1079 1564 1149 irruendo,
1601 1079 1704 1152 ipsam

439 1184 599 1241 ecclesiam
625 1184 772 1242 volebant
802 1184 947 1242 thesauro
974 1191 1005 1242 et
1028 1186 1178 1259 reliquiis
1202 1186 1390 1260 paramentis
1412 1191 1443 1242 et
1466 1185 1536 1242 aliis
1558 1185 1648 1242 bonis
1673 1184 1705 1241 in

438 1291 504 1363 ipsa
527 1291 655 1348 ecclesia
677 1291 880 1350 existentibus
902 1291 1047 1366 spoliare,
1071 1298 1101 1349 et
1120 1291 1178 1350 nisi
1192 1289 1356 1367 januarum
1380 1297 1410 1348 et
1426 1295 1588 1365 portarum
1604 1290 1704 1363 ipsius

437 1395 565 1454 ecclesie
588 1394 738 1454 fortitudo
762 1395 876 1467 fuisset,
901 1413 1009 1456 eorum
1033 1397 1237 1471 dampnatum
1260 1402 1291 1454 et
1313 1397 1486 1471 reprobum
1506 1395 1704 1470 propositum

438 1501 668 1575 implevissent,
699 1501 753 1560 sed
784 1501 923 1573 videntes
953 1503 1054 1577 ipsam
1089 1505 1250 1562 ecclesiam
1285 1503 1420 1577 spoliare
1451 1519 1513 1561 non
1545 1517 1644 1576 posse,
1673 1504 1704 1560 in

438 1609 538 1682 ipsam
570 1608 732 1666 ecclesiam
764 1610 890 1682 sagittas
921 1625 1016 1682 quam
1045 1611 1196 1684 plurimas
1218 1611 1410 1684 sagittarunt,
1442 1623 1575 1682 quarum
1598 1609 1704 1681 alique

437 1716 467 1774 in
492 1715 559 1788 ipsa
582 1715 711 1772 ecclesia
732 1723 945 1774 remansemnt
968 1715 1063 1773 infixe
1086 1723 1116 1774 et
1138 1723 1209 1774 sunt
1232 1715 1271 1774 de
1288 1716 1430 1791 presenti.
1447 1715 1516 1772 Hiis
1531 1716 1628 1772 eciam
1644 1729 1706 1773 non

439 1821 581 1891 contenti,
606 1819 684 1878 duos
706 1820 849 1878 dominos
872 1821 911 1879 de
931 1823 1070 1896 capitulo
1093 1824 1292 1894 zagrabiensi,
1316 1821 1427 1880 fratres
1443 1828 1573 1890 nostros,
1589 1821 1707 1879 scilicet

440 1926 601 1985 dominum
626 1927 825 2000 Hinskonem,
847 1928 1069 2002 cappellanum
1089 1929 1173 2001 regie
1189 1929 1365 2000 maiestatis,
1380 1929 1564 1986 canonicum
1579 1928 1707 1985 ecclesie

439 2039 543 2092 nostre
566 2034 773 2108 zagrabiensis
796 2041 826 2092 et
848 2033 1110 2105 archydiaconum
1141 2036 1354 2092 chasmensem
1378 2043 1408 2092 et
1430 2033 1591 2092 dominum
1616 2033 1706 2091 Nico·

439 2142 534 2213 laum,
559 2140 919 2214 quinqueecclesiensem,
950 2140 1094 2198 similiter
1117 2141 1299 2198 canonicum
1322 2141 1449 2198 ecclesie
1472 2145 1576 2197 nostre
1598 2152 1703 2212 zagra-

441 2247 563 2317 biensis,
593 2261 665 2304 cum
696 2245 750 2304 alii
781 2245 898 2302 domini
929 2245 968 2303 de
997 2246 1143 2320 capitulo,
1178 2245 1289 2304 fratres
1312 2247 1416 2318 nostri,
1440 2252 1573 2304 mortem
1598 2244 1704 2303 formi-

440 2353 548 2410 dantes
583 2353 672 2410 bonis
700 2351 845 2409 omnihus
875 2367 984 2408 eorum
1015 2353 1131 2410 relictis
1154 2351 1290 2427 presidio
1325 2352 1492 2410 evasissent
1515 2350 1596 2424 fuge,
1620 2365 1709 2423 cepe·

446 2465 525 2530 runt,
557 2459 769 2530 verberarunt,
801 2458 991 2516 wlnerarunt
1016 2474 1087 2516 cum
1110 2459 1247 2516 maxima
1275 2458 1432 2530 sanguinis
1453 2458 1611 2515 effusione.
1640 2457 1708 2514 Hiis

441 2565 539 2622 eciam
561 2565 654 2622 malls
677 2580 737 2623 non
761 2565 903 2636 contenti,
926 2563 1095 2622 discretum
1118 2565 1222 2622 virtun
1246 2564 1408 2622 dominum
1429 2564 1629 2634 Anthonium,
1645 2561 1709 2620 dic·

440 2677 507 2728 tum
530 2669 623 2741 Cirta,
646 2670 888 2745 prebendarium
911 2671 1040 2728 ecclesie
1066 2677 1169 2728 nostre
1191 2671 1398 2744 zagrabiensis
1424 2675 1581 2744 ceperunt,
1598 2669 1708 2726 verbe-

440 2785 547 2835 rarunt
569 2779 681 2850 taliter,
705 2776 789 2851 quod
813 2776 996 2836 dimiserunt
1019 2779 1123 2852 ipsum
1149 2777 1337 2834 semivivum
1359 2781 1389 2834 et
1412 2775 1451 2833 de
1474 2776 1540 2833 eius
1562 2776 1628 2833 vita
1656 2791 1706 2832 ue·

442 2885 612 2942 risimiliter
635 2883 802 2942 dubitatur.
823 2884 890 2942 Hiis
906 2885 1003 2942 eciam
1026 2884 1119 2942 malis
1142 2899 1203 2942 non
1218 2882 1360 2952 contenti,
1384 2885 1414 2940 in
1431 2882 1594 2940 ecclesiam
1613 2881 1710 2939 sancti

442 2991 597 3050 Francisci
631 2990 777 3048 irruendo
805 2997 835 3048 et
867 2991 1010 3049 intrando
1039 3007 1137 3049 unum
1168 2989 1354 3048 familiarem
1377 2989 1487 3048 iudicis
1510 2989 1711 3046 dominorum

445 3099 483 3156 de
503 3097 648 3172 capitu10,
672 3096 804 3156 fratrum
827 3103 1013 3169 nostrorum,
1037 3096 1076 3155 de
1099 3098 1229 3155 ecclesia
1251 3077 1361 3154 sancti'
1378 3095 1540 3166 Francisci,
1564 3095 1711 3152 immuni·

442 3212 536 3264 tatem
562 3203 658 3277 ipsius
682 3204 810 3261 ecclesie
833 3203 989 3274 violando,
1010 3209 1218 3275 extraxerunt,
1242 3203 1432 3260 wlnerarunt
1455 3205 1485 3258 et
1508 3215 1614 3257 secum
1637 3215 1710 3274 cap·

442 3321 507 3369 tum
531 3311 569 3368 ad
595 3313 697 3385 ipsum
721 3311 850 3386 opidum
880 3311 994 3368 montis
1024 3310 1186 3368 Grecensis
1214 3309 1375 3368 duxerunt.
1398 3308 1466 3365 Hiis
1491 3306 1583 3363 malis
1611 3307 1710 3363 eciam

442 3434 502 3476 non
526 3419 781 3490 contentionum
806 3416 992 3475 familiarem
1013 3417 1110 3491 ipsius
1134 3415 1243 3474 iudicis
1266 3415 1407 3489 nequiter
1422 3424 1452 3471 et
1467 3412 1637 3470 crudeliter
1655 3428 1707 3486 pe-

441 3533 605 3582 remerunt.
629 3525 697 3582 Hiis
723 3525 813 3582 malis
836 3539 896 3581 non
920 3524 1062 3594 contenti,
1085 3522 1240 3596 quendam
1269 3521 1397 3579 fratrem
1420 3520 1540 3578 domini
1562 3518 1707 3591 Gregorii

442 3631 580 3688 canonici
602 3630 809 3702 zagrabiensis
831 3637 861 3687 et
883 3629 1089 3687 archidiaconi
1113 3627 1151 3685 de
1179 3627 1275 3685 Bexin
1309 3633 1339 3685 et
1362 3627 1479 3684 domini
1503 3625 1642 3698 Dyonisi,
1668 3625 1709 3681 si-

443 3737 559 3794 militer
582 3736 720 3794 canonici
742 3736 958 3808 zagrabiensis,
989 3735 1122 3793 fratrum
1154 3741 1340 3804 nostrorum,
1371 3733 1496 3791 nomine
1526 3730 1709 3804 Georgium,

444 3845 538 3900 morti
561 3844 659 3900 eciam
684 3842 884 3913 tradiderunt,
907 3844 1072 3917 ipsumque
1095 3842 1139 3899 sic
1162 3848 1320 3900 mortuum
1345 3844 1504 3898 traxerunt
1526 3854 1583 3912 per
1606 3837 1711 3894 lutum

441 3949 603 4024 usquead
633 3948 763 4022 opidum
794 3949 906 4007 montis
936 3949 1105 4008 Grecensis.
1138 3949 1206 4006 Hiis
1230 3948 1329 4006 eciam
1358 3945 1451 4003 malis
1483 3959 1544 4002 non
1567 3943 1711 4012 contenti,

444 4061 564 4130 patrem
588 4054 706 4112 domini
729 4054 859 4112 Dionisii
883 4055 1021 4112 canonici
1054 4054 1194 4130 predicti,
1225 4053 1469 4126 sexagenarium,
1500 4051 1624 4108 nomine
1648 4051 1711 4106 hla-

445 4161 560 4230 theum,
584 4160 685 4217 civem
709 4159 913 4232 Cryslensem,
937 4166 1085 4234 cepemnt
1107 4167 1137 4217 et
1162 4160 1251 4217 honis
1273 4159 1337 4216 suis
1368 4158 1514 4215 omnihus
1536 4157 1711 4230 spoliarunt
1769 4197 1774 4232 s

443 4273 473 4325 et
496 4267 599 4341 ipsum
623 4267 754 4339 ligatum
778 4273 808 4324 et
831 4266 1000 4340 spoliatum
1023 4283 1079 4340 per
1102 4266 1200 4323 crines
1224 4264 1375 4322 trahendo
1397 4263 1437 4320 ad
1460 4264 1563 4336 ipsum
1579 4260 1711 4334 opidum

448 4373 560 4430 montis
583 4372 745 4430 Grecensis
768 4379 894 4447 captum
917 4371 1080 4443 duxerunt,
1097 4374 1236 4429 volentes
1251 4371 1356 4444 ipsum
1372 4369 1522 4438 decolare,
1543 4368 1711 4441 ipsumque

441 4481 484 4538 sic
510 4485 636 4553 captum
660 4478 770 4536 diebus
796 4495 890 4552 quam
913 4480 1058 4554 pluribus
1081 4481 1251 4548 tenuerunt,
1276 4474 1400 4534 tandem
1424 4475 1528 4547 ipsum
1551 4473 1610 4530 suh
1642 4489 1712 4530 cau-

443 4587 524 4644 tione
548 4591 578 4642 et
601 4585 798 4642 fideiussione
822 4585 1013 4656 dimiserunt,
1036 4585 1125 4641 nulla
1148 4591 1251 4641 tamen
1274 4581 1469 4640 restitucione
1492 4579 1553 4637 sibi
1576 4577 1658 4637 facta
1673 4578 1711 4636 de

443 4693 530 4750 bonis
561 4691 675 4765 quibus
705 4692 772 4766 ipse
802 4709 858 4766 per
889 4692 973 4766 ipsos
996 4689 1097 4748 fuerat
1119 4689 1277 4764 spoliatus.
1317 4687 1385 4744 Hiis
1409 4686 1509 4744 eciam
1533 4685 1625 4742 malis
1648 4700 1708 4742 non

442 4797 585 4870 contenti,
619 4799 718 4855 eciam
753 4798 784 4855 in
819 4799 922 4873 ipsum
957 4797 1130 4871 capitulum
1163 4795 1360 4868 zagrabiense
1391 4799 1421 4850 et
1446 4792 1581 4850 maxime
1605 4798 1711 4849 contra

443 4903 606 4961 ecclesiam
630 4909 768 4962 nostram
792 4905 1030 4976 zagrabiensem,
1054 4901 1200 4961 videlicet
1226 4901 1322 4960 sancti
1345 4900 1427 4973 regis
1451 4898 1599 4973 Stephani
1623 4897 1712 4954 hom·

447 5008 560 5067 bardas
592 5025 685 5083 quarn
715 5009 869 5084 plurimas
906 5009 1118 5081 fulminarunt,
1154 5025 1214 5082 que
1248 5007 1445 5081 Paganorum
1478 5011 1508 5063 et
1540 5004 1714 5062 Tuscorum
