3854 5806
705 549 854 608 Addenda.
880 583 923 593 -
946 549 1002 607 An.
1026 545 1114 625 1361.
1350 547 1361 562 '
1486 563 1547 626 453

285 655 570 662 —--———-
870 655 1065 661 1—-—--.—
1103 655 1136 660 ..-
1147 655 1217 660 ..ἐ-.-
1232 655 1253 660 -.
1270 655 1276 659 -
1301 653 1546 661 -—·——-.-

388 830 463 876 Anno
485 828 559 886 1361.
581 829 604 878 8.
625 827 727 892 aprilis.
900 739 933 806 5·

288 955 368 1011 Ciam
400 954 574 1012 Grattuusos
596 973 692 1012 coram
715 965 853 1012 couooutu
884 975 904 1012 s.
930 955 1033 1028 Egutt'e'
1051 958 1206 1030 tplpottoot,
1230 975 1355 1026 causum,
1379 976 1466 1030 quam
1490 974 1551 1013 cum

281 1061 405 1132 capetulo
436 1061 550 1133 azgrob.
582 1067 682 1134 (taccat,
712 1063 742 1117 iu
772 1062 988 1134 congregatione
1018 1061 1155 1118 nobilium
1179 1063 1327 1119 comitatus
1354 1061 1470 1135 zagrab.
1494 1081 1552 1119 osse

810 1167 1021 1224 ducutieudom.

372 1309 435 1367 Nos
459 1318 628 1368 conventus
651 1313 828 1368 monasterii
852 1313 948 1368 sancti
969 1311 1067 1383 ligidii
1085 1311 1123 1368 de
1139 1311 1286 1384 Symigio.
1303 1313 1451 1370 llemorie
1468 1328 1551 1369 com-

283 1415 467 1473 mendamus
498 1417 611 1488 quibus
641 1417 766 1490 expedit
797 1418 948 1475 universis
980 1419 1175 1490 presencium
1207 1434 1263 1492 per
1296 1427 1442 1488 tenorem,
1467 1419 1551 1491 quod,

285 1522 399 1594 Petrus
424 1521 508 1579 lilius
530 1522 661 1593 Rubini;
685 1522 867 1597 Stephanus.
892 1523 976 1581 filius
1000 1524 1135 1581 Farkasii
1161 1531 1190 1580 et
1215 1524 1354 1592 blathias‚
1380 1523 1464 1580 iilius
1490 1525 1551 1582 Ku-

284 1628 390 1699 chyne,
403 1623 446 1704 (in
468 1629 609 1700 personis
626 1628 735 1686 iudicis
748 1624 789 1705 et)
803 1630 972 1687 iuratorum
986 1631 1102 1687 civium
1119 1629 1157 1686 de
1170 1629 1280 1698 Grech,
1298 1630 1553 1700 zagrabiensium,

282 1748 388 1790 coram
404 1734 495 1791 nobis
512 1735 684 1804 existentes
702 1751 758 1807 per
775 1735 904 1792 modum
922 1737 1154 1808 protestacionis
1170 1736 1260 1794 nobis
1276 1735 1450 1806 significare
1466 1752 1553 1792 cura·

284 1849 363 1908 runt,
381 1838 465 1911 quod
483 1839 513 1896 in
530 1855 629 1910 causa,
647 1857 707 1913 que
724 1841 803 1898 inter
823 1842 906 1914 ipsos
926 1842 1009 1898 cives
1029 1841 1067 1897 de
1084 1840 1185 1898 Grecli
1199 1848 1228 1898 et
1240 1841 1414 1913 capitulum
1426 1841 1553 1898 ecclesie

284 1945 492 2016 zagrabiensis
516 1945 601 2002 iuxta
624 1947 847 2004 continenciam
873 1948 1047 2004 litterarum
1070 1947 1202 2004 condam
1226 1947 1366 2019 magistri
1384 1947 1553 2016 Laurencii,

285 2051 424 2123 magistri
457 2053 684 2109 tavarnicorum
711 2053 872 2124 regalium,
897 2053 927 2110 in
951 2055 1110 2126 presencia
1133 2053 1290 2125 magnifici
1315 2053 1373 2108 viri
1397 2051 1553 2133 Johannis‚

285 2151 367 2232 (filii)
384 2156 515 2214 condam
535 2157 654 2215 Nicolai
671 2158 800 2231 palatini
817 2160 1004 2230 vertebatur,
1026 2175 1081 2232 per
1106 2160 1208 2232 ipsum
1234 2159 1417 2230 magistrum
1440 2158 1554 2238 Johan·

285 2264 356 2319 neni
373 2271 402 2320 et
420 2264 550 2321 barones
567 2265 656 2321 nulla
673 2265 794 2322 iusticia
810 2264 926 2322 eisdem
944 2265 1065 2322 civibus
1082 2265 1188 2322 fuisset
1205 2266 1352 2337 impensa,
1378 2269 1408 2320 et
1431 2264 1490 2336 ipsi
1514 2263 1551 2319 ad

286 2369 559 2440 congregacionem
584 2371 737 2427 nobilium
761 2371 925 2427 comitatus
948 2370 1163 2442 zagrabiensis,
1188 2377 1260 2426 tunc
1284 2368 1427 2438 fiendam,
1453 2369 1554 2442 ipsam

287 2475 506 2532 instantissime
523 2477 686 2548 peciissent
707 2478 747 2533 ab
768 2475 884 2533 eisdem
902 2476 1072 2532 baronibus
1089 2476 1266 2548 prorogari;
1291 2476 1344 2547 qui
1368 2476 1555 2548 peticionem

287 2581 428 2653 ipsorum
452 2583 482 2638 in
504 2583 561 2639 hac
585 2589 672 2656 parte
696 2581 867 2639 admittere.
898 2581 985 2640 Unde
1009 2597 1047 2638 ne
1071 2582 1146 2654 ipsis
1170 2581 1292 2638 civibus
1312 2579 1429 2652 grande
1453 2581 1555 2653 preiu-

286 2686 403 2744 dicium
436 2693 637 2760 generaretur
668 2689 698 2745 in
730 2689 787 2745 hac
822 2695 910 2761 parte
941 2688 971 2745 in
1003 2687 1151 2757 futurum,
1184 2689 1262 2744 sicut
1300 2695 1373 2744 tunc
1405 2687 1446 2743 ita
1474 2702 1555 2742 nunc

287 2795 390 2866 ipsum
415 2795 598 2866 magistrum
622 2795 794 2875 Johannem
818 2801 848 2850 et
871 2809 978 2851 omnes
1003 2793 1141 2864 barones,
1159 2809 1197 2850 ne
1220 2794 1251 2850 in
1274 2795 1342 2866 ipsa
1365 2807 1456 2849 causa
1480 2792 1557 2848 ulte·

287 2901 350 2956 rius
376 2900 542 2973 procedant
566 2901 617 2958 vel
641 2902 760 2957 litteras
783 2915 892 2956 eorum
916 2909 1023 2957 contra
1045 2901 1130 2972 ipsos
1154 2900 1237 2956 cives
1257 2899 1395 2956 emanari
1423 2897 1557 2954 lacerent

290 3008 339 3063 vel
363 3008 393 3064 in
417 3007 523 3080 aliquo
553 3007 669 3064 eisdem
701 3007 822 3064 civibus
854 3007 981 3064 iniurias
1009 3005 1151 3075 facerent,
1177 3005 1378 3078 prohiberent
1401 3003 1557 3061 contradi-

287 3112 384 3170 cendo
409 3119 439 3169 et
462 3112 715 3171 contradixerunt
745 3112 941 3186 prohibendo
971 3126 1077 3168 coram
1101 3111 1206 3180 nobis;
1234 3111 1429 3185 appellantes
1454 3112 1554 3183 ipsam
1624 3188 1628 3196 .

288 3234 411 3275 causam
444 3219 474 3275 in
505 3219 779 3291 congregacionem
811 3219 1067 3292 prenominatam.
1091 3217 1207 3273 Datum
1238 3216 1314 3274 seria
1342 3217 1449 3288 quinta
1487 3231 1558 3289 pro-

289 3327 374 3382 xima
398 3333 467 3398 post
492 3334 616 3382 octavas
641 3325 710 3382 testi
726 3325 840 3398 pasche
856 3324 982 3382 domini.
999 3325 1089 3381 Anno
1105 3323 1243 3380 eiusdem
1260 3323 1427 3380 MCCCLX
1443 3323 1555 3396 primo.

378 3460 596 3526 Transsumptum
622 3460 649 3510 iu
668 3462 772 3510 collect.
791 3461 866 3526 Joan.
887 3458 1054 3524 Kukuljevic‘.

362 3855 439 3902 Anno
461 3851 536 3910 1361,
560 3860 580 3900 1.
602 3847 682 3913 Junii.
701 3848 855 3914 Zagrabiae.

356 3977 519 4051 Capitulum
542 3979 604 4034 eccl.
629 3977 827 4050 zograbieusts
850 3978 881 4032 tu
905 3995 981 4033 aava
1005 3976 1077 4033 vitta
1096 3974 1307 4048 praestationes
1329 3973 1386 4030 sibi
1405 3972 1513 4030 debitas

774 4083 929 4156 hospitibus
952 4084 1076 4140 relaxat.

379 4229 443 4287 Nos
466 4229 638 4302 capitulum
662 4229 790 4284 ecclesie
813 4227 1027 4300 zagrabiensis.
1052 4227 1200 4282 Memorie
1232 4223 1487 4280 commendamus
1520 4227 1564 4279 te·

293 4352 365 4395 nore
390 4337 584 4410 presencium
608 4334 815 4406 significantes
839 4334 953 4406 quibus
976 4331 1099 4406 expedit
1123 4332 1284 4400 universis,
1310 4328 1392 4401 quod
1422 4344 1477 4384 nos
1493 4343 1565 4384 con·

293 4445 425 4503 siderata
447 4443 543 4498 nimia
567 4441 761 4498 desolacione
784 4438 960 4495 noveville
984 4443 1086 4494 nostre
1110 4435 1186 4492 des.
1206 4435 1324 4517 Joanne
1344 4433 1559 4504 deZagrabia,

294 4553 493 4623 volentesque
516 4548 644 4605 eandem
668 4547 834 4619 diligenter
858 4545 1018 4618 populare,
1046 4542 1084 4599 de
1115 4548 1218 4599 nostra
1249 4541 1353 4612 gracia
1387 4539 1564 4612 specialiter

294 4658 374 4716 lacta
394 4673 429 4714 ac
452 4655 492 4713 ad
515 4655 750 4712 instantissimas
774 4653 942 4725 peticiones
974 4650 1097 4706 Mladen
1128 4648 1227 4706 villici
1258 4653 1288 4704 et
1319 4651 1493 4703 ceterorum
1518 4645 1558 4701 ci-

295 4765 381 4822 vium
399 4769 576 4820 nostrorum
594 4760 633 4816 de
650 4759 766 4830 eadem,
784 4763 904 4815 matura
922 4757 1148 4813 deliberacione
1172 4753 1344 4828 prehabita,
1360 4751 1563 4822 unanimique

294 4885 442 4928 consensu
467 4873 497 4925 et
520 4868 588 4940 pari
611 4867 770 4923 voluntate
793 4865 938 4922 universa
961 4877 1090 4920 munera
1113 4861 1203 4918 nobis
1226 4876 1263 4916 ex
1288 4863 1376 4932 parte
1406 4871 1514 4914 eorum
1535 4863 1565 4913 et

300 4993 318 5034 a
341 4975 482 5050 quolibet
503 4973 643 5047 ipsorum
667 4971 797 5043 singulis
820 4972 907 5028 annis
930 4968 1155 5042 proveniencia,
1181 4965 1220 5023 ad
1238 4980 1372 5039 quorum
1388 4965 1502 5021 iustam
1518 4977 1565 5019 ra-
