3824 5806
418 567 480 640 356
834 567 910 626 Doc.
928 577 1001 645 377.
1020 601 1057 610 -
1075 567 1132 628 An„
1153 579 1241 645 1395.

416 767 517 838 celoti,
529 767 648 825 socium
662 774 692 824 et
704 768 943 825 concanonicum
955 773 1096 826 nostrum
1109 767 1149 824 ad
1160 766 1389 842 infrascriptam
1398 768 1682 826 reambulacionem

415 872 588 932 faciendam
611 880 716 930 nostro
739 889 796 946 pro
817 874 993 931 testimonio
1011 873 1287 931 transmisissemus
1302 873 1494 947 fidedignum
1504 893 1511 944 ;
1527 875 1581 947 qui
1596 881 1682 947 post·

416 979 545 1036 modurn
568 979 679 1037 exinde
701 979 740 1036 ad
764 994 820 1036 nos
842 979 967 1051 reversi,
992 981 1083 1037 nobis
1098 979 1290 1038 concorditer
1311 982 1502 1038 retulerunt:
1519 980 1603 1054 quod
1621 981 1681 1054 ipsi

414 1087 544 1144 sabbato
568 1087 712 1159 proximo
735 1097 806 1158 post
829 1083 942 1142 festum
969 1085 1194 1158 Penthecostes,
1217 1103 1299 1144 nunc
1322 1088 1464 1162 proxime
1488 1088 1680 1161 preteritum,

414 1191 453 1247 ad
477 1190 569 1249 iacies
593 1191 754 1249 cuiusdam
778 1197 858 1248 terre
886 1189 1078 1264 prefatorum
1110 1191 1219 1250 iudicis
1250 1199 1280 1250 et
1309 1194 1482 1250 iuratorum
1505 1209 1541 1250 ac
1564 1194 1681 1250 civium

413 1295 493 1354 dicte
517 1298 649 1355 civitatis
673 1305 759 1354 extra
783 1303 881 1354 metas
904 1298 1105 1370 possessionis
1122 1315 1229 1356 eorum
1247 1300 1407 1372 Hraschya
1430 1305 1547 1370 vocate,
1572 1299 1678 1356 habite

412 1409 442 1460 et
465 1403 632 1474 existentis,
656 1403 766 1460 vicinis
789 1409 819 1460 et
841 1405 1061 1461 commetaneis
1084 1405 1147 1462 suis
1169 1406 1321 1463 universis
1344 1406 1421 1463 inibi
1445 1405 1582 1477 legitime
1605 1420 1678 1462 con-

412 1510 529 1567 vocatis
552 1517 582 1566 et
606 1511 800 1582 presentibus
831 1510 1037 1580 accessissent,
1069 1511 1232 1584 ipsamque
1263 1518 1379 1569 terram
1411 1527 1468 1584 per
1494 1527 1564 1568 suas
1588 1526 1679 1568 veras

411 1620 441 1672 et
464 1616 605 1688 antiquas
628 1621 726 1673 metas
749 1616 835 1673 iuxta
858 1615 1159 1674 demonstracionem
1188 1617 1400 1692 predictorum
1423 1618 1535 1675 iudicis
1550 1624 1580 1675 et
1596 1619 1678 1674 iura·

412 1727 515 1778 torum
545 1729 674 1794 aparte
697 1722 899 1794 possessionis
930 1720 1079 1795 Stephani
1110 1729 1141 1780 et
1169 1723 1313 1795 ladislai,
1344 1723 1483 1781 filiorum
1513 1723 1677 1792 Benedicti,

411 1845 446 1884 ac
469 1827 621 1900 Gregorii,
645 1828 702 1886 filii
726 1829 895 1900 Mychaelis
925 1828 965 1885 de
996 1828 1088 1900 Odra,
1112 1831 1170 1904 hoc
1195 1830 1288 1887 modo
1313 1831 1567 1900 reambulassent,
1591 1830 1677 1902 quod

411 1935 513 2006 primo
537 1935 720 2008 incepissent
743 1949 761 1991 a
783 1935 877 2008 plaga
900 1935 1044 1992 orientali
1069 1951 1087 1991 a
1110 1935 1213 2008 prima
1237 1934 1341 1992 mlalra
1367 1935 1507 1993 exeundo
1531 1935 1570 1992 de
1593 1935 1675 1992 dicta

409 2040 487 2096 villa
509 2041 678 2112 Hraschya,
702 2039 813 2097 deinde
836 2041 991 2098 venissent
1013 2041 1051 2097 ad
1077 2041 1159 2099 latus
1182 2041 1343 2098 cuiusdam
1363 2043 1476 2116 spineti
1491 2041 1529 2099 ad
1546 2041 1675 2114 plagam

409 2145 640 2216 occidentalem,
664 2147 718 2204 ubi
741 2153 902 2220 separatur
933 2153 1014 2204 terra
1042 2146 1181 2220 predicta
1212 2163 1230 2204 a
1261 2149 1452 2221 possessione
1482 2146 1675 2220 prefatorum

408 2251 543 2310 Ladislai
566 2259 596 2310 et
619 2251 775 2326 Stephani,
799 2252 938 2310 filiorum
962 2251 1115 2310 Benedicti
1140 2268 1175 2310 ac
1198 2253 1351 2325 Gregorii,
1375 2253 1432 2310 filii
1450 2254 1618 2325 Mychaelis
1636 2253 1675 2310 de

408 2359 492 2416 Odra
515 2359 662 2432 predicta,
690 2365 720 2415 et
749 2359 862 2416 abhinc
884 2359 1082 2432 procedendo
1112 2359 1228 2417 directe
1258 2359 1298 2416 ad
1329 2361 1456 2434 plagam
1480 2361 1675 2432 septemtrio·

406 2465 511 2522 nalem
534 2466 745 2538 pervenissent
768 2465 807 2521 ad
831 2481 929 2522 unum
952 2471 1085 2539 pratum,
1117 2465 1228 2523 deinde
1259 2482 1316 2540 per
1347 2465 1506 2523 modicum
1529 2467 1672 2539 spacium

407 2570 508 2627 eundo
530 2571 569 2628 ad
593 2571 708 2628 dictam
731 2572 858 2644 plagam
882 2572 1165 2644 septemtrionalem
1190 2579 1220 2628 et
1236 2571 1275 2628 de
1291 2572 1357 2645 ipsa
1381 2571 1498 2629 ibidem
1522 2571 1671 2630 tlectendo

406 2677 445 2734 ad
468 2677 594 2750 plagam
618 2679 808 2740 orientalem,
837 2677 939 2734 eundo
962 2693 1019 2750 per
1050 2678 1207 2750 quandam
1237 2679 1379 2735 semitam
1411 2680 1490 2735 inter
1520 2678 1582 2736 duo
1610 2679 1673 2752 spi-

405 2790 475 2842 neta
499 2799 597 2857 prope
621 2784 772 2841 veniendo
795 2799 813 2840 a
837 2790 925 2857 parte
948 2784 1145 2842 meridionali
1176 2784 1316 2841 eiusdem
1345 2786 1461 2854 semite,
1493 2785 1606 2842 abhinc
1628 2783 1668 2840 ad

405 2889 533 2948 eandem
557 2891 684 2962 plagam
708 2890 994 2964 septemtrionalem
1018 2891 1230 2963 pervenissent
1253 2890 1294 2947 ad
1317 2906 1407 2948 unam
1437 2891 1584 2962 mlakam,
1602 2889 1668 2949 Ste-

404 2997 549 3069 phanoua
573 2996 675 3053 mlaka
699 3003 842 3053 vocatam
866 2997 950 3053 iuxta
975 2996 1131 3068 quandam
1160 2997 1252 3068 viam,
1276 3005 1306 3053 et
1328 3013 1346 3053 a
1369 2997 1508 3070 predicta
1541 2995 1670 3070 Stepha-

404 3118 485 3160 noua
509 3103 614 3160 mlalra
637 3118 745 3160 versus
769 3102 940 3176 predictam
974 3103 1098 3176 plagam
1124 3103 1154 3160 in
1178 3102 1301 3160 modico
1324 3104 1429 3176 spacio
1452 3104 1607 3160 venissent
1629 3103 1670 3160 ad

404 3225 501 3266 unum
526 3208 761 3280 fenilelazyna
786 3215 939 3278 vocatum,
963 3208 1033 3265 inde
1058 3224 1114 3280 per
1144 3208 1275 3265 eandem
1294 3209 1376 3265 viam
1401 3208 1552 3265 veniendo
1576 3224 1669 3282 penes

404 3315 562 3388 quoddam
585 3315 758 3388 virgultum
781 3315 896 3372 directe
911 3313 1115 3400 *procedendo
1138 3330 1246 3371 versus
1263 3314 1377 3372 dictam
1394 3315 1520 3388 plagam
1537 3322 1671 3388 septem-

403 3422 566 3478 trionalem
597 3437 653 3494 per
680 3423 772 3492 viam,
797 3437 857 3492 que
880 3421 1005 3493 antiqua
1037 3421 1087 3478 via
1111 3421 1295 3492 nominatur,
1323 3437 1379 3494 per
1401 3422 1515 3479 silvam
1539 3421 1669 3477 vimino-

403 3543 469 3584 sam
494 3535 524 3584 et
547 3527 715 3597 densatam,
743 3543 802 3600 que
831 3527 927 3598 vulgo
951 3526 1097 3597 Zwemyn
1128 3525 1242 3583 dicitur
1272 3543 1328 3598 per
1358 3541 1506 3598 magnum
1529 3526 1668 3599 spacium

402 3635 557 3691 venissent
580 3634 618 3691 ad
645 3634 749 3692 locum
773 3649 924 3706 aquosum
956 3633 1126 3704 Margetina
1159 3631 1263 3689 mlalra
1288 3637 1448 3700 vocatum;
1481 3639 1606 3688 etcum
1638 3633 1666 3688 in

402 3739 549 3814 predictis
573 3741 649 3798 locis
672 3746 771 3797 metas
794 3741 911 3812 erigere
942 3746 972 3796 et
998 3738 1117 3796 eisdem
1147 3739 1268 3794 civibus
1290 3739 1465 3810 relinquere
1490 3739 1667 3806 voluissent,

401 3853 473 3905 tunc
497 3847 646 3905 discretus
669 3847 718 3903 vir
742 3845 886 3902 dominus
914 3845 1102 3902 Laurencius
1133 3851 1235 3901 rector
1265 3844 1393 3900 ecclesie
1422 3845 1519 3900 sancti
1542 3843 1668 3915 Georgii

400 3953 438 4010 de
462 3953 545 4010 Odra
568 3959 597 4010 et
618 3953 770 4024 Georgius
793 3950 956 4008 familiaris
978 3950 1265 4023 prenominatorum
1297 3948 1445 4022 Stephani
1468 3956 1498 4006 et
1522 3949 1665 4016 Ladislai,

399 4058 537 4116 filiorum
563 4057 726 4128 Benedicti,
753 4073 790 4114 ac
821 4057 972 4129 Gregorii,
996 4055 1054 4113 filii
1085 4056 1254 4126 Mychaelis
1284 4055 1322 4112 de
1353 4055 1436 4112 Odra
1461 4054 1610 4127 predicta,
1637 4055 1667 4111 in

398 4167 539 4238 personis
561 4163 742 4223 eorumdem
766 4162 923 4236 Stephani,
954 4161 1090 4219 ladislai
1120 4167 1151 4218 et
1181 4160 1332 4234 Gregorii,
1364 4161 1544 4218 huiusmodi
1572 4169 1667 4218 meta-

397 4287 468 4328 rum
492 4270 702 4328 ereccionibus
729 4270 883 4327 velamine
911 4267 1168 4326 contradiccionis
1191 4268 1377 4338 obviassent,
1403 4267 1497 4338 quos,
1522 4267 1666 4324 videlicet

398 4376 598 4450 Stephanum,
621 4376 802 4433 Ladislaum
833 4383 863 4433 et
893 4375 1080 4447 Gregorium
1111 4373 1161 4430 die
1191 4381 1221 4430 et
1253 4373 1322 4430 loco
1353 4373 1384 4430 in
1415 4373 1533 4430 eisdem
1556 4381 1663 4430 contra

399 4489 538 4541 anotatos
561 4482 704 4552 iudicem,
729 4483 844 4538 iuratos
868 4487 897 4538 et
920 4481 1004 4538 cives
1027 4480 1108 4537 dicte
1131 4480 1265 4537 civitatis
1285 4479 1323 4535 ad
1341 4478 1512 4551 quindenas
1535 4479 1665 4552 predicti

396 4589 519 4646 sabbati
539 4604 619 4645 nunc
642 4593 787 4644 venturas
810 4593 946 4644 vestram
962 4588 1105 4643 citassent
1131 4586 1162 4643 in
1185 4585 1386 4658 presenciam,
1408 4585 1566 4642 racionem
1593 4601 1664 4642 con-

398 4694 594 4752 tradiccionis
616 4708 724 4750 eorum
742 4692 925 4750 reddituros.
946 4692 1062 4749 Datum
1078 4690 1155 4749 teria
1171 4691 1278 4763 quinta
1293 4690 1438 4763 proxima
1460 4699 1530 4763 post
1548 4689 1662 4747 festum

398 4805 504 4856 sancte
527 4799 692 4856 Trinitatis.
717 4799 806 4855 Anno
830 4797 947 4856 domini
971 4797 1139 4854 millesimo
1164 4795 1241 4852 CCC
1265 4795 1464 4866 nonagesimo
1488 4796 1606 4868 quinto.

485 4951 626 5017 Originale
646 4951 672 4999 iu
692 4950 790 5008 charta,
810 4965 824 4999 a
845 4956 920 5017 tergo
940 4950 1081 5016 vestigium
1102 4949 1258 5014 capitularis
1277 4947 1369 5014 sigilli.
1389 4947 1420 4998 In
1439 4947 1509 4997 arch.
1529 4949 1547 4997 l.
1570 4963 1590 4997 r.
1615 4950 1666 5000 civ.

395 5040 500 5109 zagrab.
