<?xml version="1.0" encoding="UTF-8"?>
<!DOCTYPE html PUBLIC "-//W3C//DTD XHTML 1.0 Transitional//EN"
    "http://www.w3.org/TR/xhtml1/DTD/xhtml1-transitional.dtd">
<html xmlns="http://www.w3.org/1999/xhtml" xml:lang="en" lang="en">
 <head>
  <title>
</title>
<meta http-equiv="Content-Type" content="text/html;charset=utf-8" />
  <meta name='ocr-system' content='tesseract 3.04.00' />
  <meta name='ocr-capabilities' content='ocr_page ocr_carea ocr_par ocr_line ocrx_word'/>
</head>
<body>
  <div class='ocr_page' id='page_1' title='image "./monumentahistor18laszgoog_0568.png"; bbox 0 0 3728 5806; ppageno 0'>
   <div class='ocr_carea' id='block_1_1' title="bbox 754 525 1280 608">
    <p class='ocr_par' dir='ltr' id='par_1_1' title="bbox 754 525 1280 608">
     <span class='ocr_line' id='line_1_1' title="bbox 754 525 1280 608; baseline -0.006 -19"><span class='ocrx_word' id='word_1_1' title='bbox 754 532 826 590; x_wconf 86' lang='lat' dir='ltr'><em>Dee.</em></span> <span class='ocrx_word' id='word_1_2' title='bbox 844 525 921 608; x_wconf 78' lang='lat'><em>358.</em></span> <span class='ocrx_word' id='word_1_3' title='bbox 938 543 1014 607; x_wconf 80' lang='lat'><em>359.</em></span> <span class='ocrx_word' id='word_1_4' title='bbox 1042 564 1077 572; x_wconf 98' lang='lat'>—</span> <span class='ocrx_word' id='word_1_5' title='bbox 1103 529 1162 589; x_wconf 82' lang='lat' dir='ltr'><em>An.</em></span> <span class='ocrx_word' id='word_1_6' title='bbox 1182 542 1280 606; x_wconf 54' lang='grc' dir='ltr'><em>1392ΙῚ</em></span> 
     </span>
    </p>
   </div>
   <div class='ocr_carea' id='block_1_2' title="bbox 484 725 1052 877">
    <p class='ocr_par' dir='ltr' id='par_1_2' title="bbox 484 725 1052 877">
     <span class='ocr_line' id='line_1_2' title="bbox 966 725 1052 790; baseline -0.012 0"><span class='ocrx_word' id='word_1_7' title='bbox 966 725 1052 790; x_wconf 85' lang='grc'><strong>358.</strong></span> 
     </span>
     <span class='ocr_line' id='line_1_3' title="bbox 484 812 857 877; baseline -0.003 -15"><span class='ocrx_word' id='word_1_8' title='bbox 484 817 560 863; x_wconf 88' lang='lat' dir='ltr'><em>Anno</em></span> <span class='ocrx_word' id='word_1_9' title='bbox 582 824 657 877; x_wconf 82' lang='lat'><em>1392,</em></span> <span class='ocrx_word' id='word_1_10' title='bbox 676 823 699 871; x_wconf 87' lang='lat'><em>3.</em></span> <span class='ocrx_word' id='word_1_11' title='bbox 720 812 857 862; x_wconf 81' lang='lat' dir='ltr'><em>februarii.</em></span> 
     </span>
    </p>
   </div>
   <div class='ocr_carea' id='block_1_3' title="bbox 378 939 1646 1210">
    <p class='ocr_par' dir='ltr' id='par_1_3' title="bbox 378 939 1646 1210">
     <span class='ocr_line' id='line_1_4' title="bbox 385 939 1646 1012; baseline -0.002 -14"><span class='ocrx_word' id='word_1_12' title='bbox 385 942 544 999; x_wconf 82' lang='lat' dir='ltr'><em>Conventus</em></span> <span class='ocrx_word' id='word_1_13' title='bbox 567 941 734 998; x_wconf 81' lang='lat' dir='ltr'><em>ntonnsterii</em></span> <span class='ocrx_word' id='word_1_14' title='bbox 751 959 773 999; x_wconf 89' lang='lat' dir='ltr'><em>s.</em></span> <span class='ocrx_word' id='word_1_15' title='bbox 798 941 928 998; x_wconf 73' lang='lat' dir='ltr'><em>Adriani</em></span> <span class='ocrx_word' id='word_1_16' title='bbox 947 939 982 996; x_wconf 86' lang='lat' dir='ltr'><em>de</em></span> <span class='ocrx_word' id='word_1_17' title='bbox 1006 939 1091 1010; x_wconf 81' lang='lat' dir='ltr'><em>Zaba,</em></span> <span class='ocrx_word' id='word_1_18' title='bbox 1115 939 1298 1012; x_wconf 74' lang='lat' dir='ltr'><em>Sigismtendo</em></span> <span class='ocrx_word' id='word_1_19' title='bbox 1320 939 1498 1012; x_wconf 80' lang='lat' dir='ltr'><em>Hungariae</em></span> <span class='ocrx_word' id='word_1_20' title='bbox 1520 949 1567 997; x_wconf 86' lang='lat' dir='ltr'><em>etc.</em></span> <span class='ocrx_word' id='word_1_21' title='bbox 1583 942 1646 1012; x_wconf 81' lang='lat' dir='ltr'><em>regi</em></span> 
     </span>
     <span class='ocr_line' id='line_1_5' title="bbox 378 1046 1643 1122; baseline -0.003 -16"><span class='ocrx_word' id='word_1_22' title='bbox 378 1049 515 1118; x_wconf 81' lang='lat' dir='ltr'><em>rescribit,</em></span> <span class='ocrx_word' id='word_1_23' title='bbox 539 1048 736 1120; x_wconf 57' lang='lat' dir='ltr'><em>investigando</em></span> <span class='ocrx_word' id='word_1_24' title='bbox 759 1048 913 1116; x_wconf 75' lang='lat' dir='ltr'><em>rescivisse,</em></span> <span class='ocrx_word' id='word_1_25' title='bbox 936 1046 1014 1120; x_wconf 82' lang='lat' dir='ltr'><em>quod</em></span> <span class='ocrx_word' id='word_1_26' title='bbox 1031 1047 1187 1122; x_wconf 83' lang='lat' dir='ltr'><em>Joleannes</em></span> <span class='ocrx_word' id='word_1_27' title='bbox 1210 1047 1289 1119; x_wconf 79' lang='lat' dir='ltr'><em>episc.</em></span> <span class='ocrx_word' id='word_1_28' title='bbox 1313 1046 1430 1118; x_wconf 78' lang='lat' dir='ltr'><em>zagrnb.</em></span> <span class='ocrx_word' id='word_1_29' title='bbox 1453 1055 1554 1102; x_wconf 84' lang='lat' dir='ltr'><em>contra</em></span> <span class='ocrx_word' id='word_1_30' title='bbox 1576 1047 1643 1102; x_wconf 78' lang='lat' dir='ltr'><em>cebi-</em></span> 
     </span>
     <span class='ocr_line' id='line_1_6' title="bbox 647 1151 1371 1210; baseline -0.006 0"><span class='ocrx_word' id='word_1_31' title='bbox 647 1161 732 1210; x_wconf 86' lang='lat' dir='ltr'><em>tatem</em></span> <span class='ocrx_word' id='word_1_32' title='bbox 762 1152 948 1210; x_wconf 83' lang='lat' dir='ltr'><em>Greebensem</em></span> <span class='ocrx_word' id='word_1_33' title='bbox 972 1161 1029 1209; x_wconf 89' lang='lat' dir='ltr'><em>tres</em></span> <span class='ocrx_word' id='word_1_34' title='bbox 1052 1151 1221 1208; x_wconf 79' lang='lat' dir='ltr'><em>bombardns</em></span> <span class='ocrx_word' id='word_1_35' title='bbox 1243 1153 1371 1208; x_wconf 86' lang='lat' dir='ltr'><em>emiserit.</em></span> 
     </span>
    </p>
   </div>
   <div class='ocr_carea' id='block_1_4' title="bbox 301 1313 1642 3303">
    <p class='ocr_par' dir='ltr' id='par_1_4' title="bbox 374 1313 1642 2236">
     <span class='ocr_line' id='line_1_7' title="bbox 466 1313 1642 1389; baseline -0.004 -15"><span class='ocrx_word' id='word_1_36' title='bbox 466 1318 734 1374; x_wconf 87' lang='lat' dir='ltr'><em>Excellentissimo</em></span> <span class='ocrx_word' id='word_1_37' title='bbox 762 1317 895 1389; x_wconf 86' lang='lat' dir='ltr'><em>principi</em></span> <span class='ocrx_word' id='word_1_38' title='bbox 928 1315 1054 1373; x_wconf 90' lang='lat' dir='ltr'><em>domino</em></span> <span class='ocrx_word' id='word_1_39' title='bbox 1085 1314 1293 1388; x_wconf 76' lang='lat' dir='ltr'><em>sigismundo,</em></span> <span class='ocrx_word' id='word_1_40' title='bbox 1325 1313 1375 1370; x_wconf 91' lang='lat' dir='ltr'><em>dei</em></span> <span class='ocrx_word' id='word_1_41' title='bbox 1405 1315 1510 1386; x_wconf 84' lang='lat' dir='ltr'><em>gracia</em></span> <span class='ocrx_word' id='word_1_42' title='bbox 1537 1314 1642 1370; x_wconf 91' lang='lat' dir='ltr'><em>inclito</em></span> 
     </span>
     <span class='ocr_line' id='line_1_8' title="bbox 376 1418 1641 1498; baseline -0.005 -16"><span class='ocrx_word' id='word_1_43' title='bbox 376 1427 442 1498; x_wconf 83' lang='lat' dir='ltr'><em>regi</em></span> <span class='ocrx_word' id='word_1_44' title='bbox 466 1425 632 1498; x_wconf 85' lang='lat' dir='ltr'><em>Hungarie,</em></span> <span class='ocrx_word' id='word_1_45' title='bbox 656 1423 826 1492; x_wconf 90' lang='lat' dir='ltr'><em>Dalmacie,</em></span> <span class='ocrx_word' id='word_1_46' title='bbox 850 1422 999 1479; x_wconf 89' lang='lat' dir='ltr'><em>Chroacie</em></span> <span class='ocrx_word' id='word_1_47' title='bbox 1022 1428 1085 1490; x_wconf 85' lang='lat' dir='ltr'><em>etc,</em></span> <span class='ocrx_word' id='word_1_48' title='bbox 1109 1438 1144 1479; x_wconf 93' lang='lat' dir='ltr'><em>ac</em></span> <span class='ocrx_word' id='word_1_49' title='bbox 1168 1421 1340 1478; x_wconf 90' lang='lat' dir='ltr'><em>marchioni</em></span> <span class='ocrx_word' id='word_1_50' title='bbox 1357 1418 1641 1492; x_wconf 74' lang='lat' dir='ltr'><em>Brandenburgensi</em></span> 
     </span>
     <span class='ocr_line' id='line_1_9' title="bbox 377 1526 1642 1604; baseline -0.006 -15"><span class='ocrx_word' id='word_1_51' title='bbox 377 1538 441 1602; x_wconf 86' lang='lat' dir='ltr'><em>etc,</em></span> <span class='ocrx_word' id='word_1_52' title='bbox 465 1530 593 1588; x_wconf 89' lang='lat' dir='ltr'><em>domino</em></span> <span class='ocrx_word' id='word_1_53' title='bbox 617 1531 766 1604; x_wconf 87' lang='lat' dir='ltr'><em>ipsorum,</em></span> <span class='ocrx_word' id='word_1_54' title='bbox 789 1536 958 1586; x_wconf 89' lang='lat' dir='ltr'><em>conventus</em></span> <span class='ocrx_word' id='word_1_55' title='bbox 981 1528 1160 1585; x_wconf 89' lang='lat' dir='ltr'><em>monasterii</em></span> <span class='ocrx_word' id='word_1_56' title='bbox 1188 1527 1270 1584; x_wconf 89' lang='lat' dir='ltr'><em>beati</em></span> <span class='ocrx_word' id='word_1_57' title='bbox 1294 1526 1420 1584; x_wconf 88' lang='lat' dir='ltr'><em>Adriani</em></span> <span class='ocrx_word' id='word_1_58' title='bbox 1446 1527 1581 1583; x_wconf 90' lang='lat' dir='ltr'><em>martiris</em></span> <span class='ocrx_word' id='word_1_59' title='bbox 1604 1526 1642 1582; x_wconf 86' lang='lat' dir='ltr'><em>de</em></span> 
     </span>
     <span class='ocr_line' id='line_1_10' title="bbox 378 1633 1641 1706; baseline -0.003 -12"><span class='ocrx_word' id='word_1_60' title='bbox 378 1637 459 1706; x_wconf 78' lang='lat' dir='ltr'><em>lala,</em></span> <span class='ocrx_word' id='word_1_61' title='bbox 483 1637 641 1694; x_wconf 83' lang='lat' dir='ltr'><em>oraciones</em></span> <span class='ocrx_word' id='word_1_62' title='bbox 664 1636 693 1692; x_wconf 91' lang='lat' dir='ltr'><em>in</em></span> <span class='ocrx_word' id='word_1_63' title='bbox 718 1635 844 1692; x_wconf 89' lang='lat' dir='ltr'><em>domino</em></span> <span class='ocrx_word' id='word_1_64' title='bbox 866 1634 994 1704; x_wconf 91' lang='lat' dir='ltr'><em>debitas,</em></span> <span class='ocrx_word' id='word_1_65' title='bbox 1012 1633 1150 1691; x_wconf 91' lang='lat' dir='ltr'><em>assiduas</em></span> <span class='ocrx_word' id='word_1_66' title='bbox 1170 1649 1205 1690; x_wconf 87' lang='lat' dir='ltr'><em>ac</em></span> <span class='ocrx_word' id='word_1_67' title='bbox 1228 1633 1364 1690; x_wconf 79' lang='lat' dir='ltr'><em>devotas</em></span> <span class='ocrx_word' id='word_1_68' title='bbox 1388 1633 1499 1689; x_wconf 89' lang='lat' dir='ltr'><em>Vestra</em></span> <span class='ocrx_word' id='word_1_69' title='bbox 1522 1633 1641 1690; x_wconf 91' lang='lat' dir='ltr'><em>noverit</em></span> 
     </span>
     <span class='ocr_line' id='line_1_11' title="bbox 379 1739 1640 1802; baseline -0.005 0"><span class='ocrx_word' id='word_1_70' title='bbox 379 1743 556 1802; x_wconf 91' lang='lat' dir='ltr'><em>sublimitas</em></span> <span class='ocrx_word' id='word_1_71' title='bbox 572 1758 627 1800; x_wconf 91' lang='lat' dir='ltr'><em>nos</em></span> <span class='ocrx_word' id='word_1_72' title='bbox 644 1743 762 1798; x_wconf 75' lang='lat' dir='ltr'><em>litteras</em></span> <span class='ocrx_word' id='word_1_73' title='bbox 784 1747 886 1798; x_wconf 80' lang='lat' dir='ltr'><em>vestre</em></span> <span class='ocrx_word' id='word_1_74' title='bbox 909 1741 1076 1798; x_wconf 89' lang='lat' dir='ltr'><em>maiestatis</em></span> <span class='ocrx_word' id='word_1_75' title='bbox 1092 1741 1182 1797; x_wconf 93' lang='lat' dir='ltr'><em>nobis</em></span> <span class='ocrx_word' id='word_1_76' title='bbox 1199 1739 1331 1797; x_wconf 89' lang='lat' dir='ltr'><em>directas</em></span> <span class='ocrx_word' id='word_1_77' title='bbox 1346 1754 1471 1796; x_wconf 92' lang='lat' dir='ltr'><em>summo</em></span> <span class='ocrx_word' id='word_1_78' title='bbox 1493 1756 1565 1796; x_wconf 91' lang='lat' dir='ltr'><em>cum</em></span> <span class='ocrx_word' id='word_1_79' title='bbox 1588 1740 1640 1796; x_wconf 84' lang='lat' dir='ltr'><em>ho</em></span> 
     </span>
     <span class='ocr_line' id='line_1_12' title="bbox 377 1838 1640 1925; baseline -0.003 -18"><span class='ocrx_word' id='word_1_80' title='bbox 377 1865 450 1908; x_wconf 90' lang='lat' dir='ltr'><em>nore</em></span> <span class='ocrx_word' id='word_1_81' title='bbox 472 1849 624 1922; x_wconf 86' lang='lat' dir='ltr'><em>recepisse</em></span> <span class='ocrx_word' id='word_1_82' title='bbox 647 1849 677 1906; x_wconf 92' lang='lat' dir='ltr'><em>in</em></span> <span class='ocrx_word' id='word_1_83' title='bbox 702 1849 758 1905; x_wconf 90' lang='lat' dir='ltr'><em>hec</em></span> <span class='ocrx_word' id='word_1_84' title='bbox 775 1848 885 1905; x_wconf 90' lang='lat' dir='ltr'><em>verba:</em></span> <span class='ocrx_word' id='word_1_85' title='bbox 904 1842 977 1925; x_wconf 85' lang='lat' dir='ltr'><em>(vid.</em></span> <span class='ocrx_word' id='word_1_86' title='bbox 994 1864 1038 1904; x_wconf 91' lang='lat' dir='ltr'><em>nr.</em></span> <span class='ocrx_word' id='word_1_87' title='bbox 1057 1861 1129 1919; x_wconf 84' lang='lat'><em>355,</em></span> <span class='ocrx_word' id='word_1_88' title='bbox 1153 1862 1198 1904; x_wconf 89' lang='lat' dir='ltr'><em>an.</em></span> <span class='ocrx_word' id='word_1_89' title='bbox 1227 1861 1318 1920; x_wconf 81' lang='lat'><em>1392,</em></span> <span class='ocrx_word' id='word_1_90' title='bbox 1344 1846 1370 1903; x_wconf 90' lang='lat'><em>8.</em></span> <span class='ocrx_word' id='word_1_91' title='bbox 1385 1838 1537 1922; x_wconf 87' lang='lat' dir='ltr'><em>januarii).</em></span> <span class='ocrx_word' id='word_1_92' title='bbox 1553 1847 1640 1905; x_wconf 90' lang='lat' dir='ltr'><em>Unde</em></span> 
     </span>
     <span class='ocr_line' id='line_1_13' title="bbox 375 1953 1640 2025; baseline -0.003 -11"><span class='ocrx_word' id='word_1_93' title='bbox 375 1973 430 2014; x_wconf 92' lang='lat' dir='ltr'><em>nos</em></span> <span class='ocrx_word' id='word_1_94' title='bbox 455 1955 608 2012; x_wconf 90' lang='lat' dir='ltr'><em>mandatis</em></span> <span class='ocrx_word' id='word_1_95' title='bbox 630 1960 731 2012; x_wconf 87' lang='lat' dir='ltr'><em>vestre</em></span> <span class='ocrx_word' id='word_1_96' title='bbox 755 1955 925 2012; x_wconf 87' lang='lat' dir='ltr'><em>serenitatis</em></span> <span class='ocrx_word' id='word_1_97' title='bbox 950 1954 979 2011; x_wconf 92' lang='lat' dir='ltr'><em>in</em></span> <span class='ocrx_word' id='word_1_98' title='bbox 1003 1953 1149 2010; x_wconf 89' lang='lat' dir='ltr'><em>omnibus</em></span> <span class='ocrx_word' id='word_1_99' title='bbox 1173 1953 1301 2010; x_wconf 89' lang='lat' dir='ltr'><em>obedire</em></span> <span class='ocrx_word' id='word_1_100' title='bbox 1321 1954 1486 2025; x_wconf 78' lang='lat' dir='ltr'><em>cupienteS,</em></span> <span class='ocrx_word' id='word_1_101' title='bbox 1503 1960 1538 2010; x_wconf 90' lang='lat' dir='ltr'><em>ut</em></span> <span class='ocrx_word' id='word_1_102' title='bbox 1561 1961 1640 2010; x_wconf 88' lang='lat' dir='ltr'><em>tene-</em></span> 
     </span>
     <span class='ocr_line' id='line_1_14' title="bbox 375 2058 1639 2134; baseline -0.003 -14"><span class='ocrx_word' id='word_1_103' title='bbox 375 2079 453 2134; x_wconf 90' lang='lat' dir='ltr'><em>mur,</em></span> <span class='ocrx_word' id='word_1_104' title='bbox 476 2077 608 2118; x_wconf 91' lang='lat' dir='ltr'><em>unacum</em></span> <span class='ocrx_word' id='word_1_105' title='bbox 634 2060 754 2134; x_wconf 84' lang='lat' dir='ltr'><em>prelato</em></span> <span class='ocrx_word' id='word_1_106' title='bbox 786 2061 883 2130; x_wconf 87' lang='lat' dir='ltr'><em>Petro,</em></span> <span class='ocrx_word' id='word_1_107' title='bbox 916 2059 982 2117; x_wconf 90' lang='lat' dir='ltr'><em>filio</em></span> <span class='ocrx_word' id='word_1_108' title='bbox 1013 2058 1160 2133; x_wconf 88' lang='lat' dir='ltr'><em>Stephani</em></span> <span class='ocrx_word' id='word_1_109' title='bbox 1195 2059 1233 2117; x_wconf 91' lang='lat' dir='ltr'><em>de</em></span> <span class='ocrx_word' id='word_1_110' title='bbox 1265 2059 1491 2131; x_wconf 86' lang='lat' dir='ltr'><em>Zauamelleke,</em></span> <span class='ocrx_word' id='word_1_111' title='bbox 1517 2061 1639 2117; x_wconf 88' lang='lat' dir='ltr'><em>homine</em></span> 
     </span>
     <span class='ocr_line' id='line_1_15' title="bbox 374 2165 1639 2236; baseline -0.003 -10"><span class='ocrx_word' id='word_1_112' title='bbox 374 2175 475 2226; x_wconf 88' lang='lat' dir='ltr'><em>vestre</em></span> <span class='ocrx_word' id='word_1_113' title='bbox 499 2168 675 2236; x_wconf 88' lang='lat' dir='ltr'><em>maiestatis,</em></span> <span class='ocrx_word' id='word_1_114' title='bbox 700 2173 838 2223; x_wconf 86' lang='lat' dir='ltr'><em>nostrum</em></span> <span class='ocrx_word' id='word_1_115' title='bbox 863 2166 1030 2235; x_wconf 88' lang='lat' dir='ltr'><em>hominem,</em></span> <span class='ocrx_word' id='word_1_116' title='bbox 1054 2165 1199 2222; x_wconf 90' lang='lat' dir='ltr'><em>videlicet</em></span> <span class='ocrx_word' id='word_1_117' title='bbox 1215 2165 1343 2223; x_wconf 86' lang='lat' dir='ltr'><em>fratrem</em></span> <span class='ocrx_word' id='word_1_118' title='bbox 1361 2165 1518 2222; x_wconf 87' lang='lat' dir='ltr'><em>Andream</em></span> <span class='ocrx_word' id='word_1_119' title='bbox 1542 2181 1639 2222; x_wconf 88' lang='lat' dir='ltr'><em>sacer·</em></span> 
     </span>
    </p>

    <p class='ocr_par' dir='ltr' id='par_1_5' title="bbox 301 2271 1640 3303">
     <span class='ocr_line' id='line_1_16' title="bbox 373 2271 1640 2345; baseline -0.002 -13"><span class='ocrx_word' id='word_1_120' title='bbox 373 2275 487 2344; x_wconf 88' lang='lat' dir='ltr'><em>dotem,</em></span> <span class='ocrx_word' id='word_1_121' title='bbox 511 2289 606 2330; x_wconf 92' lang='lat' dir='ltr'><em>unum</em></span> <span class='ocrx_word' id='word_1_122' title='bbox 631 2289 669 2330; x_wconf 88' lang='lat' dir='ltr'><em>ex</em></span> <span class='ocrx_word' id='word_1_123' title='bbox 692 2273 782 2329; x_wconf 87' lang='lat' dir='ltr'><em>nobis</em></span> <span class='ocrx_word' id='word_1_124' title='bbox 805 2272 844 2329; x_wconf 91' lang='lat' dir='ltr'><em>ad</em></span> <span class='ocrx_word' id='word_1_125' title='bbox 870 2273 1021 2345; x_wconf 87' lang='lat' dir='ltr'><em>premissa</em></span> <span class='ocrx_word' id='word_1_126' title='bbox 1045 2271 1190 2329; x_wconf 88' lang='lat' dir='ltr'><em>mandata</em></span> <span class='ocrx_word' id='word_1_127' title='bbox 1207 2281 1310 2329; x_wconf 89' lang='lat' dir='ltr'><em>vestra</em></span> <span class='ocrx_word' id='word_1_128' title='bbox 1333 2272 1513 2345; x_wconf 83' lang='lat' dir='ltr'><em>exequenda</em></span> <span class='ocrx_word' id='word_1_129' title='bbox 1536 2279 1640 2330; x_wconf 90' lang='lat' dir='ltr'><em>nostro</em></span> 
     </span>
     <span class='ocr_line' id='line_1_17' title="bbox 340 2357 1639 2454; baseline -0.002 -16"><span class='ocrx_word' id='word_1_130' title='bbox 340 2357 342 2360; x_wconf 24' lang='lat'>⁵</span> <span class='ocrx_word' id='word_1_131' title='bbox 375 2397 433 2454; x_wconf 87' lang='lat' dir='ltr'><em>pro</em></span> <span class='ocrx_word' id='word_1_132' title='bbox 458 2381 633 2437; x_wconf 90' lang='lat' dir='ltr'><em>testimonio</em></span> <span class='ocrx_word' id='word_1_133' title='bbox 657 2379 804 2436; x_wconf 87' lang='lat' dir='ltr'><em>duximus</em></span> <span class='ocrx_word' id='word_1_134' title='bbox 827 2377 1052 2450; x_wconf 82' lang='lat' dir='ltr'><em>destinandum,</em></span> <span class='ocrx_word' id='word_1_135' title='bbox 1077 2379 1131 2452; x_wconf 92' lang='lat' dir='ltr'><em>qui</em></span> <span class='ocrx_word' id='word_1_136' title='bbox 1163 2379 1289 2435; x_wconf 89' lang='lat' dir='ltr'><em>demum</em></span> <span class='ocrx_word' id='word_1_137' title='bbox 1320 2378 1360 2435; x_wconf 89' lang='lat' dir='ltr'><em>ad</em></span> <span class='ocrx_word' id='word_1_138' title='bbox 1383 2394 1439 2435; x_wconf 90' lang='lat' dir='ltr'><em>nos</em></span> <span class='ocrx_word' id='word_1_139' title='bbox 1462 2378 1573 2436; x_wconf 83' lang='lat' dir='ltr'><em>exinde</em></span> <span class='ocrx_word' id='word_1_140' title='bbox 1596 2395 1639 2435; x_wconf 73' lang='lat' dir='ltr'><em>re</em></span> 
     </span>
     <span class='ocr_line' id='line_1_18' title="bbox 373 2484 1639 2557; baseline -0.002 -12"><span class='ocrx_word' id='word_1_141' title='bbox 373 2488 456 2545; x_wconf 87' lang='lat' dir='ltr'><em>versi</em></span> <span class='ocrx_word' id='word_1_142' title='bbox 479 2487 569 2544; x_wconf 91' lang='lat' dir='ltr'><em>nobis</em></span> <span class='ocrx_word' id='word_1_143' title='bbox 593 2485 786 2542; x_wconf 90' lang='lat' dir='ltr'><em>concorditer</em></span> <span class='ocrx_word' id='word_1_144' title='bbox 810 2485 990 2552; x_wconf 88' lang='lat' dir='ltr'><em>retulerunt,</em></span> <span class='ocrx_word' id='word_1_145' title='bbox 1015 2485 1098 2557; x_wconf 92' lang='lat' dir='ltr'><em>quod</em></span> <span class='ocrx_word' id='word_1_146' title='bbox 1122 2484 1204 2542; x_wconf 89' lang='lat' dir='ltr'><em>idem</em></span> <span class='ocrx_word' id='word_1_147' title='bbox 1230 2487 1323 2542; x_wconf 91' lang='lat' dir='ltr'><em>homo</em></span> <span class='ocrx_word' id='word_1_148' title='bbox 1348 2493 1449 2542; x_wconf 87' lang='lat' dir='ltr'><em>vestre</em></span> <span class='ocrx_word' id='word_1_149' title='bbox 1474 2485 1639 2542; x_wconf 89' lang='lat' dir='ltr'><em>maiestatis</em></span> 
     </span>
     <span class='ocr_line' id='line_1_19' title="bbox 374 2591 1638 2667; baseline -0.001 -16"><span class='ocrx_word' id='word_1_150' title='bbox 374 2600 515 2667; x_wconf 90' lang='lat' dir='ltr'><em>presente</em></span> <span class='ocrx_word' id='word_1_151' title='bbox 539 2593 712 2666; x_wconf 90' lang='lat' dir='ltr'><em>prescripto</em></span> <span class='ocrx_word' id='word_1_152' title='bbox 743 2597 848 2648; x_wconf 91' lang='lat' dir='ltr'><em>nostro</em></span> <span class='ocrx_word' id='word_1_153' title='bbox 879 2591 1064 2664; x_wconf 88' lang='lat' dir='ltr'><em>testimonio,</em></span> <span class='ocrx_word' id='word_1_154' title='bbox 1096 2593 1227 2649; x_wconf 89' lang='lat' dir='ltr'><em>sabbato</em></span> <span class='ocrx_word' id='word_1_155' title='bbox 1249 2593 1393 2666; x_wconf 85' lang='lat' dir='ltr'><em>proximo</em></span> <span class='ocrx_word' id='word_1_156' title='bbox 1423 2600 1493 2650; x_wconf 89' lang='lat' dir='ltr'><em>ante</em></span> <span class='ocrx_word' id='word_1_157' title='bbox 1528 2591 1638 2650; x_wconf 86' lang='lat' dir='ltr'><em>festum</em></span> 
     </span>
     <span class='ocr_line' id='line_1_20' title="bbox 373 2697 1639 2774; baseline -0.002 -16"><span class='ocrx_word' id='word_1_158' title='bbox 373 2699 601 2774; x_wconf 90' lang='lat' dir='ltr'><em>purificacionis</em></span> <span class='ocrx_word' id='word_1_159' title='bbox 629 2699 716 2755; x_wconf 90' lang='lat' dir='ltr'><em>beate</em></span> <span class='ocrx_word' id='word_1_160' title='bbox 739 2697 869 2770; x_wconf 83' lang='lat' dir='ltr'><em>virginis</em></span> <span class='ocrx_word' id='word_1_161' title='bbox 899 2699 1041 2771; x_wconf 85' lang='lat' dir='ltr'><em>proxime</em></span> <span class='ocrx_word' id='word_1_162' title='bbox 1073 2699 1257 2771; x_wconf 92' lang='lat' dir='ltr'><em>preteritum</em></span> <span class='ocrx_word' id='word_1_163' title='bbox 1288 2699 1328 2756; x_wconf 91' lang='lat' dir='ltr'><em>ab</em></span> <span class='ocrx_word' id='word_1_164' title='bbox 1359 2699 1505 2757; x_wconf 88' lang='lat' dir='ltr'><em>omnibus</em></span> <span class='ocrx_word' id='word_1_165' title='bbox 1528 2700 1639 2772; x_wconf 89' lang='lat' dir='ltr'><em>quibus</em></span> 
     </span>
     <span class='ocr_line' id='line_1_21' title="bbox 373 2803 1639 2877; baseline -0.002 -13"><span class='ocrx_word' id='word_1_166' title='bbox 373 2807 525 2864; x_wconf 87' lang='lat' dir='ltr'><em>decuisset</em></span> <span class='ocrx_word' id='word_1_167' title='bbox 548 2811 578 2862; x_wconf 88' lang='lat' dir='ltr'><em>et</em></span> <span class='ocrx_word' id='word_1_168' title='bbox 601 2805 745 2875; x_wconf 85' lang='lat' dir='ltr'><em>licuisset,</em></span> <span class='ocrx_word' id='word_1_169' title='bbox 770 2804 929 2861; x_wconf 88' lang='lat' dir='ltr'><em>nobilibus</em></span> <span class='ocrx_word' id='word_1_170' title='bbox 953 2803 1098 2861; x_wconf 90' lang='lat' dir='ltr'><em>videlicet</em></span> <span class='ocrx_word' id='word_1_171' title='bbox 1129 2811 1160 2861; x_wconf 90' lang='lat' dir='ltr'><em>et</em></span> <span class='ocrx_word' id='word_1_172' title='bbox 1190 2805 1389 2877; x_wconf 85' lang='lat' dir='ltr'><em>ignobilibus,</em></span> <span class='ocrx_word' id='word_1_173' title='bbox 1414 2805 1535 2862; x_wconf 88' lang='lat' dir='ltr'><em>clericis</em></span> <span class='ocrx_word' id='word_1_174' title='bbox 1557 2806 1639 2863; x_wconf 93' lang='lat' dir='ltr'><em>simi·</em></span> 
     </span>
     <span class='ocr_line' id='line_1_22' title="bbox 372 2910 1638 2983; baseline -0.002 -13"><span class='ocrx_word' id='word_1_175' title='bbox 372 2914 444 2970; x_wconf 90' lang='lat' dir='ltr'><em>liter</em></span> <span class='ocrx_word' id='word_1_176' title='bbox 467 2919 496 2969; x_wconf 89' lang='lat' dir='ltr'><em>et</em></span> <span class='ocrx_word' id='word_1_177' title='bbox 519 2911 616 2982; x_wconf 88' lang='lat' dir='ltr'><em>laycis</em></span> <span class='ocrx_word' id='word_1_178' title='bbox 639 2911 803 2967; x_wconf 89' lang='lat' dir='ltr'><em>comitatus</em></span> <span class='ocrx_word' id='word_1_179' title='bbox 825 2910 1031 2982; x_wconf 81' lang='lat' dir='ltr'><em>zagrabiensis</em></span> <span class='ocrx_word' id='word_1_180' title='bbox 1057 2911 1234 2968; x_wconf 89' lang='lat' dir='ltr'><em>hominibus</em></span> <span class='ocrx_word' id='word_1_181' title='bbox 1258 2911 1365 2983; x_wconf 90' lang='lat' dir='ltr'><em>palam</em></span> <span class='ocrx_word' id='word_1_182' title='bbox 1388 2919 1418 2968; x_wconf 88' lang='lat' dir='ltr'><em>et</em></span> <span class='ocrx_word' id='word_1_183' title='bbox 1441 2913 1544 2969; x_wconf 89' lang='lat' dir='ltr'><em>oculte</em></span> <span class='ocrx_word' id='word_1_184' title='bbox 1572 2912 1638 2969; x_wconf 92' lang='lat' dir='ltr'><em>dili·</em></span> 
     </span>
     <span class='ocr_line' id='line_1_23' title="bbox 301 3015 1637 3092; baseline -0.001 -16"><span class='ocrx_word' id='word_1_185' title='bbox 301 3023 302 3026; x_wconf 76' lang='grc'>’</span> <span class='ocrx_word' id='word_1_186' title='bbox 372 3026 479 3092; x_wconf 85' lang='lat' dir='ltr'><em>genter</em></span> <span class='ocrx_word' id='word_1_187' title='bbox 500 3015 722 3089; x_wconf 70' lang='lat' dir='ltr'><em>investigando</em></span> <span class='ocrx_word' id='word_1_188' title='bbox 746 3017 898 3091; x_wconf 87' lang='lat' dir='ltr'><em>premissa</em></span> <span class='ocrx_word' id='word_1_189' title='bbox 921 3015 1001 3073; x_wconf 85' lang='lat' dir='ltr'><em>facta</em></span> <span class='ocrx_word' id='word_1_190' title='bbox 1024 3015 1118 3074; x_wconf 85' lang='lat' dir='ltr'><em>fuisse</em></span> <span class='ocrx_word' id='word_1_191' title='bbox 1148 3018 1192 3074; x_wconf 92' lang='lat' dir='ltr'><em>sic</em></span> <span class='ocrx_word' id='word_1_192' title='bbox 1222 3017 1384 3076; x_wconf 88' lang='lat' dir='ltr'><em>scivissent</em></span> <span class='ocrx_word' id='word_1_193' title='bbox 1407 3024 1501 3090; x_wconf 90' lang='lat' dir='ltr'><em>prout</em></span> <span class='ocrx_word' id='word_1_194' title='bbox 1524 3018 1637 3075; x_wconf 90' lang='lat' dir='ltr'><em>dictum</em></span> 
     </span>
     <span class='ocr_line' id='line_1_24' title="bbox 372 3122 1637 3196; baseline -0.002 -14"><span class='ocrx_word' id='word_1_195' title='bbox 372 3126 472 3182; x_wconf 84' lang='lat' dir='ltr'><em>extitit</em></span> <span class='ocrx_word' id='word_1_196' title='bbox 495 3131 597 3180; x_wconf 89' lang='lat' dir='ltr'><em>vestre</em></span> <span class='ocrx_word' id='word_1_197' title='bbox 622 3123 774 3180; x_wconf 90' lang='lat' dir='ltr'><em>maiestati</em></span> <span class='ocrx_word' id='word_1_198' title='bbox 798 3123 913 3180; x_wconf 89' lang='lat' dir='ltr'><em>Datum</em></span> <span class='ocrx_word' id='word_1_199' title='bbox 937 3129 1047 3180; x_wconf 90' lang='lat' dir='ltr'><em>octavo</em></span> <span class='ocrx_word' id='word_1_200' title='bbox 1070 3122 1119 3180; x_wconf 89' lang='lat' dir='ltr'><em>die</em></span> <span class='ocrx_word' id='word_1_201' title='bbox 1144 3122 1205 3180; x_wconf 90' lang='lat' dir='ltr'><em>diei</em></span> <span class='ocrx_word' id='word_1_202' title='bbox 1229 3123 1440 3196; x_wconf 89' lang='lat' dir='ltr'><em>inquisicionis</em></span> <span class='ocrx_word' id='word_1_203' title='bbox 1473 3129 1637 3196; x_wconf 90' lang='lat' dir='ltr'><em>prenotate.</em></span> 
     </span>
     <span class='ocr_line' id='line_1_25' title="bbox 372 3227 813 3303; baseline -0.007 -14"><span class='ocrx_word' id='word_1_204' title='bbox 372 3234 462 3289; x_wconf 87' lang='lat' dir='ltr'><em>Anno</em></span> <span class='ocrx_word' id='word_1_205' title='bbox 485 3230 603 3288; x_wconf 89' lang='lat' dir='ltr'><em>domini</em></span> <span class='ocrx_word' id='word_1_206' title='bbox 627 3227 813 3303; x_wconf 86' lang='lat' dir='ltr'><em>supradicto</em></span> 
     </span>
    </p>
   </div>
   <div class='ocr_carea' id='block_1_5' title="bbox 377 3365 1636 3505">
    <p class='ocr_par' dir='ltr' id='par_1_6' title="bbox 377 3365 1636 3505">
     <span class='ocr_line' id='line_1_26' title="bbox 464 3365 1636 3444; baseline 0.002 -30"><span class='ocrx_word' id='word_1_207' title='bbox 464 3365 605 3430; x_wconf 84' lang='lat' dir='ltr'><em>Originale</em></span> <span class='ocrx_word' id='word_1_208' title='bbox 633 3365 660 3414; x_wconf 88' lang='lat' dir='ltr'><em>in</em></span> <span class='ocrx_word' id='word_1_209' title='bbox 686 3365 787 3444; x_wconf 82' lang='lat' dir='ltr'><em>charla,</em></span> <span class='ocrx_word' id='word_1_210' title='bbox 815 3381 830 3414; x_wconf 91' lang='lat' dir='ltr'><em>a</em></span> <span class='ocrx_word' id='word_1_211' title='bbox 860 3371 935 3432; x_wconf 80' lang='lat' dir='ltr'><em>tergo</em></span> <span class='ocrx_word' id='word_1_212' title='bbox 964 3366 1104 3432; x_wconf 78' lang='lat' dir='ltr'><em>vestigium</em></span> <span class='ocrx_word' id='word_1_213' title='bbox 1124 3366 1246 3432; x_wconf 87' lang='lat' dir='ltr'><em>impressi</em></span> <span class='ocrx_word' id='word_1_214' title='bbox 1271 3367 1363 3433; x_wconf 88' lang='lat' dir='ltr'><em>sigilli.</em></span> <span class='ocrx_word' id='word_1_215' title='bbox 1390 3367 1421 3418; x_wconf 90' lang='lat' dir='ltr'><em>ln</em></span> <span class='ocrx_word' id='word_1_216' title='bbox 1439 3369 1539 3419; x_wconf 84' lang='lat' dir='ltr'><em>archiv.</em></span> <span class='ocrx_word' id='word_1_217' title='bbox 1559 3370 1636 3418; x_wconf 81' lang='lat' dir='ltr'><em>Acad.</em></span> 
     </span>
     <span class='ocr_line' id='line_1_27' title="bbox 377 3453 677 3505; baseline -0.013 0"><span class='ocrx_word' id='word_1_218' title='bbox 377 3455 471 3505; x_wconf 86' lang='lat' dir='ltr'><em>Scient.</em></span> <span class='ocrx_word' id='word_1_219' title='bbox 495 3453 564 3505; x_wconf 89' lang='lat' dir='ltr'><em>Slav.</em></span> <span class='ocrx_word' id='word_1_220' title='bbox 585 3453 677 3502; x_wconf 88' lang='lat' dir='ltr'><em>merid.</em></span> 
     </span>
    </p>
   </div>
   <div class='ocr_carea' id='block_1_6' title="bbox 962 3651 1048 3716">
    <p class='ocr_par' dir='ltr' id='par_1_7' title="bbox 962 3651 1048 3716">
     <span class='ocr_line' id='line_1_28' title="bbox 962 3651 1048 3716; baseline 0.012 -1"><span class='ocrx_word' id='word_1_221' title='bbox 962 3651 1048 3716; x_wconf 82' lang='lat'><strong>359.</strong></span> 
     </span>
    </p>
   </div>
   <div class='ocr_carea' id='block_1_7' title="bbox 478 3795 1143 3873">
    <p class='ocr_par' dir='ltr' id='par_1_8' title="bbox 478 3795 1143 3873">
     <span class='ocr_line' id='line_1_29' title="bbox 478 3795 1143 3873; baseline 0 -13"><span class='ocrx_word' id='word_1_222' title='bbox 478 3813 552 3860; x_wconf 82' lang='lat' dir='ltr'><em>Anno</em></span> <span class='ocrx_word' id='word_1_223' title='bbox 575 3795 649 3872; x_wconf 79' lang='lat'><em>1392,</em></span> <span class='ocrx_word' id='word_1_224' title='bbox 671 3810 709 3859; x_wconf 81' lang='lat'><em>18.</em></span> <span class='ocrx_word' id='word_1_225' title='bbox 730 3808 867 3858; x_wconf 83' lang='lat' dir='ltr'><em>februarii.</em></span> <span class='ocrx_word' id='word_1_226' title='bbox 893 3809 1143 3873; x_wconf 80' lang='lat' dir='ltr'><em>Quinqucecclesiis.</em></span> 
     </span>
    </p>
   </div>
   <div class='ocr_carea' id='block_1_8' title="bbox 371 3955 1636 4244">
    <p class='ocr_par' dir='ltr' id='par_1_9' title="bbox 371 3955 1636 4244">
     <span class='ocr_line' id='line_1_30' title="bbox 372 3955 1636 4037; baseline 0.002 -23"><span class='ocrx_word' id='word_1_227' title='bbox 372 3957 543 4030; x_wconf 78' lang='lat' dir='ltr'><em>Rudolphus</em></span> <span class='ocrx_word' id='word_1_228' title='bbox 551 3955 732 4030; x_wconf 77' lang='lat' dir='ltr'><em>praepositus</em></span> <span class='ocrx_word' id='word_1_229' title='bbox 744 3963 773 4013; x_wconf 88' lang='lat' dir='ltr'><em>et</em></span> <span class='ocrx_word' id='word_1_230' title='bbox 784 3957 940 4029; x_wconf 79' lang='lat' dir='ltr'><em>cnpe&#39;tulueee</em></span> <span class='ocrx_word' id='word_1_231' title='bbox 957 3959 1018 4014; x_wconf 86' lang='lat' dir='ltr'><em>eccl.</em></span> <span class='ocrx_word' id='word_1_232' title='bbox 1035 3959 1336 4032; x_wconf 82' lang='lat' dir='ltr'><em>quinqueeecleseensis,</em></span> <span class='ocrx_word' id='word_1_233' title='bbox 1348 3962 1505 4037; x_wconf 80' lang='lat' dir='ltr'><em>capitulum</em></span> <span class='ocrx_word' id='word_1_234' title='bbox 1521 3961 1636 4035; x_wconf 79' lang='lat' dir='ltr'><em>augrub.</em></span> 
     </span>
     <span class='ocr_line' id='line_1_31' title="bbox 371 4063 1636 4140; baseline 0.003 -21"><span class='ocrx_word' id='word_1_235' title='bbox 371 4071 472 4120; x_wconf 83' lang='lat' dir='ltr'><em>eontra</em></span> <span class='ocrx_word' id='word_1_236' title='bbox 495 4064 656 4136; x_wconf 81' lang='lat' dir='ltr'><em>episcopum</em></span> <span class='ocrx_word' id='word_1_237' title='bbox 673 4063 842 4138; x_wconf 81' lang='lat' dir='ltr'><em>johannem</em></span> <span class='ocrx_word' id='word_1_238' title='bbox 865 4063 898 4120; x_wconf 87' lang='lat' dir='ltr'><em>de</em></span> <span class='ocrx_word' id='word_1_239' title='bbox 920 4067 1063 4138; x_wconf 81' lang='lat' dir='ltr'><em>occupatis</em></span> <span class='ocrx_word' id='word_1_240' title='bbox 1085 4065 1197 4123; x_wconf 83' lang='lat' dir='ltr'><em>dectietis</em></span> <span class='ocrx_word' id='word_1_241' title='bbox 1212 4075 1240 4123; x_wconf 83' lang='lat' dir='ltr'><em>et</em></span> <span class='ocrx_word' id='word_1_242' title='bbox 1256 4065 1403 4140; x_wconf 76' lang='lat' dir='ltr'><em>aliquibus</em></span> <span class='ocrx_word' id='word_1_243' title='bbox 1411 4067 1636 4140; x_wconf 69' lang='lat' dir='ltr'><em>possessionibus</em></span> 
     </span>
     <span class='ocr_line' id='line_1_32' title="bbox 718 4169 1307 4244; baseline 0.01 -20"><span class='ocrx_word' id='word_1_244' title='bbox 718 4169 909 4226; x_wconf 82' lang='lat' dir='ltr'><em>tiernmenttem</em></span> <span class='ocrx_word' id='word_1_245' title='bbox 925 4173 1115 4244; x_wconf 76' lang='lat' dir='ltr'><em>praestitisse,</em></span> <span class='ocrx_word' id='word_1_246' title='bbox 1139 4179 1287 4230; x_wconf 85' lang='lat' dir='ltr'><em>testantur.</em></span> <span class='ocrx_word' id='word_1_247' title='bbox 1305 4173 1307 4178; x_wconf 81' lang='lat'>&#39;</span> 
     </span>
    </p>
   </div>
   <div class='ocr_carea' id='block_1_9' title="bbox 371 4329 1636 5049">
    <p class='ocr_par' dir='ltr' id='par_1_10' title="bbox 371 4329 1636 5049">
     <span class='ocr_line' id='line_1_33' title="bbox 460 4329 1636 4409; baseline 0.007 -23"><span class='ocrx_word' id='word_1_248' title='bbox 460 4329 646 4404; x_wconf 89' lang='lat' dir='ltr'><em>Rudolphus</em></span> <span class='ocrx_word' id='word_1_249' title='bbox 678 4333 854 4406; x_wconf 89' lang='lat' dir='ltr'><em>prepositus</em></span> <span class='ocrx_word' id='word_1_250' title='bbox 881 4339 911 4390; x_wconf 90' lang='lat' dir='ltr'><em>et</em></span> <span class='ocrx_word' id='word_1_251' title='bbox 938 4336 1109 4408; x_wconf 90' lang='lat' dir='ltr'><em>capitulum</em></span> <span class='ocrx_word' id='word_1_252' title='bbox 1142 4336 1270 4393; x_wconf 88' lang='lat' dir='ltr'><em>ecclesie</em></span> <span class='ocrx_word' id='word_1_253' title='bbox 1301 4337 1636 4409; x_wconf 77' lang='lat' dir='ltr'><em>quinqueecclesiensis</em></span> 
     </span>
     <span class='ocr_line' id='line_1_34' title="bbox 371 4436 1635 4517; baseline 0.006 -23"><span class='ocrx_word' id='word_1_254' title='bbox 371 4437 524 4494; x_wconf 90' lang='lat' dir='ltr'><em>Omnibus</em></span> <span class='ocrx_word' id='word_1_255' title='bbox 556 4436 670 4494; x_wconf 88' lang='lat' dir='ltr'><em>Christi</em></span> <span class='ocrx_word' id='word_1_256' title='bbox 703 4436 857 4510; x_wconf 87' lang='lat' dir='ltr'><em>fidelibus,</em></span> <span class='ocrx_word' id='word_1_257' title='bbox 890 4441 1084 4512; x_wconf 89' lang='lat' dir='ltr'><em>presentibus</em></span> <span class='ocrx_word' id='word_1_258' title='bbox 1115 4443 1232 4516; x_wconf 90' lang='lat' dir='ltr'><em>pariter</em></span> <span class='ocrx_word' id='word_1_259' title='bbox 1255 4449 1284 4500; x_wconf 87' lang='lat' dir='ltr'><em>et</em></span> <span class='ocrx_word' id='word_1_260' title='bbox 1307 4442 1420 4501; x_wconf 82' lang='lat' dir='ltr'><em>futuris</em></span> <span class='ocrx_word' id='word_1_261' title='bbox 1443 4445 1635 4517; x_wconf 88' lang='lat' dir='ltr'><em>presencium</em></span> 
     </span>
     <span class='ocr_line' id='line_1_35' title="bbox 372 4541 1636 4627; baseline 0.008 -29"><span class='ocrx_word' id='word_1_262' title='bbox 372 4543 518 4599; x_wconf 89' lang='lat' dir='ltr'><em>noticiam</em></span> <span class='ocrx_word' id='word_1_263' title='bbox 550 4543 702 4601; x_wconf 86' lang='lat' dir='ltr'><em>habituris</em></span> <span class='ocrx_word' id='word_1_264' title='bbox 731 4544 862 4602; x_wconf 88' lang='lat' dir='ltr'><em>salutem</em></span> <span class='ocrx_word' id='word_1_265' title='bbox 886 4547 916 4602; x_wconf 89' lang='lat' dir='ltr'><em>in</em></span> <span class='ocrx_word' id='word_1_266' title='bbox 940 4547 1047 4604; x_wconf 90' lang='lat' dir='ltr'><em>salutis</em></span> <span class='ocrx_word' id='word_1_267' title='bbox 1072 4541 1238 4625; x_wconf 86' lang='lat' dir='ltr'><em>(largitore.</em></span> <span class='ocrx_word' id='word_1_268' title='bbox 1262 4547 1313 4606; x_wconf 92' lang='lat' dir='ltr'><em>Ad</em></span> <span class='ocrx_word' id='word_1_269' title='bbox 1334 4543 1493 4627; x_wconf 87' lang='lat' dir='ltr'><em>noticiam)</em></span> <span class='ocrx_word' id='word_1_270' title='bbox 1517 4551 1636 4608; x_wconf 85' lang='lat' dir='ltr'><em>univer·</em></span> 
     </span>
     <span class='ocr_line' id='line_1_36' title="bbox 372 4649 1636 4726; baseline 0.006 -22"><span class='ocrx_word' id='word_1_271' title='bbox 372 4663 477 4705; x_wconf 89' lang='lat' dir='ltr'><em>sorum</em></span> <span class='ocrx_word' id='word_1_272' title='bbox 505 4649 618 4705; x_wconf 89' lang='lat' dir='ltr'><em>harum</em></span> <span class='ocrx_word' id='word_1_273' title='bbox 648 4650 727 4706; x_wconf 87' lang='lat' dir='ltr'><em>serie</em></span> <span class='ocrx_word' id='word_1_274' title='bbox 750 4650 896 4708; x_wconf 91' lang='lat' dir='ltr'><em>volumus</em></span> <span class='ocrx_word' id='word_1_275' title='bbox 920 4653 1090 4725; x_wconf 89' lang='lat' dir='ltr'><em>pervenire,</em></span> <span class='ocrx_word' id='word_1_276' title='bbox 1116 4653 1199 4726; x_wconf 91' lang='lat' dir='ltr'><em>quod</em></span> <span class='ocrx_word' id='word_1_277' title='bbox 1223 4669 1279 4712; x_wconf 90' lang='lat' dir='ltr'><em>nos</em></span> <span class='ocrx_word' id='word_1_278' title='bbox 1301 4655 1421 4712; x_wconf 88' lang='lat' dir='ltr'><em>litteras</em></span> <span class='ocrx_word' id='word_1_279' title='bbox 1445 4656 1636 4714; x_wconf 88' lang='lat' dir='ltr'><em>honorabilis</em></span> 
     </span>
     <span class='ocr_line' id='line_1_37' title="bbox 372 4753 1636 4832; baseline 0.006 -22"><span class='ocrx_word' id='word_1_280' title='bbox 372 4761 402 4811; x_wconf 91' lang='lat' dir='ltr'><em>et</em></span> <span class='ocrx_word' id='word_1_281' title='bbox 426 4753 550 4812; x_wconf 89' lang='lat' dir='ltr'><em>discreti</em></span> <span class='ocrx_word' id='word_1_282' title='bbox 573 4755 633 4813; x_wconf 85' lang='lat' dir='ltr'><em>viri</em></span> <span class='ocrx_word' id='word_1_283' title='bbox 657 4754 775 4812; x_wconf 87' lang='lat' dir='ltr'><em>domini</em></span> <span class='ocrx_word' id='word_1_284' title='bbox 800 4757 913 4814; x_wconf 88' lang='lat' dir='ltr'><em>Mathie</em></span> <span class='ocrx_word' id='word_1_285' title='bbox 938 4760 1089 4832; x_wconf 90' lang='lat' dir='ltr'><em>prepositi</em></span> <span class='ocrx_word' id='word_1_286' title='bbox 1106 4761 1233 4818; x_wconf 88' lang='lat' dir='ltr'><em>ecclesie</em></span> <span class='ocrx_word' id='word_1_287' title='bbox 1250 4761 1440 4819; x_wconf 89' lang='lat' dir='ltr'><em>chasmensis</em></span> <span class='ocrx_word' id='word_1_288' title='bbox 1456 4769 1486 4820; x_wconf 90' lang='lat' dir='ltr'><em>et</em></span> <span class='ocrx_word' id='word_1_289' title='bbox 1502 4762 1636 4820; x_wconf 89' lang='lat' dir='ltr'><em>canonici</em></span> 
     </span>
     <span class='ocr_line' id='line_1_38' title="bbox 373 4860 1636 4942; baseline 0.006 -23"><span class='ocrx_word' id='word_1_290' title='bbox 373 4860 557 4935; x_wconf 90' lang='lat' dir='ltr'><em>prebendati</em></span> <span class='ocrx_word' id='word_1_291' title='bbox 580 4862 708 4919; x_wconf 90' lang='lat' dir='ltr'><em>ecclesie</em></span> <span class='ocrx_word' id='word_1_292' title='bbox 731 4863 946 4936; x_wconf 83' lang='lat' dir='ltr'><em>zagrabiensis,</em></span> <span class='ocrx_word' id='word_1_293' title='bbox 975 4866 1146 4938; x_wconf 89' lang='lat' dir='ltr'><em>arbitrique</em></span> <span class='ocrx_word' id='word_1_294' title='bbox 1171 4873 1202 4923; x_wconf 89' lang='lat' dir='ltr'><em>et</em></span> <span class='ocrx_word' id='word_1_295' title='bbox 1223 4867 1398 4925; x_wconf 88' lang='lat' dir='ltr'><em>amicabilis</em></span> <span class='ocrx_word' id='word_1_296' title='bbox 1422 4868 1636 4942; x_wconf 88' lang='lat' dir='ltr'><em>compositoris</em></span> 
     </span>
     <span class='ocr_line' id='line_1_39' title="bbox 373 4966 1635 5049; baseline 0.005 -25"><span class='ocrx_word' id='word_1_297' title='bbox 373 4967 452 5024; x_wconf 90' lang='lat' dir='ltr'><em>inter</em></span> <span class='ocrx_word' id='word_1_298' title='bbox 477 4973 580 5039; x_wconf 90' lang='lat' dir='ltr'><em>partes</em></span> <span class='ocrx_word' id='word_1_299' title='bbox 603 4966 823 5042; x_wconf 64' lang='lat' dir='ltr'><em>infrascriptos</em></span> <span class='ocrx_word' id='word_1_300' title='bbox 845 4969 961 5028; x_wconf 90' lang='lat' dir='ltr'><em>honore</em></span> <span class='ocrx_word' id='word_1_301' title='bbox 986 4987 1047 5043; x_wconf 90' lang='lat' dir='ltr'><em>quo</em></span> <span class='ocrx_word' id='word_1_302' title='bbox 1071 4972 1174 5030; x_wconf 89' lang='lat' dir='ltr'><em>decuit</em></span> <span class='ocrx_word' id='word_1_303' title='bbox 1196 4973 1227 5030; x_wconf 90' lang='lat' dir='ltr'><em>in</em></span> <span class='ocrx_word' id='word_1_304' title='bbox 1250 4973 1307 5030; x_wconf 87' lang='lat' dir='ltr'><em>hec</em></span> <span class='ocrx_word' id='word_1_305' title='bbox 1329 4975 1427 5031; x_wconf 90' lang='lat' dir='ltr'><em>verba</em></span> <span class='ocrx_word' id='word_1_306' title='bbox 1448 4976 1635 5049; x_wconf 88' lang='lat' dir='ltr'><em>recepimus:</em></span> 
     </span>
    </p>
   </div>
   <div class='ocr_carea' id='block_1_10' title="bbox 0 0 1868 5806">
    <p class='ocr_par' dir='ltr' id='par_1_11' title="bbox 0 0 1868 5806">
     <span class='ocr_line' id='line_1_40' title="bbox 0 0 1868 5806; baseline 0 2"><span class='ocrx_word' id='word_1_307' title='bbox 0 0 1868 5806; x_wconf 95' lang='lat' dir='ltr'><em> </em></span> 
     </span>
    </p>
   </div>
  </div>
 </body>
</html>
