3824 5806
630 534 703 592 θοι·
726 532 1524 647 413ἈᾼΙᾼἭ

258 751 321 794 uon
351 735 471 794 facturi.
501 735 661 795 Presentes
692 741 797 793 autem
827 749 952 808 semper
981 738 1052 807 post
1081 732 1219 791 debitam
1242 748 1351 791 eorum
1373 733 1526 790 lecturam

258 841 349 900 reddi
372 840 522 901 edicimus
543 841 738 917 presentanti.
761 841 877 898 Datum
900 839 1058 912 Zagrabie,
1082 839 1113 896 in
1128 838 1208 897 festo
1223 839 1306 896 beati
1321 838 1436 895 Mathei
1452 852 1526 910 apo·

260 948 341 1007 stoli.
364 951 453 1006 Anno
479 947 598 1006 domini
619 947 790 1005 millesimo
820 946 1036 1004 trecentesimo
1057 945 1257 1017 nonagesimo
1280 949 1398 1002 octavo.

352 1083 493 1150 Originale
511 1084 538 1134 in
556 1084 715 1134 membrana.
742 1082 892 1148 Vestigium
917 1079 1038 1147 impressi
1064 1079 1156 1145 sigilli.
1181 1079 1212 1130 In
1231 1080 1329 1130 archiv.
1356 1079 1430 1146 regni
1454 1079 1527 1131 CSD.

262 1175 319 1222 Act.
342 1173 492 1222 Conventus
510 1173 611 1223 Remet.
631 1171 692 1222 fasc.
712 1171 732 1222 1.
751 1187 790 1222 nr.
811 1183 852 1233 24.

851 1383 937 1449 413.

370 1525 446 1572 Anno
469 1531 542 1586 1399,
562 1524 585 1574 8.
605 1522 676 1572 maii.
696 1523 850 1589 Zagrabiae.

266 1633 408 1690 Mcolaus
430 1633 464 1691 de
492 1633 579 1691 Garo
602 1633 702 1704 banus,
724 1636 875 1692 lominum
892 1636 923 1692 in
937 1652 1027 1692 causo
1042 1653 1129 1710 quom
1145 1636 1218 1692 cives
1241 1634 1415 1692 Grechenses
1430 1643 1530 1692 cantro

426 1733 428 1736 ’
544 1740 652 1797 τ’νιτοίας
674 1739 707 1796 de
732 1739 814 1797 Odro
837 1741 968 1814 agebant,
991 1741 1082 1799 denuo
1100 1749 1249 1815 prorogat.

355 1884 416 1942 Nos
440 1885 586 1943 Nicolaus
610 1885 648 1943 de
671 1885 762 1958 Gara,
786 1902 953 1959 regnorum
978 1886 1149 1958 Sclauonie,
1174 1887 1334 1945 Dalmacie
1358 1896 1388 1944 et
1404 1887 1531 1946 Croacie

268 1992 374 2049 banus.
400 1990 516 2049 Damus
536 2007 594 2066 pro
618 1993 778 2063 memoria,
802 1992 885 2066 quod
910 2009 1043 2064 causam,
1068 2009 1163 2067 quarn
1185 1994 1287 2062 iudex,
1311 1995 1401 2052 iurati
1421 2001 1450 2050 et
1466 1995 1531 2051 uni·

268 2098 349 2154 versi
373 2098 455 2154 cives
486 2099 600 2156 montis
631 2097 823 2170 Grechensis,
855 2114 913 2172 pro
940 2100 1054 2172 quibus
1077 2097 1252 2173 Stephanus
1276 2101 1423 2170 literatus,
1448 2099 1532 2157 filius

269 2202 365 2267 Pauli,
389 2219 458 2260 cum
484 2204 704 2276 procuratoriis
728 2205 838 2262 litteris
865 2204 1045 2262 eorumdem
1074 2206 1190 2262 civium
1221 2207 1316 2264 astitit
1339 2211 1445 2264 contra
1468 2205 1533 2264 Ste-

269 2309 406 2382 phanum
430 2315 460 2366 et
484 2309 672 2372 Ladislaum.
696 2309 779 2368 filios
804 2310 958 2368 Benedicti
981 2317 1010 2368 et
1033 2311 1229 2384 Gregorium,
1246 2312 1347 2369 filium
1365 2313 1534 2384 Mychaelis

270 2415 308 2474 de
330 2416 423 2486 Odra,
455 2432 492 2474 ex
517 2417 631 2488 quibus
661 2416 744 2474 idem
774 2415 943 2490 Gregorius
965 2433 1023 2490 pro
1046 2434 1079 2474 se
1103 2417 1306 2492 personaliter
1328 2424 1359 2474 et
1382 2433 1440 2492 pro
1463 2419 1533 2475 aliis

270 2522 417 2597 predictis
447 2538 518 2580 cum
550 2524 771 2597 procuratoriis
793 2524 904 2580 litteris
938 2524 1051 2581 nostris
1075 2525 1249 2597 comparuit
1272 2525 1356 2582 iuxta
1380 2528 1534 2582 continen-

271 2630 350 2686 ciam
367 2629 540 2687 litterarum
552 2635 729 2688 nostrarum
747 2630 1041 2703 prorogatoriarum,
1069 2643 1163 2702 super
1178 2630 1258 2687 facto
1282 2629 1535 2688 contradiccionis

272 2736 450 2793 statucionis
472 2735 632 2793 cuiusdam
658 2736 859 2810 possessionis
880 2736 1041 2807 Hraschya
1064 2741 1171 2794 vocate
1187 2736 1218 2793 in
1234 2737 1352 2794 octavis
1369 2735 1438 2794 testi
1455 2737 1536 2794 beati

273 2840 399 2915 Georgii
423 2842 559 2900 martiris
583 2856 709 2899 movere
733 2843 889 2900 habebant
912 2857 1018 2899 coram
1041 2843 1140 2913 nobis,
1161 2841 1199 2899 de
1220 2843 1360 2915 parcium
1378 2843 1537 2900 voluntate

272 2949 311 3007 ad
335 2957 460 3008 octavas
491 2948 561 3006 festi
591 2949 673 3006 beati
706 2947 874 3020 Mychaelis
897 2948 1082 3020 archangeli,
1114 2964 1194 3004 nunc
1217 2955 1371 3020 venturas,
1393 2949 1539 3006 duximus

274 3055 510 3128 prorogandam.
533 3056 570 3112 Et
594 3055 667 3128 quia
686 3055 747 3128 ipsi
762 3055 792 3112 in
809 3070 933 3112 causam
961 3055 1069 3111 atracti
1085 3053 1197 3112 iudicia
1213 3063 1347 3127 quatuor
1362 3070 1538 3113 marcarum

274 3162 477 3236 duplararum
509 3161 599 3219 nobis
628 3178 709 3218 nunc
739 3161 919 3235 persolvere
946 3160 1093 3218 debentes
1123 3175 1183 3217 uon
1207 3161 1432 3233 persolverunt,
1469 3161 1538 3218 ideo

274 3269 406 3326 termino
430 3269 461 3326 in
484 3267 594 3325 eodem
618 3267 700 3325 dicta
723 3267 835 3325 iudicia
858 3283 929 3324 cum
948 3265 1047 3340 duplo
1063 3265 1242 3341 persolvere
1258 3267 1450 3324 tenebuntur.
1468 3267 1539 3324 Pre-

275 3383 375 3434 sentes
406 3381 510 3433 autem
533 3375 645 3447 sigillis
668 3374 780 3432 nostris
804 3373 992 3444 absentibus,
1017 3373 1122 3444 sigillo
1146 3373 1285 3445 magistri
1308 3373 1465 3456 Johannis‚
1482 3373 1540 3431 filii

244 3535 247 3544 .
277 3482 416 3539 Anthimi
439 3481 582 3538 vicebani
614 3487 644 3538 et
674 3479 795 3538 comitis
826 3479 923 3536 nostri
957 3478 1163 3550 zagrabiensis
1199 3477 1327 3536 fecimus
1360 3480 1541 3552 consignari.

278 3587 394 3646 Datum
425 3586 582 3660 Zagrabie,
614 3593 723 3644 octavo
755 3584 805 3643 die
834 3585 958 3642 termini
989 3585 1150 3659 prenotati.
1179 3587 1268 3642 Anno
1291 3585 1409 3643 domini
1432 3585 1541 3643 MCCC

277 3695 475 3768 nonagesimo
501 3707 589 3750 nono.

367 3801 508 3877 Originale'
526 3811 552 3859 in
574 3809 672 3860 charta.
691 3825 705 3858 a
724 3815 801 3875 tergo
820 3809 962 3874 vestigium
982 3808 1103 3874 impressi
1117 3809 1209 3874 sigilli.
1224 3809 1253 3860 Iu
1266 3809 1337 3859 arch.
1351 3812 1431 3860 Acad.
1447 3811 1541 3862 Scient

278 3904 382 3956 Slavor.
400 3899 493 3950 merid

869 4061 956 4126 414.

385 4205 461 4253 Anno
484 4211 557 4268 1399.
578 4202 619 4251 26.
638 4199 719 4268 Junii.
739 4201 893 4266 Zagrabiae.

287 4333 389 4391 coram
406 4332 547 4410 Johanne
576 4331 710 4388 vicebono
737 4338 765 4388 et
794 4330 932 4389 iudicibus
961 4331 1097 4388 nobilium
1125 4332 1310 4389 communitos
1339 4334 1442 4390 montis
1472 4332 1545 4391 Gre-

280 4439 388 4498 chensis
405 4438 439 4495 dc
461 4439 602 4511 ocmpatis
620 4446 676 4512 per
688 4437 772 4512 filios
795 4436 869 4494 Tott
885 4437 919 4495 de
935 4435 1105 4510 Susedgrod
1107 4437 1351 4511 possessionibus:
1373 4437 1545 4508 Petrooina,

610 4543 740 4619 Hrostjo
764 4551 792 4600 et
812 4521 1007 4620 Silyokooina,
1022 4551 1211 4617 protestator.

370 4688 433 4746 Nos
456 4688 604 4762 magister
625 4687 789 4770 Johannes,
820 4687 906 4746 filius
936 4689 1086 4759 Anthimi,
1116 4689 1283 4746 vicebanus
1314 4695 1345 4746 et
1371 4704 1475 4746 comes
1497 4704 1545 4746 za-

282 4795 453 4869 grabiensis
476 4809 511 4851 ac
533 4793 649 4852 iudices
671 4793 827 4851 nobilium
849 4793 988 4852 eiusdem
1020 4794 1191 4852 comitatus.
1219 4795 1368 4852 Memorie
1389 4809 1546 4852 commen·

283 4901 394 4960 damus
417 4917 474 4974 per
492 4905 658 4973 presentes,
675 4899 757 4972 quod
775 4898 948 4973 Stephanus
964 4899 1112 4971 literatus,
1128 4899 1212 4956 filius
1227 4899 1324 4972 Pauli,
1340 4901 1417 4958 civis
1432 4901 1547 4957 montis

283 5007 467 5067 Grechensis
490 5006 529 5064 de
552 5005 704 5078 Zagrabia
725 5005 765 5063 ad
788 5011 927 5064 nostram
948 5006 1154 5079 personaliter
1176 5005 1328 5063 veniendo
1352 5006 1545 5079 presenciam
