3600 5804
578 548 651 605 Doc.
677 557 743 622 172.
763 579 799 587 -
818 547 874 603 An.
901 559 991 622 1339.
1356 567 1411 620 151

152 744 298 816 presentis
329 745 440 819 scripti
472 747 643 818 patrocinio
674 745 904 816 confirmamus,
936 746 1123 804 addicientes
1155 753 1185 804 et
1212 747 1417 819 decernentes,

152 848 228 921 quod
253 865 453 923 quecumque
483 851 650 924 singularis
682 867 813 926 persona
836 853 888 909 vel
910 852 1039 910 societas
1062 863 1168 910 contra
1193 854 1343 927 premissa
1367 855 1418 912 vel

150 955 270 1028 aliquod
294 958 522 1028 premissorum
546 963 731 1031 attemptare
754 957 920 1032 quicquam
946 959 1170 1032 presumpserit
1194 975 1250 1033 per
1266 959 1418 1018 vicarium

148 1062 319 1134 generalem
344 1078 404 1136 pro
428 1070 567 1137 ternpore
583 1064 793 1135 constitutum,
817 1071 911 1138 prout
933 1064 972 1122 de
993 1065 1059 1122 iure
1081 1064 1150 1122 fieri
1173 1065 1295 1139 poterit,
1313 1067 1418 1139 puniri

149 1168 196 1224 vel
218 1167 444 1242 condempnari
468 1169 580 1227 debeat
603 1178 634 1227 et
657 1171 756 1243 possit
778 1169 916 1228 eiusdem
941 1171 1050 1229 vicarii
1073 1187 1130 1244 pro
1155 1171 1244 1228 libito
1262 1171 1417 1229 volutatis.

151 1274 179 1331 ln
202 1273 288 1331 cuius
311 1275 359 1332 rei
382 1274 563 1333 firmitatem
588 1276 783 1350 presentibus
806 1277 944 1349 sigillum
970 1283 1110 1335 nostrum
1126 1278 1313 1334 autenticum
1330 1277 1418 1336 duxi-

151 1396 215 1438 mus
237 1381 469 1454 apponendum.
502 1382 618 1439 Datum
649 1383 680 1440 in
711 1387 812 1440 castro
836 1387 941 1441 nostro
962 1399 1044 1440 novo
1067 1383 1105 1440 de
1129 1383 1261 1455 livanch,
1286 1385 1315 1440 in
1341 1384 1419 1441 festo

149 1489 346 1546 exaltacionis
369 1495 473 1546 sancte
496 1489 603 1548 crucis.
627 1491 717 1547 Anno
740 1488 858 1547 domini
883 1489 1148 1547 MCCCXXXVII.

233 1624 255 1673 E
284 1624 357 1674 libro
387 1625 503 1676 Statuor.
529 1625 600 1690 capit
632 1627 737 1691 zagrab.
756 1626 831 1692 Joan.
851 1625 967 1675 Ttaltit.
989 1625 1057 1675 Mon.
1079 1624 1138 1675 hist.
1160 1623 1239 1690 episc.
1258 1625 1363 1690 zagrab.
1384 1623 1416 1674 11.

150 1727 176 1777 p.
194 1722 305 1771 31-32.

747 1925 826 1994 172.

252 2065 328 2114 Anno
350 2073 425 2127 1339,
445 2065 486 2114 28.
507 2063 609 2129 aprilis.
628 2065 781 2130 Zagrabiae.

218 2193 374 2250 Concordia
404 2195 478 2251 cives
507 2193 680 2252 Grecltenses
702 2195 779 2252 inter
799 2201 827 2251 et
848 2195 1005 2268 capitulum
1028 2194 1061 2252 de
1083 2195 1229 2251 exactione
1251 2195 1354 2252 tributi

450 2301 611 2374 ,postava“
638 2300 762 2358 dictiue
784 2301 817 2358 de
839 2300 960 2358 diversis
982 2302 1121 2361 artt'culis.

236 2445 298 2504 Nos
331 2445 503 2518 capitulum
536 2446 662 2504 ecclesie
686 2447 901 2519 zagrabiensis.
925 2444 1142 2518 Significamus
1167 2451 1271 2502 tenore
1294 2459 1418 2518 presen-

155 2551 240 2623 cium,
263 2551 378 2624 quibus
402 2551 528 2624 expedit
551 2552 711 2623 universis,
741 2551 825 2625 quod
849 2567 920 2609 cum
944 2567 999 2608 nos
1027 2551 1170 2608 villicum
1193 2555 1223 2607 et
1246 2550 1418 2607 communi-

155 2663 243 2713 tatem
264 2657 453 2716 Grecensem
486 2657 525 2714 de
556 2657 715 2730 Zagrabia‚
743 2674 837 2732 super
860 2657 992 2715 diversis
1015 2672 1177 2714 causarum
1200 2657 1366 2730 generibus
1389 2661 1419 2713 et

155 2777 254 2820 earum
291 2763 432 2820 articulis
469 2764 719 2821 convenissemus
753 2763 861 2821 ordine
891 2762 1051 2820 iudiciario
1082 2763 1113 2820 in
1146 2762 1305 2837 presencia
1335 2761 1418 2833 regie

156 2869 325 2940 maiestatis,
350 2868 518 2942 fuissetque
541 2870 620 2927 inter
644 2886 698 2928 nos
715 2877 745 2928 et
762 2872 845 2944 ipsos
861 2869 1030 2927 Grecenses
1054 2884 1146 2942 super
1170 2867 1331 2941 premissis
1354 2866 1418 2924 litis

157 2976 278 3034 materia
301 2975 422 3034 diucius
446 2977 601 3034 ventilata.
626 2976 764 3034 Tandem
788 2976 866 3034 inter
881 2981 983 3032 cetera
998 2989 1092 3049 super
1108 2974 1270 3031 exaccione
1287 2977 1419 3047 poztaua

157 3091 266 3150 vocata,
289 3097 346 3155 per
369 3083 454 3155 ipsos
477 3083 621 3140 villicum
644 3091 674 3140 et
698 3083 952 3140 communitatem
979 3095 997 3138 a
1020 3079 1147 3138 domino
1170 3085 1276 3137 nostro
1300 3079 1417 3136 Karolo

157 3201 224 3260 rege
246 3188 403 3261 Hungarie
427 3188 541 3246 illustri
566 3190 726 3262 inpetrata,
755 3205 811 3263 per
834 3204 968 3261 eumque
991 3188 1054 3245 suis
1078 3187 1286 3244 mediantibus
1307 3186 1417 3243 litteris

158 3307 291 3351 concessa
321 3293 447 3365 eisdem,
478 3294 516 3352 ad
551 3295 644 3352 talem
677 3297 761 3370 pacis
792 3301 822 3352 et
853 3294 1015 3353 concordie
1049 3293 1231 3351 devenimus
1257 3294 1417 3350 unionem:

159 3399 236 3471 quod
257 3401 324 3473 ipsi,
349 3401 473 3458 villicus
497 3407 526 3458 et
551 3403 756 3459 communitas
772 3417 944 3474 numquam
961 3402 990 3458 in
1007 3406 1194 3474 perpetuum
1211 3400 1312 3473 ipsam
1330 3413 1417 3456 exac-

160 3507 270 3564 cionem
300 3515 431 3580 poztaua
463 3507 586 3578 dictam,
617 3509 667 3564 vel
701 3509 763 3565 alio
793 3508 917 3566 nomine
941 3506 1114 3564 vocandam
1137 3511 1241 3580 petent
1264 3521 1320 3562 nec
1343 3505 1418 3562 reci-

160 3612 238 3682 pient
266 3628 283 3669 a
316 3614 540 3687 pertinentibus
571 3613 609 3670 ad
640 3616 870 3687 zagrabiensem
904 3613 1066 3670 ecclesiam
1099 3611 1330 3685 quoquomodo,
1363 3625 1419 3668 nec

160 3717 220 3774 eius
247 3719 402 3776 occasione
434 3719 484 3776 vel
515 3720 736 3793 cuiuscumque
758 3721 885 3778 alterius
909 3719 1081 3776 exaccionis
1112 3718 1150 3776 de
1183 3733 1264 3776 novo
1289 3717 1418 3791 aliquod

160 3835 316 3894 gravamen
341 3825 486 3882 inducent
509 3826 570 3898 ipsi
593 3827 645 3883 vel
669 3827 782 3899 aliquis
804 3843 841 3884 ex
865 3825 981 3884 eisdem
1006 3840 1203 3899 quocumque
1226 3825 1349 3898 ingenio
1366 3825 1418 3882 vel

162 3930 271 4000 colore;
294 3933 505 3989 renunciantes
520 3933 606 3990 omni
629 3933 697 4002 iuri,
722 3932 806 4005 quod,
830 3932 874 3990 eis
898 3933 928 3990 in
952 3933 1008 3990 hac
1033 3939 1119 4005 parte
1140 3947 1177 3988 ex
1195 3931 1306 3989 litteris
1324 3932 1417 4004 regiis

163 4035 210 4092 vel
230 4037 296 4094 aliis
318 4038 514 4110 competebat
550 4037 600 4095 vel
624 4047 800 4111 competere
827 4045 948 4112 poterat
968 4037 1197 4112 quoquomodo
1223 4037 1308 4106 Item,
1333 4035 1417 4110 quod

162 4141 277 4200 villicus
301 4151 330 4200 et
352 4144 438 4200 cives
462 4141 602 4217 predicti,
631 4144 784 4202 tributum
807 4160 865 4218 per
887 4159 958 4202 suos
982 4143 1123 4202 subditos
1148 4143 1197 4200 vel
1222 4143 1417 4216 singulorum

164 4262 197 4304 ex
217 4250 257 4306 eis
287 4249 325 4307 de
356 4249 444 4306 villis
476 4248 658 4320 forensibus,
690 4251 785 4308 salvis
809 4251 989 4308 concivibus
1013 4251 1152 4324 ipsorum
1177 4250 1311 4307 exterius
1335 4263 1418 4306 com-

163 4358 351 4426 morantibus,
374 4357 464 4414 nobis
489 4372 526 4413 ex
558 4357 727 4414 collacione
756 4359 841 4430 regia
869 4357 1018 4428 debitum,
1044 4355 1156 4414 facient
1181 4371 1305 4429 semper
1327 4355 1419 4430 plene

164 4463 288 4532 persolvi
317 4463 431 4520 nostris
466 4463 638 4520 tributariis
671 4463 749 4520 sicut
780 4479 836 4537 per
866 4463 944 4520 alios
972 4463 1128 4521 communi
1152 4462 1219 4519 iure
1241 4461 1279 4518 de
1303 4463 1418 4524 banatu

164 4566 208 4622 vel
228 4567 347 4625 aliunde
371 4568 561 4641 persolvitur
584 4567 636 4624 vel
659 4567 751 4626 debet
775 4569 914 4642 persolvi
926 4587 932 4638 ;
965 4585 1021 4626 nec
1044 4569 1183 4642 aliquem
1206 4567 1360 4626 forensem
1380 4565 1419 4624 de

164 4679 255 4731 cetero
283 4675 314 4732 in
346 4673 567 4732 detrimentum
596 4675 693 4732 nostri
724 4675 832 4732 tributi
863 4675 995 4749 predicti
1028 4681 1240 4746 assumpment
1272 4673 1303 4731 in
1326 4689 1416 4731 suurn

164 4783 351 4853 consorcium,
375 4781 498 4838 racione
521 4781 602 4839 dacii
625 4783 669 4839 eis
693 4781 891 4855 persolvendi
926 4783 977 4838 vel
1001 4782 1091 4839 aliter
1113 4779 1279 4838 defendent
1314 4795 1332 4837 a
1356 4780 1417 4837 sol-

164 4887 254 4944 vendo
275 4889 399 4946 tributo
424 4887 509 4959 item,
534 4888 615 4961 quod
641 4887 821 4946 hedificium
844 4889 910 4946 sive
933 4887 1062 4945 domum
1085 4887 1220 4962 positam
1235 4901 1292 4960 per
1310 4901 1417 4959 quern·

165 4990 226 5050 dam
248 5009 353 5052 eorum
378 4994 537 5052 concivem
561 4995 591 5052 in
615 5009 685 5052 area
710 4999 822 5066 nostra,
847 4993 931 5067 apud
954 5000 1092 5052 nostram
1117 4994 1227 5051 turrim
1252 4995 1282 5050 in
1306 4991 1417 5065 Grech‚
