<?xml version="1.0" encoding="UTF-8"?>
<!DOCTYPE html PUBLIC "-//W3C//DTD XHTML 1.0 Transitional//EN"
    "http://www.w3.org/TR/xhtml1/DTD/xhtml1-transitional.dtd">
<html xmlns="http://www.w3.org/1999/xhtml" xml:lang="en" lang="en">
 <head>
  <title>
</title>
<meta http-equiv="Content-Type" content="text/html;charset=utf-8" />
  <meta name='ocr-system' content='tesseract 3.04.00' />
  <meta name='ocr-capabilities' content='ocr_page ocr_carea ocr_par ocr_line ocrx_word'/>
</head>
<body>
  <div class='ocr_page' id='page_1' title='image "./monumentahistor18laszgoog_0409.png"; bbox 0 0 3600 5804; ppageno 0'>
   <div class='ocr_carea' id='block_1_1' title="bbox 560 538 1405 619">
    <p class='ocr_par' dir='ltr' id='par_1_1' title="bbox 560 538 1405 619">
     <span class='ocr_line' id='line_1_1' title="bbox 560 538 1405 619; baseline 0.002 -19"><span class='ocrx_word' id='word_1_1' title='bbox 560 543 632 600; x_wconf 77' lang='lat' dir='ltr'>Dar.</span> <span class='ocrx_word' id='word_1_2' title='bbox 658 538 727 617; x_wconf 79' lang='lat'><em>196.</em></span> <span class='ocrx_word' id='word_1_3' title='bbox 755 575 790 584; x_wconf 91' lang='lat'>—</span> <span class='ocrx_word' id='word_1_4' title='bbox 818 543 988 619; x_wconf 76' lang='lat' dir='ltr'>Au.134,1.</span> <span class='ocrx_word' id='word_1_5' title='bbox 1348 561 1405 618; x_wconf 81' lang='lat'>173</span> 
     </span>
    </p>
   </div>
   <div class='ocr_carea' id='block_1_2' title="bbox 152 742 1418 5061">
    <p class='ocr_par' dir='ltr' id='par_1_2' title="bbox 152 742 1418 5061">
     <span class='ocr_line' id='line_1_2' title="bbox 154 742 1407 818; baseline -0.002 -16"><span class='ocrx_word' id='word_1_6' title='bbox 154 749 247 818; x_wconf 85' lang='lat' dir='ltr'>partes</span> <span class='ocrx_word' id='word_1_7' title='bbox 270 749 300 800; x_wconf 92' lang='lat' dir='ltr'>et</span> <span class='ocrx_word' id='word_1_8' title='bbox 322 744 368 801; x_wconf 92' lang='lat' dir='ltr'>sui</span> <span class='ocrx_word' id='word_1_9' title='bbox 393 758 562 800; x_wconf 84' lang='lat' dir='ltr'>assessores</span> <span class='ocrx_word' id='word_1_10' title='bbox 584 743 720 799; x_wconf 83' lang='lat' dir='ltr'><strong>terciam.</strong></span> <span class='ocrx_word' id='word_1_11' title='bbox 742 742 774 798; x_wconf 89' lang='lat' dir='ltr'>ln</span> <span class='ocrx_word' id='word_1_12' title='bbox 791 743 891 799; x_wconf 91' lang='lat' dir='ltr'>causis</span> <span class='ocrx_word' id='word_1_13' title='bbox 915 747 1019 800; x_wconf 91' lang='lat' dir='ltr'>autem</span> <span class='ocrx_word' id='word_1_14' title='bbox 1043 742 1267 814; x_wconf 67' lang='lat' dir='ltr'>criminalibus</span> <span class='ocrx_word' id='word_1_15' title='bbox 1285 751 1317 800; x_wconf 88' lang='lat' dir='ltr'>ut</span> <span class='ocrx_word' id='word_1_16' title='bbox 1339 759 1407 817; x_wconf 91' lang='lat' dir='ltr'>pre·</span> 
     </span>
     <span class='ocr_line' id='line_1_3' title="bbox 153 847 1407 919; baseline -0.002 -12"><span class='ocrx_word' id='word_1_17' title='bbox 153 850 264 918; x_wconf 89' lang='lat' dir='ltr'>dicitur,</span> <span class='ocrx_word' id='word_1_18' title='bbox 288 850 400 906; x_wconf 89' lang='lat' dir='ltr'>habeat</span> <span class='ocrx_word' id='word_1_19' title='bbox 423 847 619 906; x_wconf 88' lang='lat' dir='ltr'>medietatem</span> <span class='ocrx_word' id='word_1_20' title='bbox 644 855 748 906; x_wconf 89' lang='lat' dir='ltr'>noster</span> <span class='ocrx_word' id='word_1_21' title='bbox 779 847 872 906; x_wconf 87' lang='lat' dir='ltr'>iudex</span> <span class='ocrx_word' id='word_1_22' title='bbox 902 848 1057 919; x_wconf 88' lang='lat' dir='ltr'>secularis,</span> <span class='ocrx_word' id='word_1_23' title='bbox 1090 848 1185 906; x_wconf 89' lang='lat' dir='ltr'>aliam</span> <span class='ocrx_word' id='word_1_24' title='bbox 1210 847 1407 906; x_wconf 87' lang='lat' dir='ltr'>medietatem</span> 
     </span>
     <span class='ocr_line' id='line_1_4' title="bbox 153 953 1408 1024; baseline -0.001 -12"><span class='ocrx_word' id='word_1_25' title='bbox 153 957 269 1014; x_wconf 85' lang='lat' dir='ltr'>villicus</span> <span class='ocrx_word' id='word_1_26' title='bbox 291 971 362 1012; x_wconf 89' lang='lat' dir='ltr'>cum</span> <span class='ocrx_word' id='word_1_27' title='bbox 385 955 449 1012; x_wconf 90' lang='lat' dir='ltr'>suis</span> <span class='ocrx_word' id='word_1_28' title='bbox 472 955 689 1024; x_wconf 86' lang='lat' dir='ltr'>assessoribus,</span> <span class='ocrx_word' id='word_1_29' title='bbox 713 959 747 1010; x_wconf 91' lang='lat' dir='ltr'>ut</span> <span class='ocrx_word' id='word_1_30' title='bbox 770 959 816 1011; x_wconf 91' lang='lat' dir='ltr'>est</span> <span class='ocrx_word' id='word_1_31' title='bbox 839 953 965 1012; x_wconf 91' lang='lat' dir='ltr'>dictum.</span> <span class='ocrx_word' id='word_1_32' title='bbox 990 953 1196 1012; x_wconf 87' lang='lat' dir='ltr'>Concedimus</span> <span class='ocrx_word' id='word_1_33' title='bbox 1212 959 1316 1012; x_wconf 91' lang='lat' dir='ltr'>autem</span> <span class='ocrx_word' id='word_1_34' title='bbox 1331 955 1408 1011; x_wconf 90' lang='lat' dir='ltr'>libe·</span> 
     </span>
     <span class='ocr_line' id='line_1_5' title="bbox 154 1060 1408 1134; baseline 0 -16"><span class='ocrx_word' id='word_1_35' title='bbox 154 1061 253 1118; x_wconf 89' lang='lat' dir='ltr'>raliter</span> <span class='ocrx_word' id='word_1_36' title='bbox 275 1069 304 1118; x_wconf 89' lang='lat' dir='ltr'>et</span> <span class='ocrx_word' id='word_1_37' title='bbox 327 1061 493 1118; x_wconf 85' lang='lat' dir='ltr'>efficaciter</span> <span class='ocrx_word' id='word_1_38' title='bbox 524 1060 640 1118; x_wconf 91' lang='lat' dir='ltr'>eisdem</span> <span class='ocrx_word' id='word_1_39' title='bbox 670 1060 784 1118; x_wconf 85' lang='lat' dir='ltr'>nostris</span> <span class='ocrx_word' id='word_1_40' title='bbox 814 1060 990 1134; x_wconf 82' lang='lat' dir='ltr'>hospitibus</span> <span class='ocrx_word' id='word_1_41' title='bbox 1014 1068 1043 1118; x_wconf 88' lang='lat' dir='ltr'>et</span> <span class='ocrx_word' id='word_1_42' title='bbox 1067 1061 1164 1118; x_wconf 92' lang='lat' dir='ltr'>eciam</span> <span class='ocrx_word' id='word_1_43' title='bbox 1189 1061 1258 1118; x_wconf 92' lang='lat' dir='ltr'>aliis</span> <span class='ocrx_word' id='word_1_44' title='bbox 1282 1061 1408 1134; x_wconf 89' lang='lat' dir='ltr'>quibus-</span> 
     </span>
     <span class='ocr_line' id='line_1_6' title="bbox 154 1165 1408 1240; baseline 0.002 -16"><span class='ocrx_word' id='word_1_45' title='bbox 154 1183 278 1240; x_wconf 88' lang='lat' dir='ltr'>cumque</span> <span class='ocrx_word' id='word_1_46' title='bbox 302 1169 384 1225; x_wconf 89' lang='lat' dir='ltr'>veris</span> <span class='ocrx_word' id='word_1_47' title='bbox 407 1167 634 1224; x_wconf 89' lang='lat' dir='ltr'>habitatoribus</span> <span class='ocrx_word' id='word_1_48' title='bbox 659 1165 784 1238; x_wconf 88' lang='lat' dir='ltr'>ibidem,</span> <span class='ocrx_word' id='word_1_49' title='bbox 809 1166 892 1240; x_wconf 92' lang='lat' dir='ltr'>quod</span> <span class='ocrx_word' id='word_1_50' title='bbox 917 1167 955 1225; x_wconf 92' lang='lat' dir='ltr'>de</span> <span class='ocrx_word' id='word_1_51' title='bbox 985 1169 1075 1226; x_wconf 91' lang='lat' dir='ltr'>bonis</span> <span class='ocrx_word' id='word_1_52' title='bbox 1099 1168 1162 1225; x_wconf 91' lang='lat' dir='ltr'>suis</span> <span class='ocrx_word' id='word_1_53' title='bbox 1185 1169 1356 1226; x_wconf 91' lang='lat' dir='ltr'>mobilibus</span> <span class='ocrx_word' id='word_1_54' title='bbox 1379 1177 1408 1226; x_wconf 92' lang='lat' dir='ltr'>et</span> 
     </span>
     <span class='ocr_line' id='line_1_7' title="bbox 153 1273 1409 1348; baseline 0 -18"><span class='ocrx_word' id='word_1_55' title='bbox 153 1273 360 1330; x_wconf 89' lang='lat' dir='ltr'>immobilibus</span> <span class='ocrx_word' id='word_1_56' title='bbox 383 1289 418 1330; x_wconf 94' lang='lat' dir='ltr'>ac</span> <span class='ocrx_word' id='word_1_57' title='bbox 441 1289 473 1330; x_wconf 91' lang='lat' dir='ltr'>se</span> <span class='ocrx_word' id='word_1_58' title='bbox 498 1274 695 1330; x_wconf 90' lang='lat' dir='ltr'>moventibus</span> <span class='ocrx_word' id='word_1_59' title='bbox 718 1274 747 1330; x_wconf 93' lang='lat' dir='ltr'>in</span> <span class='ocrx_word' id='word_1_60' title='bbox 782 1275 846 1332; x_wconf 87' lang='lat' dir='ltr'>vita</span> <span class='ocrx_word' id='word_1_61' title='bbox 878 1275 994 1348; x_wconf 91' lang='lat' dir='ltr'>pariter</span> <span class='ocrx_word' id='word_1_62' title='bbox 1016 1279 1047 1336; x_wconf 81' lang='lat' dir='ltr'>et</span> <span class='ocrx_word' id='word_1_63' title='bbox 1070 1274 1101 1332; x_wconf 90' lang='lat' dir='ltr'>in</span> <span class='ocrx_word' id='word_1_64' title='bbox 1124 1280 1233 1346; x_wconf 90' lang='lat' dir='ltr'>morte,</span> <span class='ocrx_word' id='word_1_65' title='bbox 1259 1275 1333 1332; x_wconf 89' lang='lat' dir='ltr'>iuris</span> <span class='ocrx_word' id='word_1_66' title='bbox 1356 1276 1409 1331; x_wconf 91' lang='lat' dir='ltr'>be-</span> 
     </span>
     <span class='ocr_line' id='line_1_8' title="bbox 152 1379 1407 1452; baseline 0.001 -16"><span class='ocrx_word' id='word_1_67' title='bbox 152 1379 253 1437; x_wconf 90' lang='lat' dir='ltr'>neficio</span> <span class='ocrx_word' id='word_1_68' title='bbox 275 1386 305 1438; x_wconf 93' lang='lat' dir='ltr'>et</span> <span class='ocrx_word' id='word_1_69' title='bbox 330 1379 539 1436; x_wconf 86' lang='lat' dir='ltr'>moderamine</span> <span class='ocrx_word' id='word_1_70' title='bbox 562 1379 711 1450; x_wconf 87' lang='lat' dir='ltr'>adhibito,</span> <span class='ocrx_word' id='word_1_71' title='bbox 742 1379 877 1438; x_wconf 85' lang='lat' dir='ltr'>habeant</span> <span class='ocrx_word' id='word_1_72' title='bbox 907 1379 1091 1452; x_wconf 90' lang='lat' dir='ltr'>disponendi</span> <span class='ocrx_word' id='word_1_73' title='bbox 1122 1380 1254 1438; x_wconf 88' lang='lat' dir='ltr'>liberam</span> <span class='ocrx_word' id='word_1_74' title='bbox 1280 1380 1407 1438; x_wconf 84' lang='lat' dir='ltr'>faculta-</span> 
     </span>
     <span class='ocr_line' id='line_1_9' title="bbox 154 1484 1408 1558; baseline 0.002 -16"><span class='ocrx_word' id='word_1_75' title='bbox 154 1493 217 1542; x_wconf 87' lang='lat' dir='ltr'>tem.</span> <span class='ocrx_word' id='word_1_76' title='bbox 240 1484 435 1558; x_wconf 81' lang='lat' dir='ltr'>Quicumque</span> <span class='ocrx_word' id='word_1_77' title='bbox 459 1491 561 1543; x_wconf 88' lang='lat' dir='ltr'>autem</span> <span class='ocrx_word' id='word_1_78' title='bbox 586 1485 745 1543; x_wconf 89' lang='lat' dir='ltr'>intestatus</span> <span class='ocrx_word' id='word_1_79' title='bbox 774 1484 947 1556; x_wconf 81' lang='lat' dir='ltr'>decesserit,</span> <span class='ocrx_word' id='word_1_80' title='bbox 979 1486 1010 1544; x_wconf 89' lang='lat' dir='ltr'>in</span> <span class='ocrx_word' id='word_1_81' title='bbox 1040 1486 1129 1544; x_wconf 92' lang='lat' dir='ltr'>bonis</span> <span class='ocrx_word' id='word_1_82' title='bbox 1160 1487 1222 1544; x_wconf 86' lang='lat' dir='ltr'>suis</span> <span class='ocrx_word' id='word_1_83' title='bbox 1245 1486 1408 1545; x_wconf 89' lang='lat' dir='ltr'>succedant</span> 
     </span>
     <span class='ocr_line' id='line_1_10' title="bbox 154 1591 1410 1666; baseline 0.002 -18"><span class='ocrx_word' id='word_1_84' title='bbox 154 1591 245 1648; x_wconf 89' lang='lat' dir='ltr'>eidem</span> <span class='ocrx_word' id='word_1_85' title='bbox 269 1592 315 1649; x_wconf 91' lang='lat' dir='ltr'>sni</span> <span class='ocrx_word' id='word_1_86' title='bbox 340 1592 467 1649; x_wconf 84' lang='lat' dir='ltr'>heredes</span> <span class='ocrx_word' id='word_1_87' title='bbox 491 1591 697 1666; x_wconf 85' lang='lat' dir='ltr'>proximiores</span> <span class='ocrx_word' id='word_1_88' title='bbox 720 1607 812 1649; x_wconf 90' lang='lat' dir='ltr'>sexus</span> <span class='ocrx_word' id='word_1_89' title='bbox 834 1592 995 1665; x_wconf 89' lang='lat' dir='ltr'>utriusque</span> <span class='ocrx_word' id='word_1_90' title='bbox 1018 1608 1119 1666; x_wconf 88' lang='lat' dir='ltr'>usque</span> <span class='ocrx_word' id='word_1_91' title='bbox 1143 1591 1182 1650; x_wconf 86' lang='lat' dir='ltr'>ad</span> <span class='ocrx_word' id='word_1_92' title='bbox 1207 1594 1334 1650; x_wconf 87' lang='lat' dir='ltr'>terciam</span> <span class='ocrx_word' id='word_1_93' title='bbox 1357 1608 1410 1666; x_wconf 87' lang='lat' dir='ltr'>ge·</span> 
     </span>
     <span class='ocr_line' id='line_1_11' title="bbox 154 1697 1410 1770; baseline 0.002 -15"><span class='ocrx_word' id='word_1_94' title='bbox 154 1699 338 1756; x_wconf 90' lang='lat' dir='ltr'>neracioncm</span> <span class='ocrx_word' id='word_1_95' title='bbox 361 1714 417 1755; x_wconf 92' lang='lat' dir='ltr'>suo</span> <span class='ocrx_word' id='word_1_96' title='bbox 441 1697 536 1756; x_wconf 92' lang='lat' dir='ltr'>modo</span> <span class='ocrx_word' id='word_1_97' title='bbox 559 1703 588 1756; x_wconf 89' lang='lat' dir='ltr'>et</span> <span class='ocrx_word' id='word_1_98' title='bbox 611 1697 727 1769; x_wconf 89' lang='lat' dir='ltr'>ordine,</span> <span class='ocrx_word' id='word_1_99' title='bbox 744 1697 797 1756; x_wconf 91' lang='lat' dir='ltr'>sed</span> <span class='ocrx_word' id='word_1_100' title='bbox 823 1699 938 1755; x_wconf 89' lang='lat' dir='ltr'>talibus</span> <span class='ocrx_word' id='word_1_101' title='bbox 961 1714 1022 1757; x_wconf 90' lang='lat' dir='ltr'>non</span> <span class='ocrx_word' id='word_1_102' title='bbox 1041 1699 1241 1770; x_wconf 81' lang='lat' dir='ltr'>exstantibus,</span> <span class='ocrx_word' id='word_1_103' title='bbox 1259 1699 1339 1758; x_wconf 85' lang='lat' dir='ltr'>bona</span> <span class='ocrx_word' id='word_1_104' title='bbox 1359 1699 1410 1757; x_wconf 95' lang='lat' dir='ltr'>de-</span> 
     </span>
     <span class='ocr_line' id='line_1_12' title="bbox 156 1801 1408 1879; baseline 0.002 -19"><span class='ocrx_word' id='word_1_105' title='bbox 156 1801 251 1874; x_wconf 82' lang='lat' dir='ltr'>functi,</span> <span class='ocrx_word' id='word_1_106' title='bbox 275 1812 309 1861; x_wconf 89' lang='lat' dir='ltr'>ut</span> <span class='ocrx_word' id='word_1_107' title='bbox 331 1803 511 1878; x_wconf 88' lang='lat' dir='ltr'>predicitur,</span> <span class='ocrx_word' id='word_1_108' title='bbox 535 1804 565 1862; x_wconf 93' lang='lat' dir='ltr'>in</span> <span class='ocrx_word' id='word_1_109' title='bbox 588 1809 649 1860; x_wconf 91' lang='lat' dir='ltr'>tres</span> <span class='ocrx_word' id='word_1_110' title='bbox 668 1803 849 1862; x_wconf 85' lang='lat' dir='ltr'>dividuntur</span> <span class='ocrx_word' id='word_1_111' title='bbox 864 1811 977 1878; x_wconf 89' lang='lat' dir='ltr'>partes.</span> <span class='ocrx_word' id='word_1_112' title='bbox 995 1820 1128 1877; x_wconf 87' lang='lat' dir='ltr'>quarum</span> <span class='ocrx_word' id='word_1_113' title='bbox 1146 1805 1248 1878; x_wconf 86' lang='lat' dir='ltr'>prima</span> <span class='ocrx_word' id='word_1_114' title='bbox 1274 1819 1330 1879; x_wconf 92' lang='lat' dir='ltr'>pro</span> <span class='ocrx_word' id='word_1_115' title='bbox 1354 1821 1408 1862; x_wconf 90' lang='lat' dir='ltr'>sue</span> 
     </span>
     <span class='ocr_line' id='line_1_13' title="bbox 155 1909 1407 1984; baseline 0.002 -18"><span class='ocrx_word' id='word_1_116' title='bbox 155 1911 247 1967; x_wconf 91' lang='lat' dir='ltr'>anime</span> <span class='ocrx_word' id='word_1_117' title='bbox 269 1910 406 1968; x_wconf 87' lang='lat' dir='ltr'>remedio</span> <span class='ocrx_word' id='word_1_118' title='bbox 437 1909 476 1968; x_wconf 91' lang='lat' dir='ltr'>dc</span> <span class='ocrx_word' id='word_1_119' title='bbox 506 1915 612 1968; x_wconf 89' lang='lat' dir='ltr'>nostro</span> <span class='ocrx_word' id='word_1_120' title='bbox 642 1910 771 1968; x_wconf 91' lang='lat' dir='ltr'>consilio</span> <span class='ocrx_word' id='word_1_121' title='bbox 799 1909 1003 1984; x_wconf 88' lang='lat' dir='ltr'>dispensetur,</span> <span class='ocrx_word' id='word_1_122' title='bbox 1034 1911 1170 1970; x_wconf 90' lang='lat' dir='ltr'>secunda</span> <span class='ocrx_word' id='word_1_123' title='bbox 1193 1911 1281 1969; x_wconf 90' lang='lat' dir='ltr'>cedat</span> <span class='ocrx_word' id='word_1_124' title='bbox 1304 1917 1407 1969; x_wconf 93' lang='lat' dir='ltr'>nostre</span> 
     </span>
     <span class='ocr_line' id='line_1_14' title="bbox 155 2015 1411 2090; baseline 0.003 -18"><span class='ocrx_word' id='word_1_125' title='bbox 155 2015 343 2090; x_wconf 89' lang='lat' dir='ltr'>disposicioni</span> <span class='ocrx_word' id='word_1_126' title='bbox 366 2022 396 2074; x_wconf 90' lang='lat' dir='ltr'>et</span> <span class='ocrx_word' id='word_1_127' title='bbox 419 2016 512 2074; x_wconf 88' lang='lat' dir='ltr'>tercia</span> <span class='ocrx_word' id='word_1_128' title='bbox 543 2021 712 2090; x_wconf 90' lang='lat' dir='ltr'>occupetur</span> <span class='ocrx_word' id='word_1_129' title='bbox 743 2032 801 2090; x_wconf 90' lang='lat' dir='ltr'>pro</span> <span class='ocrx_word' id='word_1_130' title='bbox 833 2017 941 2076; x_wconf 91' lang='lat' dir='ltr'>villico</span> <span class='ocrx_word' id='word_1_131' title='bbox 971 2023 1001 2075; x_wconf 90' lang='lat' dir='ltr'>et</span> <span class='ocrx_word' id='word_1_132' title='bbox 1031 2018 1095 2076; x_wconf 91' lang='lat' dir='ltr'>suis</span> <span class='ocrx_word' id='word_1_133' title='bbox 1125 2018 1332 2076; x_wconf 89' lang='lat' dir='ltr'>assessoribus</span> <span class='ocrx_word' id='word_1_134' title='bbox 1355 2033 1411 2076; x_wconf 93' lang='lat' dir='ltr'>suo</span> 
     </span>
     <span class='ocr_line' id='line_1_15' title="bbox 155 2121 1411 2198; baseline 0.002 -19"><span class='ocrx_word' id='word_1_135' title='bbox 155 2121 248 2180; x_wconf 91' lang='lat' dir='ltr'>modo.</span> <span class='ocrx_word' id='word_1_136' title='bbox 272 2123 304 2180; x_wconf 94' lang='lat' dir='ltr'>In</span> <span class='ocrx_word' id='word_1_137' title='bbox 328 2138 366 2180; x_wconf 94' lang='lat' dir='ltr'>eo</span> <span class='ocrx_word' id='word_1_138' title='bbox 389 2129 492 2180; x_wconf 91' lang='lat' dir='ltr'>autem</span> <span class='ocrx_word' id='word_1_139' title='bbox 516 2138 597 2192; x_wconf 87' lang='lat' dir='ltr'>casu,</span> <span class='ocrx_word' id='word_1_140' title='bbox 622 2121 747 2196; x_wconf 85' lang='lat' dir='ltr'>quando</span> <span class='ocrx_word' id='word_1_141' title='bbox 769 2123 883 2195; x_wconf 86' lang='lat' dir='ltr'>aliquis</span> <span class='ocrx_word' id='word_1_142' title='bbox 907 2139 965 2196; x_wconf 91' lang='lat' dir='ltr'>pro</span> <span class='ocrx_word' id='word_1_143' title='bbox 988 2124 1155 2182; x_wconf 90' lang='lat' dir='ltr'>commisso</span> <span class='ocrx_word' id='word_1_144' title='bbox 1177 2123 1331 2182; x_wconf 87' lang='lat' dir='ltr'>maleficio</span> <span class='ocrx_word' id='word_1_145' title='bbox 1354 2140 1411 2198; x_wconf 92' lang='lat' dir='ltr'>pu-</span> 
     </span>
     <span class='ocr_line' id='line_1_16' title="bbox 155 2227 1412 2302; baseline 0.001 -16"><span class='ocrx_word' id='word_1_146' title='bbox 155 2229 230 2286; x_wconf 89' lang='lat' dir='ltr'>nitur</span> <span class='ocrx_word' id='word_1_147' title='bbox 251 2235 350 2286; x_wconf 89' lang='lat' dir='ltr'>morte</span> <span class='ocrx_word' id='word_1_148' title='bbox 373 2229 425 2286; x_wconf 91' lang='lat' dir='ltr'>vel</span> <span class='ocrx_word' id='word_1_149' title='bbox 445 2227 569 2299; x_wconf 90' lang='lat' dir='ltr'>recedit,</span> <span class='ocrx_word' id='word_1_150' title='bbox 593 2243 648 2285; x_wconf 88' lang='lat' dir='ltr'>sua</span> <span class='ocrx_word' id='word_1_151' title='bbox 671 2229 753 2286; x_wconf 87' lang='lat' dir='ltr'>bona</span> <span class='ocrx_word' id='word_1_152' title='bbox 773 2229 877 2286; x_wconf 90' lang='lat' dir='ltr'>omnia</span> <span class='ocrx_word' id='word_1_153' title='bbox 899 2245 956 2302; x_wconf 91' lang='lat' dir='ltr'>per</span> <span class='ocrx_word' id='word_1_154' title='bbox 985 2235 1107 2288; x_wconf 89' lang='lat' dir='ltr'>nostros</span> <span class='ocrx_word' id='word_1_155' title='bbox 1142 2229 1276 2288; x_wconf 88' lang='lat' dir='ltr'>iudicem</span> <span class='ocrx_word' id='word_1_156' title='bbox 1301 2235 1330 2287; x_wconf 92' lang='lat' dir='ltr'>et</span> <span class='ocrx_word' id='word_1_157' title='bbox 1353 2231 1412 2287; x_wconf 90' lang='lat' dir='ltr'>vil-</span> 
     </span>
     <span class='ocr_line' id='line_1_17' title="bbox 155 2334 1412 2408; baseline 0.002 -17"><span class='ocrx_word' id='word_1_158' title='bbox 155 2335 242 2392; x_wconf 89' lang='lat' dir='ltr'>licum</span> <span class='ocrx_word' id='word_1_159' title='bbox 276 2342 473 2408; x_wconf 89' lang='lat' dir='ltr'>occupentur,</span> <span class='ocrx_word' id='word_1_160' title='bbox 505 2334 544 2392; x_wconf 93' lang='lat' dir='ltr'>de</span> <span class='ocrx_word' id='word_1_161' title='bbox 575 2335 699 2407; x_wconf 90' lang='lat' dir='ltr'>quibus,</span> <span class='ocrx_word' id='word_1_162' title='bbox 730 2334 930 2393; x_wconf 88' lang='lat' dir='ltr'>consideratis</span> <span class='ocrx_word' id='word_1_163' title='bbox 965 2335 1141 2407; x_wconf 90' lang='lat' dir='ltr'>heredibus,</span> <span class='ocrx_word' id='word_1_164' title='bbox 1176 2337 1246 2394; x_wconf 88' lang='lat' dir='ltr'>talis</span> <span class='ocrx_word' id='word_1_165' title='bbox 1280 2337 1412 2394; x_wconf 90' lang='lat' dir='ltr'>servicio</span> 
     </span>
     <span class='ocr_line' id='line_1_18' title="bbox 157 2441 1412 2512; baseline 0.002 -15"><span class='ocrx_word' id='word_1_166' title='bbox 157 2441 256 2500; x_wconf 89' lang='lat' dir='ltr'>iudicis</span> <span class='ocrx_word' id='word_1_167' title='bbox 281 2442 378 2500; x_wconf 89' lang='lat' dir='ltr'>nostri</span> <span class='ocrx_word' id='word_1_168' title='bbox 399 2441 451 2498; x_wconf 87' lang='lat' dir='ltr'>vel</span> <span class='ocrx_word' id='word_1_169' title='bbox 474 2441 573 2498; x_wconf 86' lang='lat' dir='ltr'>villici</span> <span class='ocrx_word' id='word_1_170' title='bbox 604 2446 634 2498; x_wconf 90' lang='lat' dir='ltr'>et</span> <span class='ocrx_word' id='word_1_171' title='bbox 665 2441 735 2499; x_wconf 88' lang='lat' dir='ltr'>aliis</span> <span class='ocrx_word' id='word_1_172' title='bbox 766 2441 1017 2512; x_wconf 89' lang='lat' dir='ltr'>circumstanciis,</span> <span class='ocrx_word' id='word_1_173' title='bbox 1041 2441 1297 2500; x_wconf 89' lang='lat' dir='ltr'>distribucionem</span> <span class='ocrx_word' id='word_1_174' title='bbox 1321 2441 1412 2500; x_wconf 88' lang='lat' dir='ltr'>facie·</span> 
     </span>
     <span class='ocr_line' id='line_1_19' title="bbox 157 2547 1412 2620; baseline 0 -16"><span class='ocrx_word' id='word_1_175' title='bbox 157 2561 219 2604; x_wconf 90' lang='lat' dir='ltr'>mus</span> <span class='ocrx_word' id='word_1_176' title='bbox 239 2549 323 2605; x_wconf 86' lang='lat' dir='ltr'>iuxta</span> <span class='ocrx_word' id='word_1_177' title='bbox 346 2555 450 2606; x_wconf 90' lang='lat' dir='ltr'>nostre</span> <span class='ocrx_word' id='word_1_178' title='bbox 473 2547 637 2605; x_wconf 88' lang='lat' dir='ltr'>arbitrium</span> <span class='ocrx_word' id='word_1_179' title='bbox 660 2547 837 2604; x_wconf 90' lang='lat' dir='ltr'>voluntatis.</span> <span class='ocrx_word' id='word_1_180' title='bbox 861 2547 1058 2620; x_wconf 85' lang='lat' dir='ltr'>Quicumque</span> <span class='ocrx_word' id='word_1_181' title='bbox 1081 2556 1185 2606; x_wconf 89' lang='lat' dir='ltr'>autem</span> <span class='ocrx_word' id='word_1_182' title='bbox 1208 2549 1238 2606; x_wconf 94' lang='lat' dir='ltr'>in</span> <span class='ocrx_word' id='word_1_183' title='bbox 1257 2547 1412 2606; x_wconf 89' lang='lat' dir='ltr'>territorio</span> 
     </span>
     <span class='ocr_line' id='line_1_20' title="bbox 157 2651 1413 2727; baseline 0.002 -19"><span class='ocrx_word' id='word_1_184' title='bbox 157 2651 230 2710; x_wconf 88' lang='lat' dir='ltr'>dicte</span> <span class='ocrx_word' id='word_1_185' title='bbox 252 2655 350 2711; x_wconf 92' lang='lat' dir='ltr'>libere</span> <span class='ocrx_word' id='word_1_186' title='bbox 373 2654 451 2710; x_wconf 90' lang='lat' dir='ltr'>ville</span> <span class='ocrx_word' id='word_1_187' title='bbox 476 2653 507 2710; x_wconf 90' lang='lat' dir='ltr'>in</span> <span class='ocrx_word' id='word_1_188' title='bbox 531 2653 689 2727; x_wconf 89' lang='lat' dir='ltr'>presencia</span> <span class='ocrx_word' id='word_1_189' title='bbox 713 2651 822 2710; x_wconf 92' lang='lat' dir='ltr'>iudicis</span> <span class='ocrx_word' id='word_1_190' title='bbox 845 2653 896 2710; x_wconf 91' lang='lat' dir='ltr'>vel</span> <span class='ocrx_word' id='word_1_191' title='bbox 920 2653 1019 2710; x_wconf 93' lang='lat' dir='ltr'>villici</span> <span class='ocrx_word' id='word_1_192' title='bbox 1041 2654 1179 2726; x_wconf 87' lang='lat' dir='ltr'>aliquem</span> <span class='ocrx_word' id='word_1_193' title='bbox 1203 2655 1413 2712; x_wconf 88' lang='lat' dir='ltr'>vulneraverit</span> 
     </span>
     <span class='ocr_line' id='line_1_21' title="bbox 157 2758 1410 2834; baseline 0.002 -19"><span class='ocrx_word' id='word_1_194' title='bbox 157 2758 191 2816; x_wconf 91' lang='lat' dir='ltr'>ad</span> <span class='ocrx_word' id='word_1_195' title='bbox 213 2761 385 2833; x_wconf 84' lang='lat' dir='ltr'>periculum</span> <span class='ocrx_word' id='word_1_196' title='bbox 410 2759 540 2818; x_wconf 90' lang='lat' dir='ltr'>alicuius</span> <span class='ocrx_word' id='word_1_197' title='bbox 563 2760 610 2816; x_wconf 89' lang='lat' dir='ltr'>sui</span> <span class='ocrx_word' id='word_1_198' title='bbox 633 2759 768 2816; x_wconf 89' lang='lat' dir='ltr'>membri</span> <span class='ocrx_word' id='word_1_199' title='bbox 792 2759 982 2832; x_wconf 89' lang='lat' dir='ltr'>principalis,</span> <span class='ocrx_word' id='word_1_200' title='bbox 1005 2775 1042 2816; x_wconf 92' lang='lat' dir='ltr'>eo</span> <span class='ocrx_word' id='word_1_201' title='bbox 1062 2760 1131 2834; x_wconf 90' lang='lat' dir='ltr'>ipso</span> <span class='ocrx_word' id='word_1_202' title='bbox 1153 2759 1192 2818; x_wconf 92' lang='lat' dir='ltr'>ad</span> <span class='ocrx_word' id='word_1_203' title='bbox 1223 2759 1410 2818; x_wconf 89' lang='lat' dir='ltr'>solvendum</span> 
     </span>
     <span class='ocr_line' id='line_1_22' title="bbox 158 2865 1410 2939; baseline 0.003 -19"><span class='ocrx_word' id='word_1_204' title='bbox 158 2865 309 2923; x_wconf 91' lang='lat' dir='ltr'>vulnerato</span> <span class='ocrx_word' id='word_1_205' title='bbox 332 2865 496 2924; x_wconf 92' lang='lat' dir='ltr'>duodecim</span> <span class='ocrx_word' id='word_1_206' title='bbox 520 2879 640 2923; x_wconf 86' lang='lat' dir='ltr'>marcas</span> <span class='ocrx_word' id='word_1_207' title='bbox 664 2870 694 2923; x_wconf 90' lang='lat' dir='ltr'>et</span> <span class='ocrx_word' id='word_1_208' title='bbox 717 2865 909 2923; x_wconf 90' lang='lat' dir='ltr'>tantumdem</span> <span class='ocrx_word' id='word_1_209' title='bbox 934 2865 1028 2924; x_wconf 92' lang='lat' dir='ltr'>iudici</span> <span class='ocrx_word' id='word_1_210' title='bbox 1055 2866 1220 2939; x_wconf 90' lang='lat' dir='ltr'>obligetur,</span> <span class='ocrx_word' id='word_1_211' title='bbox 1245 2867 1410 2939; x_wconf 86' lang='lat' dir='ltr'>statimque</span> 
     </span>
     <span class='ocr_line' id='line_1_23' title="bbox 159 2970 1412 3047; baseline 0.002 -20"><span class='ocrx_word' id='word_1_212' title='bbox 159 2987 209 3044; x_wconf 91' lang='lat' dir='ltr'>per</span> <span class='ocrx_word' id='word_1_213' title='bbox 237 2973 377 3030; x_wconf 90' lang='lat' dir='ltr'>villicum</span> <span class='ocrx_word' id='word_1_214' title='bbox 407 2971 580 3030; x_wconf 88' lang='lat' dir='ltr'>detineatur</span> <span class='ocrx_word' id='word_1_215' title='bbox 611 2972 734 3044; x_wconf 81' lang='lat' dir='ltr'>egregie</span> <span class='ocrx_word' id='word_1_216' title='bbox 766 2970 864 3028; x_wconf 91' lang='lat' dir='ltr'>donec</span> <span class='ocrx_word' id='word_1_217' title='bbox 898 2973 1038 3029; x_wconf 89' lang='lat' dir='ltr'>exsolvat</span> <span class='ocrx_word' id='word_1_218' title='bbox 1068 2973 1253 3046; x_wconf 89' lang='lat' dir='ltr'>premissam</span> <span class='ocrx_word' id='word_1_219' title='bbox 1284 2974 1412 3047; x_wconf 91' lang='lat' dir='ltr'>pecunie</span> 
     </span>
     <span class='ocr_line' id='line_1_24' title="bbox 160 3077 1414 3152; baseline 0 -16"><span class='ocrx_word' id='word_1_220' title='bbox 160 3080 360 3150; x_wconf 89' lang='lat' dir='ltr'>quantitatem,</span> <span class='ocrx_word' id='word_1_221' title='bbox 384 3079 436 3136; x_wconf 91' lang='lat' dir='ltr'>vel</span> <span class='ocrx_word' id='word_1_222' title='bbox 459 3077 498 3136; x_wconf 91' lang='lat' dir='ltr'>de</span> <span class='ocrx_word' id='word_1_223' title='bbox 520 3079 589 3152; x_wconf 88' lang='lat' dir='ltr'>ipsa</span> <span class='ocrx_word' id='word_1_224' title='bbox 611 3077 761 3135; x_wconf 90' lang='lat' dir='ltr'>solvenda</span> <span class='ocrx_word' id='word_1_225' title='bbox 791 3077 872 3136; x_wconf 82' lang='lat' dir='ltr'>infra</span> <span class='ocrx_word' id='word_1_226' title='bbox 902 3077 1078 3152; x_wconf 90' lang='lat' dir='ltr'>quindecim</span> <span class='ocrx_word' id='word_1_227' title='bbox 1108 3078 1173 3136; x_wconf 90' lang='lat' dir='ltr'>dies</span> <span class='ocrx_word' id='word_1_228' title='bbox 1196 3083 1307 3136; x_wconf 86' lang='lat' dir='ltr'>extunc</span> <span class='ocrx_word' id='word_1_229' title='bbox 1330 3095 1414 3136; x_wconf 90' lang='lat' dir='ltr'>secu·</span> 
     </span>
     <span class='ocr_line' id='line_1_25' title="bbox 160 3183 1412 3258; baseline 0.001 -17"><span class='ocrx_word' id='word_1_230' title='bbox 160 3184 271 3242; x_wconf 83' lang='lat' dir='ltr'>ritatem</span> <span class='ocrx_word' id='word_1_231' title='bbox 295 3187 439 3243; x_wconf 87' lang='lat' dir='ltr'>exhibeat</span> <span class='ocrx_word' id='word_1_232' title='bbox 463 3190 684 3258; x_wconf 89' lang='lat' dir='ltr'>conpetentem.</span> <span class='ocrx_word' id='word_1_233' title='bbox 722 3183 781 3242; x_wconf 90' lang='lat' dir='ltr'>Sed</span> <span class='ocrx_word' id='word_1_234' title='bbox 806 3185 860 3256; x_wconf 90' lang='lat' dir='ltr'>qui</span> <span class='ocrx_word' id='word_1_235' title='bbox 884 3185 914 3241; x_wconf 88' lang='lat' dir='ltr'>in</span> <span class='ocrx_word' id='word_1_236' title='bbox 938 3185 1081 3243; x_wconf 90' lang='lat' dir='ltr'>absencia</span> <span class='ocrx_word' id='word_1_237' title='bbox 1103 3183 1212 3242; x_wconf 89' lang='lat' dir='ltr'>iudicis</span> <span class='ocrx_word' id='word_1_238' title='bbox 1235 3186 1285 3242; x_wconf 91' lang='lat' dir='ltr'>vel</span> <span class='ocrx_word' id='word_1_239' title='bbox 1315 3185 1412 3242; x_wconf 90' lang='lat' dir='ltr'>villici</span> 
     </span>
     <span class='ocr_line' id='line_1_26' title="bbox 161 3289 1414 3364; baseline 0 -17"><span class='ocrx_word' id='word_1_240' title='bbox 161 3291 215 3348; x_wconf 91' lang='lat' dir='ltr'>tale</span> <span class='ocrx_word' id='word_1_241' title='bbox 236 3292 308 3364; x_wconf 90' lang='lat' dir='ltr'>quid</span> <span class='ocrx_word' id='word_1_242' title='bbox 333 3291 530 3358; x_wconf 86' lang='lat' dir='ltr'>commiserit,</span> <span class='ocrx_word' id='word_1_243' title='bbox 562 3289 669 3348; x_wconf 89' lang='lat' dir='ltr'>eadem</span> <span class='ocrx_word' id='word_1_244' title='bbox 697 3307 777 3364; x_wconf 88' lang='lat' dir='ltr'>pena</span> <span class='ocrx_word' id='word_1_245' title='bbox 806 3291 837 3348; x_wconf 92' lang='lat' dir='ltr'>in</span> <span class='ocrx_word' id='word_1_246' title='bbox 867 3291 956 3348; x_wconf 92' lang='lat' dir='ltr'>bonis</span> <span class='ocrx_word' id='word_1_247' title='bbox 986 3291 1140 3364; x_wconf 86' lang='lat' dir='ltr'>puniatur,</span> <span class='ocrx_word' id='word_1_248' title='bbox 1164 3289 1335 3348; x_wconf 89' lang='lat' dir='ltr'>dummodo</span> <span class='ocrx_word' id='word_1_249' title='bbox 1358 3307 1414 3364; x_wconf 88' lang='lat' dir='ltr'>per</span> 
     </span>
     <span class='ocr_line' id='line_1_27' title="bbox 162 3395 1413 3470; baseline 0.001 -18"><span class='ocrx_word' id='word_1_250' title='bbox 162 3403 242 3455; x_wconf 87' lang='lat' dir='ltr'>testes</span> <span class='ocrx_word' id='word_1_251' title='bbox 263 3399 398 3470; x_wconf 92' lang='lat' dir='ltr'>ydoneos</span> <span class='ocrx_word' id='word_1_252' title='bbox 422 3399 471 3456; x_wconf 89' lang='lat' dir='ltr'>vel</span> <span class='ocrx_word' id='word_1_253' title='bbox 495 3399 573 3455; x_wconf 90' lang='lat' dir='ltr'>alios</span> <span class='ocrx_word' id='word_1_254' title='bbox 597 3399 674 3455; x_wconf 92' lang='lat' dir='ltr'>iuste</span> <span class='ocrx_word' id='word_1_255' title='bbox 705 3403 735 3454; x_wconf 94' lang='lat' dir='ltr'>et</span> <span class='ocrx_word' id='word_1_256' title='bbox 765 3397 996 3454; x_wconf 86' lang='lat' dir='ltr'>racionabiliter</span> <span class='ocrx_word' id='word_1_257' title='bbox 1023 3397 1229 3454; x_wconf 89' lang='lat' dir='ltr'>convincatur.</span> <span class='ocrx_word' id='word_1_258' title='bbox 1253 3395 1315 3468; x_wconf 76' lang='lat' dir='ltr'>Qui</span> <span class='ocrx_word' id='word_1_259' title='bbox 1339 3411 1413 3454; x_wconf 92' lang='lat' dir='ltr'>vero</span> 
     </span>
     <span class='ocr_line' id='line_1_28' title="bbox 162 3501 1414 3579; baseline 0.001 -21"><span class='ocrx_word' id='word_1_260' title='bbox 162 3504 242 3562; x_wconf 89' lang='lat' dir='ltr'>alteri</span> <span class='ocrx_word' id='word_1_261' title='bbox 263 3507 444 3579; x_wconf 90' lang='lat' dir='ltr'>cuicumque</span> <span class='ocrx_word' id='word_1_262' title='bbox 467 3505 592 3579; x_wconf 88' lang='lat' dir='ltr'>alapam</span> <span class='ocrx_word' id='word_1_263' title='bbox 615 3503 743 3574; x_wconf 92' lang='lat' dir='ltr'>dederit,</span> <span class='ocrx_word' id='word_1_264' title='bbox 767 3504 819 3560; x_wconf 91' lang='lat' dir='ltr'>vel</span> <span class='ocrx_word' id='word_1_265' title='bbox 841 3503 943 3560; x_wconf 90' lang='lat' dir='ltr'>simile</span> <span class='ocrx_word' id='word_1_266' title='bbox 967 3501 1041 3575; x_wconf 90' lang='lat' dir='ltr'>quid</span> <span class='ocrx_word' id='word_1_267' title='bbox 1069 3504 1100 3560; x_wconf 92' lang='lat' dir='ltr'>in</span> <span class='ocrx_word' id='word_1_268' title='bbox 1123 3503 1281 3574; x_wconf 87' lang='lat' dir='ltr'>presencia</span> <span class='ocrx_word' id='word_1_269' title='bbox 1305 3501 1414 3559; x_wconf 91' lang='lat' dir='ltr'>iudicis</span> 
     </span>
     <span class='ocr_line' id='line_1_29' title="bbox 163 3608 1412 3684; baseline 0.002 -21"><span class='ocrx_word' id='word_1_270' title='bbox 163 3609 208 3666; x_wconf 90' lang='lat' dir='ltr'>vel</span> <span class='ocrx_word' id='word_1_271' title='bbox 229 3611 324 3669; x_wconf 91' lang='lat' dir='ltr'>villici</span> <span class='ocrx_word' id='word_1_272' title='bbox 347 3611 462 3682; x_wconf 84' lang='lat' dir='ltr'>fecerit,</span> <span class='ocrx_word' id='word_1_273' title='bbox 486 3626 522 3670; x_wconf 91' lang='lat' dir='ltr'>eo</span> <span class='ocrx_word' id='word_1_274' title='bbox 545 3611 614 3684; x_wconf 92' lang='lat' dir='ltr'>ipso</span> <span class='ocrx_word' id='word_1_275' title='bbox 636 3609 675 3667; x_wconf 91' lang='lat' dir='ltr'>ad</span> <span class='ocrx_word' id='word_1_276' title='bbox 699 3608 883 3667; x_wconf 91' lang='lat' dir='ltr'>solvendum</span> <span class='ocrx_word' id='word_1_277' title='bbox 912 3623 1003 3681; x_wconf 91' lang='lat' dir='ltr'>passo</span> <span class='ocrx_word' id='word_1_278' title='bbox 1038 3609 1190 3678; x_wconf 89' lang='lat' dir='ltr'>iniuriam,</span> <span class='ocrx_word' id='word_1_279' title='bbox 1214 3609 1240 3665; x_wconf 93' lang='lat' dir='ltr'>si</span> <span class='ocrx_word' id='word_1_280' title='bbox 1263 3615 1309 3665; x_wconf 91' lang='lat' dir='ltr'>est</span> <span class='ocrx_word' id='word_1_281' title='bbox 1332 3609 1412 3666; x_wconf 89' lang='lat' dir='ltr'>bone</span> 
     </span>
     <span class='ocr_line' id='line_1_30' title="bbox 165 3713 1414 3790; baseline -0.001 -19"><span class='ocrx_word' id='word_1_282' title='bbox 165 3713 237 3772; x_wconf 86' lang='lat' dir='ltr'>lame</span> <span class='ocrx_word' id='word_1_283' title='bbox 259 3719 394 3790; x_wconf 90' lang='lat' dir='ltr'>quinque</span> <span class='ocrx_word' id='word_1_284' title='bbox 419 3733 538 3776; x_wconf 90' lang='lat' dir='ltr'>marcas</span> <span class='ocrx_word' id='word_1_285' title='bbox 561 3724 591 3774; x_wconf 93' lang='lat' dir='ltr'>et</span> <span class='ocrx_word' id='word_1_286' title='bbox 613 3715 808 3775; x_wconf 90' lang='lat' dir='ltr'>tantumdem</span> <span class='ocrx_word' id='word_1_287' title='bbox 839 3715 932 3772; x_wconf 92' lang='lat' dir='ltr'>iudici</span> <span class='ocrx_word' id='word_1_288' title='bbox 967 3715 1131 3786; x_wconf 90' lang='lat' dir='ltr'>obligetur,</span> <span class='ocrx_word' id='word_1_289' title='bbox 1156 3715 1232 3771; x_wconf 88' lang='lat' dir='ltr'>alias</span> <span class='ocrx_word' id='word_1_290' title='bbox 1256 3720 1358 3771; x_wconf 89' lang='lat' dir='ltr'>tamen</span> <span class='ocrx_word' id='word_1_291' title='bbox 1383 3715 1414 3770; x_wconf 91' lang='lat' dir='ltr'>in</span> 
     </span>
     <span class='ocr_line' id='line_1_31' title="bbox 164 3819 1413 3893; baseline -0.001 -16"><span class='ocrx_word' id='word_1_292' title='bbox 164 3837 216 3878; x_wconf 90' lang='lat' dir='ltr'>una</span> <span class='ocrx_word' id='word_1_293' title='bbox 238 3838 339 3880; x_wconf 88' lang='lat' dir='ltr'>marca</span> <span class='ocrx_word' id='word_1_294' title='bbox 362 3823 540 3881; x_wconf 86' lang='lat' dir='ltr'>adversario</span> <span class='ocrx_word' id='word_1_295' title='bbox 563 3829 593 3880; x_wconf 89' lang='lat' dir='ltr'>et</span> <span class='ocrx_word' id='word_1_296' title='bbox 615 3823 646 3880; x_wconf 93' lang='lat' dir='ltr'>in</span> <span class='ocrx_word' id='word_1_297' title='bbox 670 3822 732 3879; x_wconf 87' lang='lat' dir='ltr'>alia</span> <span class='ocrx_word' id='word_1_298' title='bbox 764 3821 857 3879; x_wconf 91' lang='lat' dir='ltr'>iudici</span> <span class='ocrx_word' id='word_1_299' title='bbox 887 3825 1042 3888; x_wconf 90' lang='lat' dir='ltr'>teneatur;</span> <span class='ocrx_word' id='word_1_300' title='bbox 1070 3819 1122 3876; x_wconf 90' lang='lat' dir='ltr'>sed</span> <span class='ocrx_word' id='word_1_301' title='bbox 1151 3820 1176 3877; x_wconf 89' lang='lat' dir='ltr'>si</span> <span class='ocrx_word' id='word_1_302' title='bbox 1200 3820 1262 3877; x_wconf 91' lang='lat' dir='ltr'>tale</span> <span class='ocrx_word' id='word_1_303' title='bbox 1284 3819 1358 3893; x_wconf 93' lang='lat' dir='ltr'>quid</span> <span class='ocrx_word' id='word_1_304' title='bbox 1385 3821 1413 3876; x_wconf 92' lang='lat' dir='ltr'>in</span> 
     </span>
     <span class='ocr_line' id='line_1_32' title="bbox 165 3926 1415 4001; baseline -0.001 -18"><span class='ocrx_word' id='word_1_305' title='bbox 165 3928 294 3986; x_wconf 91' lang='lat' dir='ltr'>absencia</span> <span class='ocrx_word' id='word_1_306' title='bbox 314 3929 423 3987; x_wconf 89' lang='lat' dir='ltr'>iudicis</span> <span class='ocrx_word' id='word_1_307' title='bbox 446 3931 610 4001; x_wconf 88' lang='lat' dir='ltr'>contingat,</span> <span class='ocrx_word' id='word_1_308' title='bbox 627 3935 699 3985; x_wconf 91' lang='lat' dir='ltr'>tunc</span> <span class='ocrx_word' id='word_1_309' title='bbox 720 3927 758 3984; x_wconf 91' lang='lat' dir='ltr'>ad</span> <span class='ocrx_word' id='word_1_310' title='bbox 775 3927 973 3984; x_wconf 90' lang='lat' dir='ltr'>medietatem</span> <span class='ocrx_word' id='word_1_311' title='bbox 990 3926 1214 3999; x_wconf 87' lang='lat' dir='ltr'>premissorum</span> <span class='ocrx_word' id='word_1_312' title='bbox 1235 3933 1354 3984; x_wconf 90' lang='lat' dir='ltr'>tantum</span> <span class='ocrx_word' id='word_1_313' title='bbox 1371 3926 1415 3983; x_wconf 93' lang='lat' dir='ltr'>in-</span> 
     </span>
     <span class='ocr_line' id='line_1_33' title="bbox 166 4031 1416 4108; baseline 0.001 -20"><span class='ocrx_word' id='word_1_314' title='bbox 166 4033 282 4092; x_wconf 91' lang='lat' dir='ltr'>iuriator</span> <span class='ocrx_word' id='word_1_315' title='bbox 304 4036 498 4108; x_wconf 86' lang='lat' dir='ltr'>astringatur,</span> <span class='ocrx_word' id='word_1_316' title='bbox 523 4035 625 4108; x_wconf 92' lang='lat' dir='ltr'>primo</span> <span class='ocrx_word' id='word_1_317' title='bbox 648 4035 800 4106; x_wconf 87' lang='lat' dir='ltr'>legittime</span> <span class='ocrx_word' id='word_1_318' title='bbox 832 4034 998 4104; x_wconf 88' lang='lat' dir='ltr'>convictus,</span> <span class='ocrx_word' id='word_1_319' title='bbox 1022 4033 1100 4090; x_wconf 93' lang='lat' dir='ltr'>sicut</span> <span class='ocrx_word' id='word_1_320' title='bbox 1130 4037 1176 4089; x_wconf 91' lang='lat' dir='ltr'>est</span> <span class='ocrx_word' id='word_1_321' title='bbox 1199 4034 1340 4106; x_wconf 88' lang='lat' dir='ltr'>superius</span> <span class='ocrx_word' id='word_1_322' title='bbox 1364 4031 1416 4089; x_wconf 93' lang='lat' dir='ltr'>de-</span> 
     </span>
     <span class='ocr_line' id='line_1_34' title="bbox 166 4137 1415 4212; baseline 0.001 -18"><span class='ocrx_word' id='word_1_323' title='bbox 166 4137 312 4198; x_wconf 77' lang='lat' dir='ltr'>claretum.</span> <span class='ocrx_word' id='word_1_324' title='bbox 336 4141 432 4198; x_wconf 88' lang='lat' dir='ltr'>Casus</span> <span class='ocrx_word' id='word_1_325' title='bbox 455 4147 559 4198; x_wconf 91' lang='lat' dir='ltr'>autem</span> <span class='ocrx_word' id='word_1_326' title='bbox 582 4141 635 4198; x_wconf 92' lang='lat' dir='ltr'>alii</span> <span class='ocrx_word' id='word_1_327' title='bbox 659 4140 697 4197; x_wconf 91' lang='lat' dir='ltr'>de</span> <span class='ocrx_word' id='word_1_328' title='bbox 720 4140 824 4197; x_wconf 91' lang='lat' dir='ltr'>verbis</span> <span class='ocrx_word' id='word_1_329' title='bbox 851 4139 1081 4196; x_wconf 90' lang='lat' dir='ltr'>contumeliosis</span> <span class='ocrx_word' id='word_1_330' title='bbox 1104 4145 1134 4196; x_wconf 91' lang='lat' dir='ltr'>et</span> <span class='ocrx_word' id='word_1_331' title='bbox 1155 4139 1353 4212; x_wconf 85' lang='lat' dir='ltr'>vituperiosis</span> <span class='ocrx_word' id='word_1_332' title='bbox 1369 4155 1415 4195; x_wconf 93' lang='lat' dir='ltr'>re·</span> 
     </span>
     <span class='ocr_line' id='line_1_35' title="bbox 166 4242 1415 4320; baseline 0 -20"><span class='ocrx_word' id='word_1_333' title='bbox 166 4242 303 4304; x_wconf 89' lang='lat' dir='ltr'>ducantur</span> <span class='ocrx_word' id='word_1_334' title='bbox 333 4247 374 4304; x_wconf 88' lang='lat' dir='ltr'>ad</span> <span class='ocrx_word' id='word_1_335' title='bbox 404 4246 542 4304; x_wconf 90' lang='lat' dir='ltr'>medium</span> <span class='ocrx_word' id='word_1_336' title='bbox 577 4247 810 4320; x_wconf 87' lang='lat' dir='ltr'>premissorum,</span> <span class='ocrx_word' id='word_1_337' title='bbox 841 4244 1088 4303; x_wconf 90' lang='lat' dir='ltr'>consideracione</span> <span class='ocrx_word' id='word_1_338' title='bbox 1122 4245 1228 4302; x_wconf 89' lang='lat' dir='ltr'>habita</span> <span class='ocrx_word' id='word_1_339' title='bbox 1265 4243 1415 4316; x_wconf 90' lang='lat' dir='ltr'>diligenti,</span> 
     </span>
     <span class='ocr_line' id='line_1_36' title="bbox 165 4350 1414 4427; baseline -0.001 -21"><span class='ocrx_word' id='word_1_340' title='bbox 165 4351 212 4408; x_wconf 91' lang='lat' dir='ltr'>ubi</span> <span class='ocrx_word' id='word_1_341' title='bbox 233 4351 266 4409; x_wconf 87' lang='lat' dir='ltr'>fit</span> <span class='ocrx_word' id='word_1_342' title='bbox 288 4353 446 4411; x_wconf 91' lang='lat' dir='ltr'>distinccio</span> <span class='ocrx_word' id='word_1_343' title='bbox 470 4352 508 4410; x_wconf 93' lang='lat' dir='ltr'>de</span> <span class='ocrx_word' id='word_1_344' title='bbox 532 4354 690 4427; x_wconf 87' lang='lat' dir='ltr'>presencia</span> <span class='ocrx_word' id='word_1_345' title='bbox 711 4359 740 4410; x_wconf 92' lang='lat' dir='ltr'>et</span> <span class='ocrx_word' id='word_1_346' title='bbox 763 4353 906 4410; x_wconf 88' lang='lat' dir='ltr'>absencia</span> <span class='ocrx_word' id='word_1_347' title='bbox 937 4350 1046 4408; x_wconf 90' lang='lat' dir='ltr'>iudicis</span> <span class='ocrx_word' id='word_1_348' title='bbox 1077 4351 1142 4408; x_wconf 89' lang='lat' dir='ltr'>slve</span> <span class='ocrx_word' id='word_1_349' title='bbox 1170 4350 1268 4407; x_wconf 92' lang='lat' dir='ltr'>villici</span> <span class='ocrx_word' id='word_1_350' title='bbox 1292 4355 1322 4406; x_wconf 93' lang='lat' dir='ltr'>et</span> <span class='ocrx_word' id='word_1_351' title='bbox 1345 4365 1414 4423; x_wconf 92' lang='lat' dir='ltr'>per·</span> 
     </span>
     <span class='ocr_line' id='line_1_37' title="bbox 165 4456 1417 4530; baseline -0.002 -16"><span class='ocrx_word' id='word_1_352' title='bbox 165 4469 230 4515; x_wconf 88' lang='lat' dir='ltr'>sone</span> <span class='ocrx_word' id='word_1_353' title='bbox 251 4460 329 4518; x_wconf 90' lang='lat' dir='ltr'>bone</span> <span class='ocrx_word' id='word_1_354' title='bbox 353 4459 443 4530; x_wconf 86' lang='lat' dir='ltr'>farne,</span> <span class='ocrx_word' id='word_1_355' title='bbox 467 4465 568 4518; x_wconf 91' lang='lat' dir='ltr'>cetera</span> <span class='ocrx_word' id='word_1_356' title='bbox 591 4461 712 4518; x_wconf 91' lang='lat' dir='ltr'>minora</span> <span class='ocrx_word' id='word_1_357' title='bbox 742 4459 807 4516; x_wconf 90' lang='lat' dir='ltr'>sive</span> <span class='ocrx_word' id='word_1_358' title='bbox 838 4459 957 4515; x_wconf 90' lang='lat' dir='ltr'>leviora</span> <span class='ocrx_word' id='word_1_359' title='bbox 986 4457 1149 4514; x_wconf 89' lang='lat' dir='ltr'>iudicantis</span> <span class='ocrx_word' id='word_1_360' title='bbox 1172 4457 1302 4514; x_wconf 89' lang='lat' dir='ltr'>arbitrio</span> <span class='ocrx_word' id='word_1_361' title='bbox 1325 4456 1417 4513; x_wconf 90' lang='lat' dir='ltr'>relin-</span> 
     </span>
     <span class='ocr_line' id='line_1_38' title="bbox 165 4563 1417 4639; baseline -0.002 -18"><span class='ocrx_word' id='word_1_362' title='bbox 165 4573 294 4638; x_wconf 86' lang='lat' dir='ltr'>quantur.</span> <span class='ocrx_word' id='word_1_363' title='bbox 318 4568 386 4625; x_wconf 93' lang='lat' dir='ltr'>Hoc</span> <span class='ocrx_word' id='word_1_364' title='bbox 414 4569 510 4626; x_wconf 91' lang='lat' dir='ltr'>eciam</span> <span class='ocrx_word' id='word_1_365' title='bbox 542 4565 724 4637; x_wconf 90' lang='lat' dir='ltr'>addicimus,</span> <span class='ocrx_word' id='word_1_366' title='bbox 756 4565 838 4639; x_wconf 93' lang='lat' dir='ltr'>quod</span> <span class='ocrx_word' id='word_1_367' title='bbox 871 4565 981 4622; x_wconf 90' lang='lat' dir='ltr'>citatus</span> <span class='ocrx_word' id='word_1_368' title='bbox 1011 4565 1199 4636; x_wconf 90' lang='lat' dir='ltr'>quicumque</span> <span class='ocrx_word' id='word_1_369' title='bbox 1233 4577 1291 4636; x_wconf 91' lang='lat' dir='ltr'>pro</span> <span class='ocrx_word' id='word_1_370' title='bbox 1316 4563 1417 4635; x_wconf 91' lang='lat' dir='ltr'>prima</span> 
     </span>
     <span class='ocr_line' id='line_1_39' title="bbox 165 4667 1417 4747; baseline -0.004 -18"><span class='ocrx_word' id='word_1_371' title='bbox 165 4673 232 4744; x_wconf 91' lang='lat' dir='ltr'>vice,</span> <span class='ocrx_word' id='word_1_372' title='bbox 254 4691 312 4732; x_wconf 94' lang='lat' dir='ltr'>non</span> <span class='ocrx_word' id='word_1_373' title='bbox 336 4690 527 4747; x_wconf 91' lang='lat' dir='ltr'>comparens,</span> <span class='ocrx_word' id='word_1_374' title='bbox 550 4675 581 4731; x_wconf 95' lang='lat' dir='ltr'>in</span> <span class='ocrx_word' id='word_1_375' title='bbox 605 4673 737 4730; x_wconf 88' lang='lat' dir='ltr'>denariis</span> <span class='ocrx_word' id='word_1_376' title='bbox 769 4677 847 4742; x_wconf 93' lang='lat' dir='ltr'>octo,</span> <span class='ocrx_word' id='word_1_377' title='bbox 878 4686 937 4744; x_wconf 92' lang='lat' dir='ltr'>pro</span> <span class='ocrx_word' id='word_1_378' title='bbox 969 4669 1103 4728; x_wconf 89' lang='lat' dir='ltr'>secunda</span> <span class='ocrx_word' id='word_1_379' title='bbox 1131 4669 1205 4738; x_wconf 92' lang='lat' dir='ltr'>vice,</span> <span class='ocrx_word' id='word_1_380' title='bbox 1230 4669 1260 4726; x_wconf 92' lang='lat' dir='ltr'>in</span> <span class='ocrx_word' id='word_1_381' title='bbox 1284 4667 1417 4725; x_wconf 89' lang='lat' dir='ltr'>denariis</span> 
     </span>
     <span class='ocr_line' id='line_1_40' title="bbox 166 4773 1417 4854; baseline -0.003 -20"><span class='ocrx_word' id='word_1_382' title='bbox 166 4775 317 4838; x_wconf 89' lang='lat' dir='ltr'>duodecim</span> <span class='ocrx_word' id='word_1_383' title='bbox 340 4787 370 4838; x_wconf 93' lang='lat' dir='ltr'>et</span> <span class='ocrx_word' id='word_1_384' title='bbox 393 4795 452 4854; x_wconf 93' lang='lat' dir='ltr'>pro</span> <span class='ocrx_word' id='word_1_385' title='bbox 483 4780 576 4837; x_wconf 89' lang='lat' dir='ltr'>tercia</span> <span class='ocrx_word' id='word_1_386' title='bbox 608 4780 675 4836; x_wconf 92' lang='lat' dir='ltr'>vice</span> <span class='ocrx_word' id='word_1_387' title='bbox 706 4779 737 4835; x_wconf 94' lang='lat' dir='ltr'>in</span> <span class='ocrx_word' id='word_1_388' title='bbox 768 4777 879 4850; x_wconf 87' lang='lat' dir='ltr'>viginti</span> <span class='ocrx_word' id='word_1_389' title='bbox 910 4775 1069 4835; x_wconf 88' lang='lat' dir='ltr'>solvendis</span> <span class='ocrx_word' id='word_1_390' title='bbox 1103 4775 1211 4832; x_wconf 89' lang='lat' dir='ltr'>villico</span> <span class='ocrx_word' id='word_1_391' title='bbox 1234 4774 1300 4831; x_wconf 90' lang='lat' dir='ltr'>sive</span> <span class='ocrx_word' id='word_1_392' title='bbox 1324 4773 1417 4831; x_wconf 92' lang='lat' dir='ltr'>iudici</span> 
     </span>
     <span class='ocr_line' id='line_1_41' title="bbox 166 4879 1417 4958; baseline -0.003 -19"><span class='ocrx_word' id='word_1_393' title='bbox 166 4885 310 4958; x_wconf 89' lang='lat' dir='ltr'>obligetur</span> <span class='ocrx_word' id='word_1_394' title='bbox 333 4887 413 4944; x_wconf 82' lang='lat' dir='ltr'>intra</span> <span class='ocrx_word' id='word_1_395' title='bbox 435 4894 505 4944; x_wconf 88' lang='lat' dir='ltr'>octo</span> <span class='ocrx_word' id='word_1_396' title='bbox 528 4885 601 4956; x_wconf 91' lang='lat' dir='ltr'>dies,</span> <span class='ocrx_word' id='word_1_397' title='bbox 626 4901 750 4958; x_wconf 83' lang='lat' dir='ltr'>semper·</span> <span class='ocrx_word' id='word_1_398' title='bbox 776 4901 794 4941; x_wconf 93' lang='lat' dir='ltr'>a</span> <span class='ocrx_word' id='word_1_399' title='bbox 825 4884 883 4956; x_wconf 93' lang='lat' dir='ltr'>die,</span> <span class='ocrx_word' id='word_1_400' title='bbox 915 4899 976 4957; x_wconf 90' lang='lat' dir='ltr'>qua</span> <span class='ocrx_word' id='word_1_401' title='bbox 1006 4897 1187 4956; x_wconf 91' lang='lat' dir='ltr'>comparere</span> <span class='ocrx_word' id='word_1_402' title='bbox 1210 4879 1367 4950; x_wconf 86' lang='lat' dir='ltr'>debuerat,</span> <span class='ocrx_word' id='word_1_403' title='bbox 1392 4881 1417 4936; x_wconf 91' lang='lat' dir='ltr'>si</span> 
     </span>
     <span class='ocr_line' id='line_1_42' title="bbox 167 4985 1418 5061; baseline -0.002 -15"><span class='ocrx_word' id='word_1_404' title='bbox 167 5005 244 5049; x_wconf 84' lang='lat' dir='ltr'>suem</span> <span class='ocrx_word' id='word_1_405' title='bbox 266 4994 491 5050; x_wconf 90' lang='lat' dir='ltr'>contumaciam</span> <span class='ocrx_word' id='word_1_406' title='bbox 511 4993 577 5050; x_wconf 89' lang='lat' dir='ltr'>sive</span> <span class='ocrx_word' id='word_1_407' title='bbox 599 4991 775 5050; x_wconf 90' lang='lat' dir='ltr'>absenciam</span> <span class='ocrx_word' id='word_1_408' title='bbox 797 4991 1028 5048; x_wconf 89' lang='lat' dir='ltr'>racionabiliter</span> <span class='ocrx_word' id='word_1_409' title='bbox 1051 5003 1111 5045; x_wconf 94' lang='lat' dir='ltr'>non</span> <span class='ocrx_word' id='word_1_410' title='bbox 1135 4985 1248 5061; x_wconf 91' lang='lat' dir='ltr'>poterit</span> <span class='ocrx_word' id='word_1_411' title='bbox 1263 5001 1418 5044; x_wconf 90' lang='lat' dir='ltr'>excusare.</span> 
     </span>
    </p>
   </div>
   <div class='ocr_carea' id='block_1_3' title="bbox 0 0 1822 5804">
    <p class='ocr_par' dir='ltr' id='par_1_3' title="bbox 0 0 1822 5804">
     <span class='ocr_line' id='line_1_43' title="bbox 0 0 1822 5804; baseline 0 0"><span class='ocrx_word' id='word_1_412' title='bbox 0 0 1822 5804; x_wconf 95' lang='lat' dir='ltr'> </span> 
     </span>
    </p>
   </div>
  </div>
 </body>
</html>
