3600 5804
575 573 647 629 Duc.
673 584 739 646 105.
768 606 803 614 —
830 572 885 629 An.
909 569 996 649 1316.

171 677 463 684 ——-————-..-

752 767 836 833 105.

266 858 339 904 Anno
362 857 436 913 1316,
457 865 472 913 3
500 855 571 912 maii,
590 853 743 918 Zagrabiae.

172 967 215 1023 Fr.
237 966 410 1037 Augustnms
425 966 504 1038 episc.
525 965 651 1038 ingrad,
666 965 803 1038 quantulo
818 965 855 1022 ab
876 965 1084 1022 archidiaconis
1099 967 1161 1022 cccl.
1185 965 1300 1038 aagrab.
1319 981 1423 1020 marca

401 1071 435 1128 de
458 1072 582 1144 quolibet
602 1071 741 1128 homicida
764 1072 903 1146 exigendi
926 1070 974 1141 sr't,
990 1070 1170 1145 praescribit.

252 1216 354 1272 Frater
379 1216 569 1288 Augustinus
593 1216 793 1273 miseracione
816 1215 923 1273 divina
945 1215 1152 1288 zagrabiensis
1176 1215 1348 1288 episcopus.
1372 1213 1427 1271 Di·

173 1329 259 1378 screto
281 1322 347 1379 viro
370 1321 507 1394 Georgio
529 1321 744 1379 archidiacono
765 1320 938 1379 kathedrali
962 1336 1032 1379 cum
1061 1325 1189 1394 paterna
1210 1319 1425 1377 benediccione

175 1427 300 1484 salutem.
322 1427 371 1484 Ad
396 1427 656 1486 consultacionem
686 1434 770 1486 tuam
788 1428 890 1486 taliter
906 1425 1138 1500 respondemus,
1165 1425 1249 1499 quod
1265 1426 1291 1482 si
1306 1430 1425 1482 certum

176 1540 214 1590 est
241 1539 289 1590 aut
319 1535 497 1605 verisimile,
527 1534 612 1607 quod
640 1549 698 1608 pro
725 1533 893 1592 homicidio
917 1534 990 1603 eius,
1014 1533 1068 1606 qui
1091 1533 1208 1590 occisus
1231 1537 1285 1602 est,
1308 1531 1425 1588 so'lucio

174 1640 281 1712 penalis
310 1641 439 1712 pecunie
470 1647 522 1698 aut
551 1639 722 1698 satisfaccio
753 1641 859 1713 aliqua
889 1642 955 1697 sive
987 1655 1042 1713 per
1070 1637 1199 1696 modum
1223 1637 1336 1708 iudicii,
1360 1639 1425 1694 sive

171 1761 221 1818 per
241 1744 364 1802 modurn
388 1747 612 1820 conposicionis
636 1747 687 1803 vel
712 1759 907 1819 quocumque
932 1744 1026 1803 modo
1057 1745 1119 1802 alio
1150 1743 1253 1802 valeat
1283 1743 1424 1816 optineri,

173 1859 237 1908 tunc
257 1857 288 1908 lu
310 1853 350 1908 ab
373 1851 443 1909 aliis
467 1853 520 1925 qui
543 1852 698 1926 sepeliunt
728 1849 925 1910 interiectum
954 1857 1044 1925 potes
1067 1851 1206 1925 accipere
1229 1848 1424 1906 fideiussores
1482 1927 1486 1936 Ι

169 1965 218 2014 aut
238 1957 362 2031 pignora
386 1974 480 2032 super
503 1974 548 2028 ec,
573 1958 656 2031 quod
678 1958 752 2016 dum
769 1974 827 2034 pro
844 1958 1012 2016 homicidio
1028 1957 1227 2016 exhibebitur
1242 1954 1423 2026 satisfaccio,

168 2065 213 2120 ius
233 2063 435 2122 archidiaconi
458 2065 576 2137 absque
599 2071 702 2122 tamen
726 2063 910 2123 difficultate
934 2064 985 2122 vel
1010 2062 1213 2135 subterfugio
1238 2061 1424 2119 exsolvetur.

169 2167 198 2226 Si
221 2185 288 2225 veru
319 2170 389 2226 talis
420 2168 539 2228 advena
569 2171 622 2228 vel
653 2170 814 2244 profugus
850 2171 900 2229 vel
927 2173 1059 2228 incertus
1082 2170 1134 2227 vel
1159 2174 1268 2244 potens
1290 2168 1425 2224 extiterit

167 2274 323 2346 homicida,
357 2282 391 2332 ut
416 2277 445 2334 in
469 2292 541 2334 eum
564 2278 649 2336 accio
673 2283 776 2350 posset
799 2277 892 2350 dirigi
915 2291 975 2334 non
1000 2283 1150 2351 speretur,
1174 2290 1234 2344 eos
1258 2275 1312 2346 qui
1332 2274 1425 2331 inter·

168 2379 274 2438 fectum
303 2382 428 2456 sepeliri
460 2389 576 2455 petunt,
607 2400 668 2442 non
700 2383 854 2441 credimus
885 2395 950 2441 esse
981 2381 1135 2456 cogendos
1165 2379 1205 2439 ad
1229 2379 1425 2438 fideiussores

167 2487 333 2544 statuendos
365 2489 417 2544 vel
446 2490 577 2562 pignora
607 2489 775 2560 offerenda,
806 2501 918 2548 verum
949 2489 975 2548 si
998 2489 1144 2564 primitus
1168 2485 1340 2546 satisfaccio
1362 2501 1423 2543 non

167 2596 281 2665 sperata
301 2593 503 2668 postmodum
526 2595 732 2670 impendatur,
748 2597 848 2655 libere
864 2596 981 2670 poteris
997 2601 1082 2653 tuam
1098 2595 1221 2666 exigere
1237 2593 1423 2666 porcionem.

168 2697 303 2756 Ceterum
326 2699 364 2757 de
387 2701 459 2772 illis,
484 2701 538 2774 qui
561 2703 728 2759 commisso
754 2701 923 2760 homicidio
945 2700 1053 2774 fugam
1075 2701 1228 2774 arripiunt
1251 2705 1281 2755 et
1304 2697 1423 2756 domini

168 2807 312 2862 terrarum
336 2806 417 2863 bona
441 2807 581 2880 ipsorum
604 2806 755 2878 auferunt,
779 2807 837 2864 hoc
860 2807 1015 2866 credimus
1038 2821 1153 2880 equum
1177 2821 1251 2876 esse,
1268 2811 1302 2862 ut
1317 2820 1355 2862 ex
1371 2820 1424 2878 pe·

167 2911 250 2967 cunia
272 2911 424 2970 homicide
443 2913 490 2970 ius
513 2913 721 2972 archidiaconi
756 2914 944 2984 exsolvatur,
972 2917 1077 2971 coacto
1100 2911 1226 2970 domino
1250 2911 1301 2968 vel
1325 2910 1425 2968 iudice

167 3021 214 3073 aut
246 3018 383 3089 quolibet
413 3035 598 3093 possessore,
629 3021 695 3077 sive
722 3019 866 3078 dominus
890 3025 971 3078 terre
994 3026 1047 3077 aut
1070 3017 1163 3076 iudex
1186 3017 1352 3075 heredibus
1375 3032 1425 3074 oc·

167 3123 215 3180 cisi
239 3125 313 3181 iuste
335 3124 512 3196 satisfaciat,
536 3126 601 3183 sive
625 3141 660 3183 ea
680 3126 805 3184 sibimet
828 3127 958 3184 retineat
974 3126 1075 3183 minus
1092 3125 1185 3194 iuste;
1201 3125 1326 3198 insuper
1343 3124 1424 3180 bona

167 3229 283 3302 profugi
305 3231 461 3288 homicide
484 3235 590 3303 eciam,
621 3233 646 3290 si
670 3249 726 3290 nec
755 3248 812 3306 per
835 3232 996 3290 dominum
1021 3237 1109 3301 terre,
1133 3246 1188 3288 nec
1211 3245 1267 3304 per
1289 3227 1423 3287 iudicem

167 3336 271 3394 fuerint
293 3337 451 3412 impedita,
475 3337 551 3396 dum
575 3345 677 3397 tamen
702 3340 799 3397 oculis
823 3344 947 3414 pateant
971 3339 1052 3407 satis
1076 3342 1164 3412 potes
1187 3334 1315 3394 heredes
1332 3336 1423 3392 inter-

168 3441 232 3500 iecti
253 3459 370 3516 cogere,
394 3451 429 3502 ut
451 3447 498 3502 ius
521 3445 728 3503 archidiaconi
752 3445 924 3513 exsolvant,
948 3446 1026 3502 sicut
1045 3444 1174 3502 enimin
1190 3457 1262 3499 casu
1278 3441 1424 3514 proximo

168 3550 342 3622 precedenti,
366 3567 471 3608 rerum
502 3552 623 3609 ablacio
655 3569 711 3626 per
738 3551 899 3609 dominum
928 3557 1007 3610 terre
1030 3551 1082 3608 vel
1106 3566 1162 3624 per
1186 3549 1319 3608 iudicem
1343 3548 1423 3606 lacta

169 3669 219 3726 pro
248 3656 380 3729 quadam
412 3657 702 3731 condempnacionis
733 3657 785 3714 vel
818 3657 1009 3715 execucionis
1033 3657 1134 3731 specie
1168 3662 1344 3732 reputatu1·;
1381 3655 1423 3712 ita

170 3761 258 3819 eciam
288 3761 361 3835 luga
394 3779 487 3836 quam
517 3765 655 3837 arripuit,
687 3765 712 3820 si
745 3764 850 3821 oblata
874 3765 934 3821 sibi
958 3763 1129 3833 securitate,
1154 3767 1187 3820 ut
1211 3759 1249 3818 ad
1273 3760 1422 3818 iudicium

171 3867 273 3939 redeat,
297 3869 399 3927 redire
422 3871 529 3942 noluit,
553 3871 603 3928 vel
628 3887 666 3928 ne
689 3871 846 3928 conveniri
870 3871 980 3941 valeat,
1005 3885 1071 3927 sese
1095 3869 1217 3943 penitus
1239 3867 1421 3937 absentavit,

169 3972 234 4028 satis
255 3973 412 4032 videbitur
435 3976 495 4034 sibi
519 3975 601 4034 male
625 3977 764 4034 conscius
787 3977 826 4035 de
851 3977 979 4034 crimine
1002 3975 1180 4049 aliqualiter
1202 3973 1349 4044 confiteri,
1372 3989 1422 4030 res

169 4077 252 4147 igitur
273 4095 350 4152 quas
373 4080 500 4154 reliquit
522 4097 580 4155 pro
603 4081 732 4140 desertis
754 4089 824 4141 sunt
848 4081 998 4154 habende,
1021 4087 1052 4139 et
1074 4098 1112 4139 ex
1132 4081 1287 4140 derelictis
1303 4079 1354 4136 vel
1370 4079 1422 4136 de·

169 4185 247 4241 sertis
268 4188 362 4244 rebus
392 4187 547 4246 homicide
577 4189 625 4246 ius
655 4189 863 4248 archidiaconi
893 4189 1045 4262 legittime
1076 4190 1223 4261 exigetur.
1248 4187 1315 4244 Hoc
1338 4200 1421 4256 vero,

170 4289 243 4359 quod
265 4291 419 4350 interdum
442 4292 555 4351 dicitur
577 4295 630 4351 vel
653 4294 796 4364 obicitur,
820 4295 903 4368 quod
929 4294 1092 4366 homicida,
1108 4295 1135 4352 si
1151 4295 1198 4352 ius
1214 4291 1422 4350 archidiaconi

170 4394 290 4454 solveret
312 4403 383 4455 ante
405 4399 599 4470 sentenciam,
624 4398 704 4458 iacta
732 4401 851 4458 solucio
882 4407 986 4475 posset
1009 4401 1090 4458 abici
1113 4401 1143 4458 in
1167 4401 1291 4472 signum
1315 4397 1366 4455 vel
1390 4398 1420 4454 in

171 4501 367 4562 testimonium
391 4505 497 4562 autin
521 4511 738 4578 argumentum
768 4508 991 4580 recognicionis
1014 4507 1146 4578 sceleris,
1170 4507 1229 4564 sibi
1252 4506 1283 4564 in
1307 4503 1421 4562 iudicio

172 4601 317 4676 diiiitenti;
348 4610 387 4667 de
416 4611 470 4669 tali
502 4611 656 4670 homicida
691 4619 791 4687 potest
814 4613 945 4686 intelligi
969 4613 1055 4670 cuius
1079 4613 1203 4684 factum,
1223 4619 1252 4670 et
1275 4613 1301 4670 si
1324 4611 1421 4668 mani-

172 4706 271 4769 festum
294 4714 376 4772 idem
400 4717 565 4790 probabile
586 4718 704 4789 existat,
721 4719 816 4792 exigit
831 4724 934 4778 tamen
950 4719 1059 4776 iudicis
1076 4719 1225 4790 examine,
1242 4719 1305 4777 litis
1321 4717 1420 4775 exitus

172 4811 271 4876 dubius
293 4827 347 4892 est,
369 4823 441 4880 licet
464 4830 621 4882 exactores
646 4825 831 4898 quandoque
853 4826 933 4883 iusta
956 4829 1069 4899 petant,
1094 4839 1153 4882 non
1170 4839 1293 4899 semper
1309 4829 1420 4892 tamen,

171 4923 244 4992 quod
266 4929 426 4999 pecierant,
449 4935 634 4987 assecuntur.
659 4930 773 4988 Datum
797 4930 947 5003 Zagrabie
970 4931 1001 4988 in
1018 4930 1096 4988 sesto
1112 4931 1301 4989 invencionis
1317 4935 1419 4988 sancte

173 5031 265 5089 crucis.
288 5035 376 5091 Anno
400 5033 517 5093 domini
542 5035 651 5093 MCCC
675 5036 891 5094 sextodecimo.
