3728 5806
365 575 425 632 260
733 571 806 628 Doc.
829 566 902 646 269.
925 581 994 647 270.
1023 604 1058 612 -
1084 570 1249 648 Are1377.

362 770 443 826 circa
466 770 576 826 horam
600 783 811 842 vesperarum,
844 769 994 826 mittendo
1025 770 1169 828 similiter
1200 769 1319 843 pedites
1348 777 1379 827 et
1410 776 1545 828 armatos
1569 771 1622 828 ho·

363 876 461 932 mines
484 876 624 948 ipsorum
648 891 742 949 super
765 874 936 948 predictam
963 875 1083 932 Novam
1106 876 1227 946 villam,
1250 877 1406 934 territorio
1430 882 1532 933 vestre
1555 891 1623 949 pre·

362 981 442 1038 dicte
465 979 648 1037 Grechensis
671 980 813 1050 civitatis,
835 980 973 1036 volentes
997 981 1096 1054 ipsam
1113 982 1248 1055 spoliare
1264 991 1294 1038 et
1310 981 1512 1055 depopulare,
1530 997 1622 1038 unum

362 1089 557 1160 iobagionem
581 1089 612 1145 in
635 1089 703 1160 ipsa
726 1086 803 1142 villa
822 1093 1066 1144 commorantem
1082 1087 1174 1158 lwan,
1191 1087 1294 1145 filium
1317 1087 1464 1160 Bogdesa,
1483 1087 1626 1144 letalibus

362 1195 545 1251 vulneribus
568 1193 778 1263 vulnerarunt,
790 1193 855 1264 ·qui
879 1192 1003 1249 tandem
1020 1193 1128 1264 quinto
1144 1193 1194 1250 die
1210 1195 1354 1266 spiritum
1371 1193 1516 1262 exalavit,
1534 1208 1626 1265 quem

362 1307 521 1358 mortuum
546 1299 683 1356 vidimus
698 1298 760 1356 fide
779 1299 908 1356 oculata.
925 1299 1040 1355 Datum
1058 1298 1217 1372 Zagrabie,
1234 1299 1311 1357 feria
1326 1299 1461 1357 secunda
1485 1299 1628 1373 proxima

364 1414 433 1480 post
457 1405 570 1462 festum
594 1405 817 1462 Penthecostes.
843 1406 932 1460 Anno
955 1404 1074 1462 domiui
1096 1407 1238 1478 superius
1261 1411 1413 1463 annotato

452 1541 592 1606 Originale
613 1540 638 1589 iu
658 1540 756 1598 charta,
777 1539 888 1602 vestigia
906 1539 1023 1602 quinque
1042 1539 1193 1604 sigillorum
1207 1546 1362 1605 apparenta
1377 1547 1460 1605 tergo.
1476 1539 1506 1588 Iu
1519 1539 1628 1588 archivo

363 1630 409 1680 lib.
429 1646 485 1695 reg.
506 1629 578 1678 civit.
598 1629 703 1692 zagrab.
724 1627 818 1676 Exstat
831 1643 937 1690 quoque
951 1627 976 1676 iu
990 1634 1049 1676 actu
1064 1627 1260 1677 transactionali
1274 1628 1498 1692 supranominato.
1513 1627 1543 1676 ln
1558 1627 1628 1676 arch.

362 1734 419 1768 veu.
439 1717 517 1782 capit.
537 1716 643 1782 zagrab.
663 1715 724 1764 tasc.
747 1725 785 1764 10.
806 1730 843 1764 nr.
867 1725 905 1776 14.

950 1951 1040 2016 269.

467 2079 543 2126 Anno
566 2082 640 2133 1377,
659 2083 700 2131 30.
721 2073 791 2122 maii.
809 2073 963 2138 Zagrabiae.

366 2203 521 2280 johannes
555 2182 653 2259 L‘cmer
677 2201 819 2258 eeclesiam
842 2203 872 2257 in
896 2201 1003 2258 honore
1023 2221 1045 2259 s.
1078 2201 1199 2276 Georgii
1218 2203 1350 2276 supet-ius
1372 2203 1514 2260 civitatem
1543 2201 1615 2261 Gre-

774 2307 900 2364 chensem
924 2315 1070 2365 exstruere
1092 2309 1215 2382 spondet.

451 2455 536 2524 Item,
560 2453 714 2535 Johannes
748 2451 902 2522 Chemery
925 2451 1035 2509 ductus
1065 2452 1176 2524 spiritu
1207 2459 1321 2522 sanct0,
1350 2451 1508 2525 quandam
1531 2453 1627 2510 eccle·

363 2563 440 2618 siam
464 2561 495 2617 in
520 2560 635 2616 honore
658 2558 754 2614 sancti
785 2556 912 2629 Georgii
942 2558 1086 2627 martiris,
1118 2559 1261 2631 superius
1294 2565 1432 2615 nostram
1462 2559 1626 2626 civitatem,

363 2682 461 2741 prope
485 2665 630 2722 arborem
653 2665 786 2721 castanei
811 2663 963 2721 fabricare
990 2663 1129 2735 intendit,
1153 2672 1183 2721 et
1205 2665 1279 2736 quia
1302 2663 1340 2721 ad
1365 2680 1493 2738 presens
1517 2671 1561 2721 est
1584 2665 1627 2720 ni-

363 2773 425 2829 mia
448 2771 607 2828 debilitate
630 2775 805 2842 occupatus,
830 2771 930 2827 voluit
953 2779 982 2828 et
1006 2787 1037 2827 se
1061 2770 1192 2827 firmiter
1212 2771 1365 2843 obligavit
1396 2786 1503 2828 coram
1529 2771 1625 2838 nobis,

363 2877 446 2951 quod
468 2878 494 2933 si
516 2878 615 2949 ipsam
640 2876 801 2932 ecclesiam
826 2877 910 2932 solus
934 2883 1110 2933 construere
1133 2891 1193 2933 non
1219 2883 1329 2948 posset,
1347 2885 1459 2934 extunc
1484 2876 1626 2934 debonis

362 2986 426 3042 suis
453 2983 675 3056 quinquaginta
698 2997 817 3039 marcas
840 2981 1039 3039 denariorum
1069 2983 1185 3040 dimisit
1216 2989 1245 3039 et
1276 2983 1391 3054 legavit
1422 2983 1627 3040 construendo

362 3099 392 3149 et
417 3088 605 3147 fabricando¹

450 3225 472 3274 E
492 3224 600 3274 tabullis
620 3222 767 3272 iudiciariis
786 3222 902 3272 civitatis
921 3222 1017 3272 montis
1036 3223 1201 3280 Grechensis,
1221 3222 1328 3272 ibidem.

469 3583 544 3630 Anno
566 3585 640 3637 1377,
662 3588 700 3638 ¹4·
723 3576 845 3640 Augusti.

369 3711 529 3768 Conventus
550 3725 572 3763 s.
597 3705 727 3762 Adriani
754 3705 788 3760 de
813 3704 890 3762 Zolo
906 3706 1050 3762 emissarii
1063 3705 1318 3780 adinquirendum
1336 3722 1452 3762 causam
1467 3709 1545 3764 inter
1557 3707 1627 3764 cives

370 3814 544 3873 Grechenses
566 3820 594 3869 et
615 3811 771 3884 capitulum
796 3812 912 3884 nogrob.
933 3808 1072 3884 portibus
1094 3813 1243 3870 terminum
1258 3813 1442 3885 comparendi
1452 3814 1626 3887 praefigunt.

451 3957 717 4015 Excellentissimo
746 3955 878 4028 principi
913 3956 1040 4013 domino
1071 3972 1187 4028 eorum,
1216 3957 1343 4014 domino
1382 3957 1549 4024 lodouico
1580 3956 1627 4013 dei

362 4066 466 4137 gracia
489 4064 594 4121 inclito
618 4063 683 4134 regi
707 4061 871 4133 ilungarie,
896 4061 1029 4132 Polonie,
1053 4063 1214 4121 Dalmacie
1237 4070 1291 4120 etc.
1325 4069 1493 4120 conventus
1524 4077 1628 4120 mona·

363 4173 447 4228 sterii
470 4171 566 4228 sancti
591 4169 718 4225 Adriani
742 4169 877 4224 martiris
900 4168 938 4224 de
962 4168 1043 4239 Zala,
1060 4170 1240 4226 oracionum
1263 4169 1411 4240 suffragia
1436 4169 1626 4226 devotarum.

364 4277 486 4333 Litteris
518 4281 620 4332 vestre
651 4273 821 4331 serenitatis
852 4275 1037 4331 annualibus
1062 4289 1119 4348 pro
1143 4275 1319 4331 honorabili
1340 4275 1476 4347 capitulo
1501 4273 1628 4330 ecclesie

363 4381 570 4452 zagrabiensis
601 4380 638 4436 ad
671 4379 841 4448 citaciones
870 4379 1085 4452 inquisiciones
1116 4387 1145 4437 et
1174 4379 1402 4454 prohibiciones
1437 4395 1555 4436 necnon
1589 4379 1627 4436 ad

363 4488 467 4543 omnia
490 4487 559 4555 alia,
583 4501 643 4557 que
667 4486 751 4541 iuxta
766 4486 852 4556 regni
870 4486 963 4542 vestri
983 4485 1236 4543 consvetudinem
1253 4485 1369 4542 talibus
1385 4485 1414 4542 in
1432 4486 1628 4559 processibus

363 4594 501 4651 iuridicis
532 4607 693 4649 causarum
725 4591 791 4649 fieri
820 4599 1045 4649 consveverunt
1074 4591 1256 4666 peragenda,
1287 4591 1387 4648 eidem
1412 4607 1469 4664 per·
1493 4599 1628 4648 vestram

363 4704 555 4756 maiestatem
586 4713 733 4768 generose
765 4698 844 4755 datis
875 4704 905 4754 et
933 4699 1084 4755 concessis
1115 4699 1206 4755 nobis
1236 4697 1360 4754 directis
1387 4711 1535 4769 sumpma
1558 4712 1629 4753 cum

364 4805 543 4862 obediencia
566 4805 698 4877 receptis
721 4811 751 4860 et
775 4805 858 4861 iuxta
882 4804 1063 4861 earumdem
1086 4804 1309 4861 continenciam
1332 4817 1464 4859 unacum
1480 4803 1629 4884 Johanne,

364 4911 430 4968 filio
455 4910 589 4968 ladislai
613 4910 651 4966 de
676 4909 788 4980 palata,
813 4911 937 4967 homine
962 4916 1065 4966 vestro
1087 4910 1119 4966 in
1143 4908 1259 4966 eisdem
1286 4907 1398 4964 litteris
1414 4915 1517 4964 vestre
1533 4907 1629 4964 subli-

363 5019 479 5075 mitatis
502 5018 581 5076 inter
603 5018 681 5074 alios
708 5017 891 5074 nominatim
921 5017 1105 5090 conscripto,
1136 5023 1277 5074 nostrum
1300 5015 1460 5072 homiuem
1483 5013 1628 5072 videlicet
