3782 5812
663 561 737 619 Doc.
760 573 811 638 44.
839 593 876 602 -
903 559 959 617 An.
984 555 1076 638 1264.
1462 579 1499 637 35

210 759 367 832 aliquem
391 761 578 834 attemptari.
604 762 716 820 Actum
740 761 771 818 in
801 760 937 834 hospitio
965 767 1071 820 nostro
1104 761 1188 837 apud
1211 761 1332 821 Urbem
1354 767 1502 854 veterem,

212 867 426 939 presentibus
451 867 684 926 venerabilibus
708 867 850 942 patribus
874 867 924 925 dei
939 869 1053 948 ¹gratia
1073 871 1109 928 A.
1133 869 1302 942 urgellensi
1330 873 1361 926 et
1390 868 1494 927 Timo-

211 972 299 1030 theo
324 972 524 1044 zagrabiensi,
556 973 719 1048 episcopis,
750 971 845 1030 fratre
875 972 1078 1048 Bentevegna,
1111 975 1206 1034 fratre
1238 975 1346 1033 Gratia
1382 975 1420 1034 de
1452 990 1501 1033 or-

212 1076 300 1136 dine
325 1079 490 1150 minorum,
516 1085 546 1136 et
569 1079 719 1152 magistro
749 1079 887 1136 Rnberto
915 1085 1038 1138 cantore
1061 1081 1100 1139 de
1123 1081 1249 1155 Posega,
1274 1081 1393 1140 domini
1416 1097 1497 1156 pape

213 1184 429 1256 subdiacono,
452 1185 621 1260 capellanis
644 1187 766 1254 nostris,
789 1186 981 1245 Thomasino
1006 1189 1136 1260 notarie,
1159 1187 1309 1272 Jacobino
1332 1188 1445 1246 clerieo
1468 1193 1498 1260 et

214 1289 374 1349 Guidone
397 1291 481 1350 Bono
504 1291 713 1351 familiaribus
741 1293 863 1364 nostris,
894 1299 925 1351 et
954 1294 1100 1367 pluribus
1131 1295 1261 1352 testibus
1284 1295 1324 1352 ad
1347 1295 1405 1353 hoc
1428 1311 1497 1368 spe-

215 1397 350 1456 cialiter
372 1399 489 1456 vocstis
512 1404 543 1457 et
572 1399 696 1472 rogatis.
728 1399 818 1456 Anno
849 1398 967 1457 domini
990 1398 1194 1458 MCCLXIIII.
1219 1401 1417 1460 Pontificatus
1440 1401 1494 1459 do

214 1505 306 1562 mini
329 1504 450 1564 Urbani
472 1521 554 1582 pape
576 1505 640 1576 1111,
663 1521 743 1564 anno
766 1505 865 1576 tertio,
888 1505 1053 1564 indictione
1078 1506 1141 1565 VII.
1158 1506 1207 1564 die
1223 1509 1326 1581 primo
1347 1508 1492 1592 Januarii.

214 1609 257 1667 In
283 1612 374 1668 cuius
395 1611 442 1668 rei
464 1612 675 1670 testimonium
691 1627 817 1686 presens
832 1611 997 1685 publicum
1013 1613 1251 1670 instrumentum
1271 1611 1338 1672 fieri
1361 1613 1491 1674 fecimus

217 1723 252 1773 et
278 1717 381 1789 sigilli
401 1717 499 1775 nostri
521 1718 691 1776 munimine
706 1717 856 1775 roborari.

318 1851 340 1900 E
361 1867 416 1918 reg.
435 1851 503 1918 orig.
524 1851 627 1904 Urbani
649 1849 695 1901 1v.
721 1867 761 1902 an.
786 1851 833 1910 111.
859 1869 899 1918 ep.
925 1853 965 1912 36.
990 1856 1022 1902 A.
1048 1853 1169 1904 Theiner.
1194 1854 1264 1906 Mon.
1284 1856 1372 1922 Hung.
1392 1856 1451 1907 hist.
1474 1857 1487 1907 1

217 1955 286 2007 pag.
309 1940 367 1990 261.

833 2155 901 2220 44.

335 2297 412 2346 Anno
434 2297 509 2358 1264,
532 2296 570 2346 16.
587 2295 709 2362 januarii.
728 2298 809 2362 Apud
827 2296 929 2348 Urbem
949 2302 1071 2347 veterem.

228 2423 338 2480 Crcato
360 2425 496 2480 canonr'co
518 2423 703 2497 zagrabiensi
721 2423 846 2482 Eventio
874 2426 1059 2484 canonicatus
1084 2434 1169 2502 atque
1184 2427 1353 2501 praebenda
1380 2430 1417 2487 ab
1446 2431 1500 2489 Ur·

623 2531 698 2590 bano
720 2531 777 2588 IV.
800 2532 888 2606 Papa
911 2533 1106 2607 confimatur.

317 2674 464 2734 Urbanus
488 2676 652 2750 episcopus
669 2692 777 2734 servus
793 2676 1030 2736 servorumdei.
1047 2677 1168 2736 Dilecto
1184 2678 1251 2737 filio
1267 2679 1396 2739 Eventio
1412 2697 1498 2754 pres·

223 2781 338 2853 bitero,
372 2782 520 2858 canonico
558 2781 757 2854 zagrabiensi,
788 2782 921 2840 salutem
951 2788 982 2840 et
1011 2783 1216 2856 apostolicam
1245 2784 1499 2844 benedictionem.

224 2886 298 2960 Que
320 2887 360 2945 de
382 2887 465 2946 sedis
492 2887 661 2962 apostolice
691 2889 873 2947 anctoritate
901 2889 1083 2964 procedunt,
1113 2905 1168 2948 sue
1199 2889 1313 2948 debent
1343 2889 1500 2952 firmitatis

224 2996 341 3052 robore
364 2994 488 3064 muniri,
510 3001 544 3051 ut
567 2999 597 3051 et
621 2993 733 3052 futuris
756 2996 952 3068 temporibus
975 2995 1099 3053 valeant
1122 2996 1245 3054 illibata
1271 2999 1446 3070 consistere,
1471 3005 1500 3058 et

224 3107 333 3175 optata
356 3099 395 3157 de
418 3099 484 3158 illis
507 3100 605 3174 possit
627 3100 746 3158 utilitas
776 3103 951 3175 provenire.
983 3099 1062 3160 Sane
1096 3107 1149 3159 tua
1171 3103 1262 3161 nobis
1285 3103 1424 3162 exhibita
1446 3121 1499 3180 pe·

224 3207 294 3264 titio
316 3207 503 3277 continebat,
526 3205 611 3279 quod
634 3221 706 3264 cum
728 3221 785 3264 nos
810 3209 983 3266 venerabili
1003 3207 1092 3265 fratri
1115 3213 1220 3267 nostro
1246 3202 1429 3288 S(tephano)
1446 3211 1500 3269 Pe-

224 3313 363 3370 nestrino
386 3313 536 3386 episcopo
558 3311 735 3370 conterendi
766 3328 824 3387 per
854 3330 895 3386 se,
921 3314 974 3372 vel
1005 3329 1063 3388 per
1093 3315 1190 3372 alium
1219 3315 1359 3388 personis
1382 3315 1499 3374 idoneis

225 3417 379 3477 beneficia
401 3418 615 3488 ecclesiastica,
639 3423 822 3492 personatus
845 3424 875 3476 et
898 3418 1063 3492 dignitates
1086 3435 1158 3476 cum
1181 3435 1255 3476 cura
1279 3425 1309 3478 et
1332 3421 1396 3478 sine
1415 3437 1497 3494 cura,

227 3542 288 3600 que
312 3525 502 3584 veneralibis
533 3524 629 3583 frater
659 3530 763 3582 noster
793 3524 974 3584 Timotheus
1002 3527 1210 3599 zagrabiensis
1238 3527 1400 3601 episcopus
1423 3544 1495 3602 pro-

226 3633 373 3690 motionis
397 3647 452 3689 sue
474 3636 616 3705 tempore
639 3632 670 3688 in
693 3645 789 3704 regno
813 3631 949 3704 Ungarie
965 3633 1133 3704 obtinebat,
1150 3648 1185 3690 ac
1202 3631 1333 3690 faciendi
1348 3649 1497 3708 personas

225 3739 309 3812 ipsas
331 3737 373 3796 ad
396 3737 548 3795 beneficia
569 3736 757 3808 huiusmodi,
789 3738 815 3795 si
844 3738 874 3796 in
906 3739 1043 3796 ecclesiis
1078 3739 1238 3812 collegatis
1268 3740 1442 3813 existerent,
1465 3743 1496 3799 in
1549 3806 1557 3817 ‚

226 3845 391 3903 canonicos
413 3845 511 3918 recipi
543 3849 573 3901 et
605 3844 635 3901 in
666 3841 786 3916 fratres,
817 3860 873 3901 nec
903 3859 963 3902 non
987 3843 1228 3902 contradictores
1257 3861 1314 3920 per
1337 3861 1499 3904 censuram

226 3951 468 4009 ecclesiasticam
491 3949 701 4023 appellatione
724 3949 897 4023 postposita
920 3949 1145 4024 compescendi,
1169 3949 1304 4008 liberam
1332 3953 1497 4010 concessis·

225 4073 329 4115 semus
351 4073 411 4132 per
432 4061 553 4116 nostras
576 4057 694 4115 litteras
717 4055 904 4128 facultatem,
932 4056 1060 4114 demum
1092 4056 1175 4114 idem
1200 4057 1364 4132 episcopus
1389 4058 1499 4116 Prene·

225 4163 323 4222 stinus
345 4164 405 4221 tibi
428 4161 591 4237 capellano
614 4178 669 4220 suo
698 4163 882 4221 auctoritate
914 4163 1089 4221 litterarum
1121 4163 1261 4236 ipsarum
1285 4165 1497 4222 canonicatum

226 4274 256 4327 et
279 4269 482 4344 prebendam,
506 4284 584 4342 quos
608 4268 708 4326 dictus
730 4269 895 4342 episcopus
917 4268 1125 4342 zagrabiensis
1142 4277 1288 4342 tempore
1304 4285 1358 4327 sue
1373 4285 1498 4343 promo-

224 4377 316 4434 tionis
339 4377 372 4434 in
396 4375 587 4449 zagrabiensi
611 4375 739 4432 ecclesia
762 4377 946 4447 obtinuerat,
969 4391 1026 4450 per
1057 4375 1236 4434 huiusmodi
1268 4378 1497 4450 promotionem

225 4483 364 4541 iamdicti
388 4482 527 4556 episcopi
551 4481 757 4554 zagrabiensis
785 4487 936 4554 vacantes,
961 4497 1033 4539 cum
1058 4481 1212 4552 domibus,
1237 4482 1325 4540 curia
1348 4487 1378 4541 et
1399 4484 1497 4541 omni-

225 4590 285 4646 bus
308 4589 431 4648 iuribus
454 4595 486 4647 et
513 4589 706 4662 pertinentiis
736 4589 799 4646 suis
829 4589 967 4661 contulit,
999 4595 1028 4646 et
1059 4589 1098 4647 de
1132 4589 1207 4662 ipsis
1236 4589 1383 4676 providit,
1407 4595 1498 4664 teque

225 4696 455 4769 presentialiter
478 4694 636 4752 investivit
657 4710 715 4768 per
737 4710 828 4754 suum
852 4697 1002 4753 annulum
1028 4695 1066 4753 de
1089 4695 1223 4766 eisdem;
1247 4695 1412 4754 decernens
1428 4698 1496 4755 irri-

225 4807 293 4860 tum
315 4808 346 4861 et
367 4803 466 4874 inane,
490 4801 517 4858 si
540 4815 627 4858 secus
650 4799 688 4858 de
721 4793 901 4859 canonicatu
932 4807 962 4858 et
992 4801 1152 4876 prebenda
1183 4801 1362 4860 huiusmodi
1386 4803 1497 4877 quavis

225 4909 405 4966 auctoritate
428 4907 619 4980 contingeret
642 4922 700 4980 per
731 4907 868 4980 aliquem
901 4909 1087 4982 attemptari,
1118 4914 1212 4982 prout
1243 4909 1274 4966 in
1298 4908 1427 4982 publico
1450 4910 1494 4968 in·

226 5019 397 5072 strumento
420 5011 562 5071 confecto
585 5013 704 5086 exinde,
727 5029 763 5072 ac
786 5013 892 5086 sigillo
916 5014 1013 5087 ipsius
1028 5015 1166 5088 episcopi
1191 5014 1361 5072 Penestn'ni
1376 5015 1495 5087 signato

1376 5129 1389 5160 1
