3600 5804
496 534 568 591 Doc.
594 529 752 609 155156.
779 567 815 576 —
842 533 897 590 An.
922 547 1008 610 1332·
1337 549 1395 607 137

143 732 215 804 Hay,
236 731 404 790 colocensis
426 731 574 790 dioecesis
597 739 627 791 et
650 732 865 791 archidiacono
881 732 1042 790 leodiensi
1060 731 1233 802 mandatur,
1249 737 1283 788 ut
1298 701 1398 788 eidem

143 838 226 895 Petro
241 837 415 911 predictum
431 839 644 897 canonicatum
660 845 690 896 et
705 844 885 896 vacaturam
908 838 1119 912 praebendam
1136 837 1269 895 conferri
1285 844 1399 894 curent.

223 973 315 1038 Ereg.
336 973 405 1038 orig.
424 989 462 1024 an.
484 974 543 1023 XV.
563 975 594 1024 Α.
609 973 730 1024 Theiner.
751 974 820 1024 Mon.
834 975 923 1040 Hung.
936 973 997 1023 hist.
1015 973 1035 1023 l.
1054 990 1080 1039 p.
1094 983 1150 1032 531.

723 1207 802 1273 155.

240 1351 314 1397 Anno
337 1357 411 1406 1332,
430 1362 453 1411 9.
474 1347 571 1398 martii.
590 1347 743 1414 Zagrabiae.

183 1475 340 1550 Orpitulum
363 1477 548 1550 zograbiense
569 1477 679 1534 litteras
702 1496 795 1534 ornnes
817 1478 850 1534 de
872 1478 1024 1535 donatione
1038 1479 1151 1550 palatii
1171 1479 1230 1534 civi
1255 1477 1370 1535 Gilebni

608 1583 705 1658 sacta,
728 1585 918 1642 transummit.

225 1725 290 1783 Non
314 1726 487 1799 capitulum
510 1727 638 1785 ecclesie
661 1728 876 1800 zagrabiensis.
900 1725 1117 1800 significamus
1140 1726 1254 1798 quibus
1277 1726 1402 1800 expedit

147 1846 197 1903 per
217 1839 381 1906 presentes
406 1831 487 1905 quod
513 1832 664 1890 discretus
687 1835 744 1904 vir,
769 1833 917 1905 magister
931 1833 1094 1916 Johannes,
1111 1831 1344 1890 archidiaconus
1364 1831 1402 1890 de

146 1935 283 2006 Guerche,
307 1938 408 1995 socius
440 1943 471 1994 et
496 1939 719 1996 concanonicus
742 1945 854 2004 noster,
879 1945 908 1996 et
924 1939 1127 1996 Custanchius
1144 1936 1309 2008 aurifaber,
1327 1939 1403 1996 civis

146 2041 303 2113 Grecensis,
328 2049 445 2102 tutores
469 2043 608 2102 filiorum
632 2044 778 2102 Endreoli
795 2045 834 2102 ad
851 2051 989 2102 nostram
1006 2045 1210 2117 personaliter
1226 2043 1402 2101 accedentes

146 2151 333 2222 presenciam,
358 2151 565 2208 exhibuerunt
595 2151 685 2208 nobis
716 2151 834 2210 litteras
865 2149 1039 2208 communis
1069 2149 1202 2207 civitatis
1233 2149 1271 2207 de
1299 2155 1403 2207 monte

146 2253 246 2326 Grech‚
269 2256 414 2330 pendenti
437 2257 542 2330 sigillo
566 2271 674 2315 eorum
707 2259 907 2330 consignatas,
938 2261 1076 2330 petentes
1106 2271 1124 2312 a
1151 2257 1240 2313 nobis
1264 2271 1336 2313 cum
1359 2255 1403 2312 in·

146 2362 258 2430 stancia,
281 2368 314 2419 ut
338 2362 462 2420 easdem
487 2363 525 2421 de
548 2365 647 2422 verbo
667 2363 706 2422 ad
724 2365 855 2420 verbum
873 2361 1046 2433 transcribi,
1063 2362 1223 2436 nostrique
1238 2362 1334 2434 sigilli
1350 2377 1403 2434 ap·

147 2467 280 2539 pensione
295 2466 467 2526 laceremus
482 2471 662 2543 consignari.
677 2470 817 2543 Quarum
830 2468 956 2542 quidem
970 2475 1058 2526 tenor
1073 2467 1143 2526 talis
1156 2475 1217 2527 est:
1231 2462 1272 2546 (v.
1291 2485 1336 2526 nr.
1355 2483 1403 2543 79.

148 2573 181 2629 de
201 2589 277 2630 anno
304 2590 395 2648 1291,
426 2591 471 2633 11.
497 2569 651 2654 Augusti.)
667 2576 730 2633 Nos
747 2580 850 2633 autem
868 2575 956 2637 iustis
980 2581 1010 2632 et
1033 2575 1176 2648 congruis
1199 2574 1404 2648 peticionibus

148 2679 318 2737 eorumdem
342 2687 517 2752 annuentes,
543 2683 679 2739 maxime
711 2682 784 2755 quia
815 2681 990 2738 invenimus
1020 2695 1071 2738 eas
1101 2695 1162 2737 non
1185 2679 1320 2750 abrasas,
1343 2694 1404 2736 non

148 2787 328 2856 cancellatas,
348 2802 405 2844 nec
428 2787 459 2844 in
482 2788 587 2860 aliqua
611 2789 658 2845 sui
681 2795 769 2861 parte
793 2787 928 2857 viciatas‚
948 2787 1031 2860 ipsas
1048 2785 1086 2844 de
1101 2786 1199 2843 verbo
1216 2785 1254 2842 ad
1271 2785 1403 2842 verbum

149 2893 307 2964 transcribi,
331 2893 490 2966 nostrique
513 2894 610 2966 sigilli
624 2895 822 2968 apposicione
838 2893 968 2951 fecimus
992 2892 1172 2964 consignari.
1197 2891 1312 2948 Datum
1329 2889 1406 2948 feria

148 2999 270 3056 secunda
291 3001 436 3074 proxima
460 3007 531 3074 post
554 3000 741 3059 dominicam
758 3001 923 3058 lnvocavit.
948 3001 1037 3056 Anno
1064 2996 1181 3055 domini
1206 2997 1405 3055 MCCCXXX

148 3105 276 3163 secundo.

226 3223 365 3289 Originale
389 3224 416 3274 in
446 3224 604 3274 membrana.
630 3224 756 3290 Sigillum
782 3240 797 3274 a
821 3239 885 3275 zona
910 3225 1009 3275 sericea
1028 3226 1159 3290 dependet
1184 3224 1213 3274 ln
1232 3223 1302 3274 arch.
1323 3224 1402 3273 Acad.

147 3311 232 3362 Scient.
251 3313 353 3363 Slavor.
373 3313 467 3363 merid.

729 3509 811 3576 156.

242 3653 317 3700 Anno
341 3659 416 3708 1332,
439 3651 477 3701 18.
497 3649 594 3700 martii,
617 3649 647 3701 In
666 3651 806 3717 Visegrad.

154 3775 265 3834 Carolus
296 3777 474 3850 Hungarioe
503 3785 550 3834 etc.
579 3797 641 3851 rex,
670 3779 856 3836 venditionem
871 3781 986 3854 palatii
1006 3800 1025 3836 a
1039 3781 1118 3855 filiis
1146 3779 1272 3838 Gilionis
1294 3781 1407 3837 cuidam

287 3882 398 3952 Endre‚
413 3883 483 3958 filio
505 3901 553 3941 ser
581 3884 688 3941 Gerini
708 3886 822 3960 eiusque
835 3887 905 3961 filio
927 3887 1077 3954 tricenali,
1106 3887 1264 3960 confirmat.

231 4026 291 4084 Nos
322 4027 458 4085 Karolus
489 4027 538 4085 dei
569 4029 672 4100 gracia
703 4045 758 4086 rex
782 4029 946 4102 Hungarie.
970 4028 1187 4102 Significamus
1211 4035 1315 4087 tenore
1340 4045 1407 4102 pre-

152 4134 274 4190 sennium
298 4134 413 4207 quibus
436 4133 562 4206 expedit
585 4135 745 4202 universis,
770 4137 919 4193 memorie
942 4135 1200 4194 commendantes
1224 4134 1315 4208 Quod
1336 4151 1407 4192 cum

153 4237 332 4310 (magnificus
348 4233 409 4316 vir)
427 4239 539 4312 Mykch
556 4241 655 4298 banus
670 4241 769 4298 tocius
784 4240 954 4314 Sclauonie‚
972 4241 1164 4312 Michaelem,
1181 4240 1283 4298 filiurn
1296 4240 1407 4312 Endre‚

153 4343 243 4402 civem
262 4351 403 4404 nostrum
426 4345 464 4403 de
497 4351 602 4404 monte
633 4345 779 4404 Grecensi
810 4346 849 4405 ad
874 4347 1063 4406 celsitudinis
1087 4352 1192 4406 nostre
1216 4347 1408 4422 presenciam

155 4447 186 4505 ad
208 4459 327 4509 octavas
357 4451 420 4510 diei
451 4468 608 4525 cynerum,
639 4468 719 4510 anno
750 4453 868 4511 domini
893 4453 1091 4512 MCCCXXX
1114 4453 1249 4512 seeundo
1272 4455 1301 4511 in
1326 4454 1408 4512 iacto

155 4555 301 4615 cuiusdam
324 4559 460 4632 pallacii,
484 4575 623 4616 asserens
646 4559 750 4633 ipsum
775 4561 945 4634 pallacium
968 4559 1007 4618 ad
1030 4561 1078 4618 ius
1102 4563 1232 4620 banatus
1252 4562 1407 4635 pertinere

155 4676 186 4718 ex
206 4679 247 4734 eo,
270 4665 352 4738 quod
383 4665 487 4739 ipsum
517 4667 688 4740 pallacium
720 4665 827 4725 fuisset
858 4666 1006 4742 Stephani
1034 4668 1190 4740 quondam
1215 4668 1287 4725 bani
1311 4669 1408 4726 tocius

157 4765 313 4842 Sclauonie‚
337 4771 488 4844 legittime
512 4777 679 4843 evocasset,
709 4773 846 4846 ipsisque
869 4775 986 4832 octavis
1010 4773 1071 4831 diei
1094 4789 1242 4847 cynerum
1265 4789 1409 4832 occuren-

158 4873 237 4944 tibus,
258 4876 393 4950 preiatus
424 4878 565 4950 Michael,
599 4878 684 4935 filius
711 4878 843 4950 Andree,
866 4880 906 4938 ad
929 4885 1077 4952 nostram,
1100 4881 1356 4955 prelatorumque
1379 4885 1409 4938 et

160 4977 294 5040 baronum
324 4984 412 5056 regni
442 4984 538 5042 nostri
571 4983 717 5041 accedens
749 4985 951 5057 presenciam,
975 4986 1116 5043 exhibuit
1138 4987 1228 5044 nobis
1251 4985 1410 5059 quoddam
