3782 5812
589 540 661 598 Dor.
680 553 711 615 5.
740 573 776 582 -
803 539 858 596 Ar.
884 537 1100 614 1198—1201.
1483 561 1499 620 3

229 741 387 812 grabiensi
413 741 601 798 conferimus
618 741 794 796 libertatem
818 747 848 796 et
864 740 959 812 sigilli
976 741 1073 798 nostri
1094 742 1263 800 munimine
1280 742 1502 804 confirmamus

230 854 258 903 et
284 847 473 904 roboramus
497 855 559 903 tam
587 846 860 916 ilungaris,‹1uom
887 846 1000 904 Latinis
1024 862 1076 904 seu
1100 846 1227 910 Sclavis,
1252 855 1286 904 ut
1309 850 1335 906 si
1359 850 1429 921 quis
1445 849 1502 906 ali·

230 968 323 1025 quem
348 951 388 1010 de
412 953 531 1026 populo
553 959 606 1009 tuo
630 960 659 1008 et
683 951 810 1008 ecclesie
842 951 980 1024 predicte
1003 952 1033 1010 in
1064 967 1189 1010 causam
1214 953 1335 1012 trahere
1360 954 1502 1024 voluerit,

229 1059 287 1114 sub
312 1065 342 1116 te
366 1059 417 1116 vel
441 1059 500 1116 sub
524 1037 678 1116 iudicibus
701 1073 719 1114 a
743 1063 772 1114 te
795 1058 968 1114 constitutis
991 1073 1063 1116 eum
1093 1057 1205 1116 debeat
1236 1061 1418 1130 convenire;
1447 1074 1503 1118 uec

230 1165 345 1237 aliquis
368 1165 408 1222 de
431 1164 598 1222 iamdicto
623 1164 742 1238 populo
765 1169 819 1221 tuo
850 1169 880 1220 et
909 1164 1038 1222 ecclesie
1069 1165 1128 1222 sub
1152 1165 1214 1222 alio
1238 1163 1339 1223 iudice
1362 1172 1502 1224 teneatur

230 1272 324 1328 alicui
348 1270 545 1345 respondere,
569 1269 661 1343 Quod
684 1271 711 1328 si
734 1279 767 1328 tu
791 1271 841 1328 vel
866 1269 982 1328 iudices
998 1271 1153 1328 iusticiam
1168 1271 1330 1330 nolueritis
1346 1273 1502 1342 exhibere,

230 1383 259 1433 et
282 1377 398 1450 aliquis
422 1376 539 1434 iudices
562 1385 632 1434 tuos
663 1383 792 1452 propter
820 1378 879 1434 hoc
907 1377 1041 1434 voluerit
1069 1378 1242 1448 convenire,
1271 1383 1342 1435 tunc
1366 1394 1424 1452 pro
1448 1379 1502 1436 bo·

231 1483 313 1540 mine
339 1483 390 1540 vel
415 1483 595 1540 hominibus
619 1483 677 1540 tuis
709 1483 768 1539 sub
799 1483 880 1540 bano
911 1489 1025 1552 nostro,
1050 1483 1102 1540 vel
1124 1484 1183 1540 sub
1206 1491 1310 1541 nostra
1333 1485 1502 1542 clemencia

230 1587 323 1645 iudex
348 1588 412 1658 ille,
437 1589 491 1660 qui
514 1589 667 1646 iusticiam
691 1588 790 1646 noluit
807 1587 915 1658 lacere,
933 1587 1139 1662 respondebit.
1157 1590 1269 1648 Actum
1286 1595 1332 1648 est
1348 1591 1406 1648 hoc
1421 1603 1501 1648 anno

229 1692 384 1750 dominice
408 1694 630 1752 incarnacionis
654 1693 935 1763 ntctxxxxvttt,
967 1693 1017 1750 die
1041 1695 1120 1752 lune.
1145 1693 1181 1751 V.
1204 1693 1276 1751 ldus
1299 1694 1382 1770 maji,
1407 1693 1501 1754 indic·

229 1801 317 1857 cione
342 1801 455 1873 prima,
478 1807 586 1874 epacta
610 1799 660 1857 Xl.
693 1805 894 1856 concurrente
923 1799 970 1856 tlt.
999 1798 1123 1856 Andrea
1147 1800 1227 1857 bano
1250 1801 1407 1870 existente,
1421 1799 1501 1858 'Ful-

228 1921 304 1962 cone
336 1907 451 1963 comite
480 1905 707 1976 brudrugiensi,
739 1905 875 1962 Crazone
905 1906 1017 1962 comite
1048 1906 1258 1976 guarasttensi.
1297 1905 1410 1963 Datum
1445 1922 1502 1980 per

228 2025 341 2069 manus
365 2011 507 2082 Belesini‚
530 2011 589 2069 filii
612 2011 749 2068 Cornelii
772 2011 902 2068 comitis.

319 2147 341 2197 E
360 2149 433 2198 libro
454 2147 662 2212 Privitegiorum
682 2147 850 2212 episcopatus
869 2148 973 2210 zagrab.
988 2146 1033 2197 sol.
1047 2149 1070 2196 (r.
1086 2147 1184 2197 Edidit.
1204 2147 1277 2212 Joau.
1292 2145 1414 2197 Tkaldiez
1428 2145 1499 2198 Mon.

228 2237 288 2286 hist.
308 2237 388 2302 episc.
409 2237 514 2300 zagrab.
535 2243 596 2286 tom.
617 2235 636 2285 Ι.
657 2251 681 2301 p.
703 2245 725 2290 7.
746 2263 779 2272 -—
797 2237 871 2302 Joau.
892 2235 1067 2300 Kukuljeric':
1088 2235 1179 2285 Codex
1199 2235 1309 2300 diplom.
1330 2235 1405 2301 regni
1426 2235 1499 2286 CSD.

229 2335 291 2374 tom.
314 2325 347 2374 ll.
370 2342 393 2390 p.
417 2335 475 2386 193.
1237 2377 1240 2382 .

319 2413 436 2463 Latin
449 2413 474 2468 i,
493 2426 606 2476 quorum
626 2413 725 2462 mentio
746 2413 772 2462 in
791 2413 832 2462 his
852 2411 938 2462 literis
958 2411 994 2468 tir,
1015 2413 1108 2476 procul
1128 2412 1211 2462 dubio
1231 2419 1291 2462 suut
1311 2413 1360 2470 illi,
1374 2413 1421 2476 qui
1434 2415 1500 2464 olim

228 2517 315 2566 prope
343 2502 478 2564 antiquam
503 2501 661 2566 Zagrabiam
687 2501 837 2551 incolebant
857 2501 882 2549 in
903 2499 969 2556 uico,
995 2515 1073 2562 quem
1099 2499 1256 2550 Latinorum
1283 2509 1384 2558 vocant,
1405 2483 1499 2566 (hodie

229 2589 329 2638 l'laska
353 2589 449 2654 ulica),
476 2589 522 2652 qui
547 2589 626 2638 etiam
651 2604 754 2654 semper
777 2587 957 2653 jurisdictioni
983 2587 1128 2653 episcopali
1155 2589 1286 2639 obnoxius
1311 2597 1374 2640 erat.
1403 2589 1500 2642 Confer

228 2675 299 2726 intra
319 2679 358 2726 n'r.
380 2687 420 2725 ao.

846 2891 880 2957 5.

334 2945 390 3010 An,
407 2951 480 2990 1201.

231 3052 389 3109 Terrilorie'
409 3052 605 3124 zagrabimsis
634 3051 796 3109 cathedrali
823 3053 952 3110 ecclcsiae
981 3056 1141 3129 antiquitus
1166 3055 1268 3112 donati
1294 3056 1502 3112 collustrantur

541 3166 630 3215 melas
652 3166 680 3214 et
700 3159 780 3230 regia
803 3161 971 3217 auctoritate
992 3161 1185 3219 stabiliuntur.

320 3303 500 3360 innomine
528 3311 631 3360 sancte
662 3303 806 3360 trinitatis
837 3309 866 3360 et
896 3303 1056 3362 individue
1087 3305 1221 3364 unitatis.
1245 3305 1426 3364 Hemericus
1449 3301 1498 3362 d‘ei

226 3383 331 3481 gracia
356 3408 523 3479 Hungarie,
549 3407 716 3478 Dalmacie,
739 3409 874 3480 Croacie,
900 3409 1058 3482 Rameque
1083 3427 1136 3468 rex
1160 3412 1190 3468 in
1222 3417 1418 3485 perpetuum.
1442 3413 1499 3468 Ar-

226 3514 443 3574 duumnobis
466 3515 552 3586 regni
584 3515 745 3586 negocium
777 3513 883 3572 debito
914 3516 1160 3587 gubernantibus
1193 3517 1404 3575 moderamine
1429 3517 1500 3590 plu·

225 3622 344 3678 rimum
369 3619 517 3693 expedire
541 3619 719 3689 dinoscitur,
743 3629 777 3677 ut
800 3621 879 3678 inter
901 3630 1018 3679 ceteras
1041 3621 1137 3680 officii
1160 3623 1256 3698 nostri
1274 3601 1500 3680 sollicitudines

225 3727 430 3784 ecclesiarum
454 3726 504 3782 dei
526 3741 633 3783 curam
657 3727 824 3784 salubriter
854 3726 1064 3798 admittamus,
1095 3737 1125 3786 et
1156 3710 1268 3786 earum¹
1295 3729 1391 3801 quieti
1414 3734 1499 3786 tanto

225 3832 413 3905 diligencius
429 3832 636 3900 consulamur,
649 3841 764 3904 quanto
782 3835 1016 3906 perversitatem
1033 3834 1194 3891 hominum
1212 3833 1250 3891 ad
1267 3833 1343 3891 iuris
1359 3835 1498 3908 ipsarum

225 3939 414 3996 detrimenta
438 3939 652 4009 cognoscimus
676 3940 862 4012 proniorem.
886 3940 929 3996 Ea
952 3947 1082 4012 propter
1106 3937 1144 3996 ad
1170 3939 1350 3996 instanciam
1368 3954 1496 4012 precum

224 4045 329 4102 fidelis
352 4060 389 4101 ac
412 4044 517 4101 dilecti
541 4045 637 4102 nostri
662 4045 816 4103 Dominici
834 4046 1022 4102 venerabilis
1045 4045 1252 4116 zagrabiensis
1276 4045 1414 4118 episcopi
1430 4043 1497 4116 dig-

226 4157 335 4208 nanter
358 4149 485 4218 inducti,
502 4157 600 4207 terras
621 4166 656 4208 ac
674 4151 788 4224 predia,
806 4167 866 4224 que
882 4152 1068 4208 monasterio
1088 4151 1278 4223 zagrabiensi
1300 4149 1412 4208 devota
1427 4163 1498 4208 con·

226 4258 299 4314 tulit
322 4257 499 4328 antiquitas,
523 4272 580 4330 per
603 4255 731 4314 fidelem
752 4258 898 4314 clericum
923 4263 1064 4314 nostrum
1088 4255 1241 4313 Thomam
1266 4256 1426 4313 albensem
1449 4271 1499 4313 ca-

135 4383 139 4392 ·
226 4364 373 4420 nonicum
398 4361 529 4419 lecimus
553 4363 738 4432 collustrari,
762 4371 792 4420 et
814 4364 873 4420 sub
894 4363 1031 4436 generali
1055 4363 1237 4419 collectione
1268 4363 1353 4434 regia
1377 4363 1497 4419 munire

226 4467 425 4526 dec'revimus
449 4470 638 4526 auctoritate.
663 4469 802 4526 Primum
819 4469 913 4541 igitur
930 4475 1094 4526 tractatum
1111 4469 1233 4525 racione
1250 4468 1407 4541 dignitatis
1424 4483 1497 4525 ven·

226 4575 309 4632 dicat
333 4573 494 4646 Zagrabia,
518 4575 605 4631 cuius
628 4575 730 4647 prima
755 4581 836 4631 meta
860 4575 967 4648 incipit
990 4575 1020 4632 in
1045 4575 1114 4631 loco
1138 4577 1191 4646 qui
1215 4573 1327 4631 dicitur
1345 4573 1441 4632 Kerec
1457 4574 1497 4632 ad

227 4683 332 4739 rivum
356 4680 527 4750 Circuniza,
558 4679 629 4737 inde
652 4679 798 4752 dirigitur
830 4697 937 4738 versus
969 4680 1130 4738 meridiem
1164 4679 1202 4737 ad
1227 4680 1373 4737 arborem
1396 4670 1496 4753 popu·

228 4788 309 4844 leam
334 4801 425 4843 cruce
442 4785 603 4858 signatam,
620 4785 691 4841 hinc
707 4785 902 4858 protenditur
917 4802 973 4859 per
989 4787 1076 4859 signa
1096 4782 1115 4862 †
1132 4801 1229 4858 usque
1245 4785 1374 4842 fluvium
1391 4783 1495 4856 Sanza,

227 4895 314 4951 iuxta
336 4907 432 4966 quem
455 4891 584 4963 erigitur
607 4897 689 4948 meta
718 4891 757 4948 de
788 4899 878 4962 terra,
902 4892 972 4950 inde
1002 4894 1065 4950 itur
1094 4893 1132 4949 ad
1156 4891 1310 4966 populum
1334 4891 1495 4962 signatam,

228 4999 315 5056 illinc
337 4998 377 5055 ad
408 4997 541 5056 fluvium
572 4995 661 5056 Sawa
692 4997 731 5055 ad
762 4999 905 5056 arborem
938 4999 1023 5057 nucis
1054 5001 1215 5072 signatam,
1247 4995 1366 5054 ibidem
1397 4997 1495 5054 eciam

1375 5111 1390 5142 Ι
