<?xml version="1.0" encoding="UTF-8"?>
<!DOCTYPE html PUBLIC "-//W3C//DTD XHTML 1.0 Transitional//EN"
    "http://www.w3.org/TR/xhtml1/DTD/xhtml1-transitional.dtd">
<html xmlns="http://www.w3.org/1999/xhtml" xml:lang="en" lang="en">
 <head>
  <title>
</title>
<meta http-equiv="Content-Type" content="text/html;charset=utf-8" />
  <meta name='ocr-system' content='tesseract 3.04.00' />
  <meta name='ocr-capabilities' content='ocr_page ocr_carea ocr_par ocr_line ocrx_word'/>
</head>
<body>
  <div class='ocr_page' id='page_1' title='image "./monumentahistor18laszgoog_0503.png"; bbox 0 0 3728 5806; ppageno 0'>
   <div class='ocr_carea' id='block_1_1' title="bbox 562 544 1074 625">
    <p class='ocr_par' dir='ltr' id='par_1_1' title="bbox 562 544 1074 625">
     <span class='ocr_line' id='line_1_1' title="bbox 562 544 1074 625; baseline 0.002 -21"><span class='ocrx_word' id='word_1_1' title='bbox 562 547 635 604; x_wconf 79' lang='lat' dir='ltr'>Dec.</span> <span class='ocrx_word' id='word_1_2' title='bbox 659 559 726 624; x_wconf 88' lang='lat'><em>277.</em></span> <span class='ocrx_word' id='word_1_3' title='bbox 750 544 820 624; x_wconf 83' lang='lat'>278.</span> <span class='ocrx_word' id='word_1_4' title='bbox 848 581 884 590; x_wconf 89' lang='lat'><em>-</em></span> <span class='ocrx_word' id='word_1_5' title='bbox 909 548 964 605; x_wconf 83' lang='lat' dir='ltr'>An.</span> <span class='ocrx_word' id='word_1_6' title='bbox 990 560 1074 625; x_wconf 72' lang='lat'><em>1377.</em></span> 
     </span>
    </p>
   </div>
   <div class='ocr_carea' id='block_1_2' title="bbox 182 652 425 661">
    <p class='ocr_par' dir='ltr' id='par_1_2' title="bbox 182 652 425 661">
     <span class='ocr_line' id='line_1_2' title="bbox 182 652 425 661; baseline 0 -1"><span class='ocrx_word' id='word_1_7' title='bbox 182 652 425 661; x_wconf 74' lang='lat'><strong>———-—----—-—-</strong></span> 
     </span>
    </p>
   </div>
   <div class='ocr_carea' id='block_1_3' title="bbox 778 741 863 810">
    <p class='ocr_par' dir='ltr' id='par_1_3' title="bbox 778 741 863 810">
     <span class='ocr_line' id='line_1_3' title="bbox 778 741 863 810; baseline 0 -4"><span class='ocrx_word' id='word_1_8' title='bbox 778 741 863 810; x_wconf 79' lang='lat'>277.</span> 
     </span>
    </p>
   </div>
   <div class='ocr_carea' id='block_1_4' title="bbox 272 883 857 948">
    <p class='ocr_par' dir='ltr' id='par_1_4' title="bbox 272 883 857 948">
     <span class='ocr_line' id='line_1_4' title="bbox 272 883 857 948; baseline 0 -16"><span class='ocrx_word' id='word_1_9' title='bbox 272 887 349 933; x_wconf 87' lang='lat' dir='ltr'>Anno</span> <span class='ocrx_word' id='word_1_10' title='bbox 371 893 444 943; x_wconf 81' lang='lat'>1377,</span> <span class='ocrx_word' id='word_1_11' title='bbox 465 895 505 943; x_wconf 84' lang='lat'>25.</span> <span class='ocrx_word' id='word_1_12' title='bbox 525 884 684 935; x_wconf 84' lang='lat' dir='ltr'>novembris,</span> <span class='ocrx_word' id='word_1_13' title='bbox 704 883 857 948; x_wconf 86' lang='lat' dir='ltr'>Zagrabiae.</span> 
     </span>
    </p>
   </div>
   <div class='ocr_carea' id='block_1_5' title="bbox 220 1011 1411 1193">
    <p class='ocr_par' dir='ltr' id='par_1_5' title="bbox 220 1011 1411 1193">
     <span class='ocr_line' id='line_1_5' title="bbox 220 1011 1411 1073; baseline 0.003 -6"><span class='ocrx_word' id='word_1_14' title='bbox 220 1011 328 1068; x_wconf 77' lang='lat' dir='ltr'>Petms</span> <span class='ocrx_word' id='word_1_15' title='bbox 352 1011 457 1068; x_wconf 85' lang='lat' dir='ltr'>Zudar</span> <span class='ocrx_word' id='word_1_16' title='bbox 479 1012 635 1070; x_wconf 83' lang='lat' dir='ltr'>Slovoniae</span> <span class='ocrx_word' id='word_1_17' title='bbox 657 1013 752 1070; x_wconf 63' lang='lat' dir='ltr'>bernus</span> <span class='ocrx_word' id='word_1_18' title='bbox 774 1013 820 1068; x_wconf 74' lang='lat' dir='ltr'>ius</span> <span class='ocrx_word' id='word_1_19' title='bbox 841 1012 953 1069; x_wconf 79' lang='lat' dir='ltr'>dicendi</span> <span class='ocrx_word' id='word_1_20' title='bbox 973 1015 1003 1068; x_wconf 82' lang='lat' dir='ltr'>in</span> <span class='ocrx_word' id='word_1_21' title='bbox 1027 1031 1115 1070; x_wconf 82' lang='lat' dir='ltr'>causa</span> <span class='ocrx_word' id='word_1_22' title='bbox 1138 1015 1215 1070; x_wconf 81' lang='lat' dir='ltr'>inter</span> <span class='ocrx_word' id='word_1_23' title='bbox 1235 1016 1308 1070; x_wconf 81' lang='lat' dir='ltr'>cives</span> <span class='ocrx_word' id='word_1_24' title='bbox 1338 1014 1411 1073; x_wconf 84' lang='lat' dir='ltr'>Gre-</span> 
     </span>
     <span class='ocr_line' id='line_1_6' title="bbox 368 1118 1254 1193; baseline -0.001 -17"><span class='ocrx_word' id='word_1_25' title='bbox 368 1118 481 1176; x_wconf 77' lang='lat' dir='ltr'>clteresse</span> <span class='ocrx_word' id='word_1_26' title='bbox 505 1138 539 1176; x_wconf 83' lang='lat' dir='ltr'>ac</span> <span class='ocrx_word' id='word_1_27' title='bbox 561 1121 718 1193; x_wconf 79' lang='lat' dir='ltr'>episcopum</span> <span class='ocrx_word' id='word_1_28' title='bbox 741 1127 768 1175; x_wconf 85' lang='lat' dir='ltr'>et</span> <span class='ocrx_word' id='word_1_29' title='bbox 789 1119 947 1192; x_wconf 71' lang='lat' dir='ltr'>capitulum</span> <span class='ocrx_word' id='word_1_30' title='bbox 970 1119 1086 1191; x_wconf 79' lang='lat' dir='ltr'>zagrab.</span> <span class='ocrx_word' id='word_1_31' title='bbox 1103 1127 1254 1192; x_wconf 80' lang='lat' dir='ltr'><em>prorogat.</em></span> 
     </span>
    </p>
   </div>
   <div class='ocr_carea' id='block_1_6' title="bbox 181 1261 1455 2925">
    <p class='ocr_par' dir='ltr' id='par_1_6' title="bbox 181 1261 1455 2925">
     <span class='ocr_line' id='line_1_7' title="bbox 272 1261 1452 1335; baseline 0.001 -16"><span class='ocrx_word' id='word_1_32' title='bbox 272 1261 336 1320; x_wconf 91' lang='lat' dir='ltr'>Nos</span> <span class='ocrx_word' id='word_1_33' title='bbox 361 1263 466 1320; x_wconf 86' lang='lat' dir='ltr'>Petrus</span> <span class='ocrx_word' id='word_1_34' title='bbox 490 1263 593 1321; x_wconf 92' lang='lat' dir='ltr'>Zudor</span> <span class='ocrx_word' id='word_1_35' title='bbox 615 1264 701 1335; x_wconf 87' lang='lat' dir='ltr'>regni</span> <span class='ocrx_word' id='word_1_36' title='bbox 722 1263 884 1320; x_wconf 91' lang='lat' dir='ltr'>Sclauonie</span> <span class='ocrx_word' id='word_1_37' title='bbox 901 1264 1006 1320; x_wconf 92' lang='lat' dir='ltr'>banus.</span> <span class='ocrx_word' id='word_1_38' title='bbox 1024 1263 1173 1320; x_wconf 89' lang='lat' dir='ltr'>Memorie</span> <span class='ocrx_word' id='word_1_39' title='bbox 1189 1264 1452 1335; x_wconf 84' lang='lat' dir='ltr'>commendamus,</span> 
     </span>
     <span class='ocr_line' id='line_1_8' title="bbox 186 1367 1453 1442; baseline 0.004 -18"><span class='ocrx_word' id='word_1_40' title='bbox 186 1367 273 1440; x_wconf 93' lang='lat' dir='ltr'>quod</span> <span class='ocrx_word' id='word_1_41' title='bbox 305 1370 395 1426; x_wconf 92' lang='lat' dir='ltr'>nobis</span> <span class='ocrx_word' id='word_1_42' title='bbox 426 1370 456 1426; x_wconf 90' lang='lat' dir='ltr'>in</span> <span class='ocrx_word' id='word_1_43' title='bbox 489 1371 607 1427; x_wconf 89' lang='lat' dir='ltr'>octavis</span> <span class='ocrx_word' id='word_1_44' title='bbox 638 1370 707 1427; x_wconf 88' lang='lat' dir='ltr'>festi</span> <span class='ocrx_word' id='word_1_45' title='bbox 738 1370 820 1426; x_wconf 90' lang='lat' dir='ltr'>beati</span> <span class='ocrx_word' id='word_1_46' title='bbox 852 1369 975 1442; x_wconf 82' lang='lat' dir='ltr'>Martini</span> <span class='ocrx_word' id='word_1_47' title='bbox 998 1368 1189 1440; x_wconf 75' lang='lat' dir='ltr'>confessoris</span> <span class='ocrx_word' id='word_1_48' title='bbox 1212 1385 1343 1427; x_wconf 91' lang='lat' dir='ltr'>unacum</span> <span class='ocrx_word' id='word_1_49' title='bbox 1366 1373 1453 1442; x_wconf 85' lang='lat' dir='ltr'>regni</span> 
     </span>
     <span class='ocr_line' id='line_1_9' title="bbox 184 1474 1453 1557; baseline 0.003 -27"><span class='ocrx_word' id='word_1_50' title='bbox 184 1474 346 1530; x_wconf 91' lang='lat' dir='ltr'>nobilibus</span> <span class='ocrx_word' id='word_1_51' title='bbox 363 1475 392 1531; x_wconf 93' lang='lat' dir='ltr'>in</span> <span class='ocrx_word' id='word_1_52' title='bbox 409 1475 481 1531; x_wconf 88' lang='lat' dir='ltr'>sede</span> <span class='ocrx_word' id='word_1_53' title='bbox 497 1481 601 1532; x_wconf 92' lang='lat' dir='ltr'>nostra</span> <span class='ocrx_word' id='word_1_54' title='bbox 618 1475 777 1532; x_wconf 90' lang='lat' dir='ltr'>iudiciaria</span> <span class='ocrx_word' id='word_1_55' title='bbox 793 1475 980 1543; x_wconf 75' lang='lat' dir='ltr'>sedentibus</span> <span class='ocrx_word' id='word_1_56' title='bbox 997 1475 1138 1547; x_wconf 78' lang='lat' dir='ltr'>magistri</span> <span class='ocrx_word' id='word_1_57' title='bbox 1153 1475 1307 1557; x_wconf 87' lang='lat' dir='ltr'>Johannes</span> <span class='ocrx_word' id='word_1_58' title='bbox 1324 1475 1453 1550; x_wconf 89' lang='lat' dir='ltr'>Crispus</span> 
     </span>
     <span class='ocr_line' id='line_1_10' title="bbox 181 1580 1451 1656; baseline 0.003 -20"><span class='ocrx_word' id='word_1_59' title='bbox 181 1587 214 1636; x_wconf 88' lang='lat' dir='ltr'>et</span> <span class='ocrx_word' id='word_1_60' title='bbox 245 1580 385 1637; x_wconf 81' lang='lat' dir='ltr'>Andreas</span> <span class='ocrx_word' id='word_1_61' title='bbox 416 1581 542 1650; x_wconf 75' lang='lat' dir='ltr'>Parvus</span> <span class='ocrx_word' id='word_1_62' title='bbox 574 1582 711 1639; x_wconf 87' lang='lat' dir='ltr'>canonici</span> <span class='ocrx_word' id='word_1_63' title='bbox 743 1587 772 1638; x_wconf 88' lang='lat' dir='ltr'>et</span> <span class='ocrx_word' id='word_1_64' title='bbox 804 1580 1011 1638; x_wconf 84' lang='lat' dir='ltr'>archidiaconi</span> <span class='ocrx_word' id='word_1_65' title='bbox 1042 1581 1170 1638; x_wconf 83' lang='lat' dir='ltr'>ecclesie</span> <span class='ocrx_word' id='word_1_66' title='bbox 1194 1582 1322 1654; x_wconf 86' lang='lat' dir='ltr'>capituli</span> <span class='ocrx_word' id='word_1_67' title='bbox 1345 1598 1451 1656; x_wconf 85' lang='lat' dir='ltr'>zagra-</span> 
     </span>
     <span class='ocr_line' id='line_1_11' title="bbox 183 1687 1454 1762; baseline 0.002 -18"><span class='ocrx_word' id='word_1_68' title='bbox 183 1688 297 1745; x_wconf 91' lang='lat' dir='ltr'>bieusis</span> <span class='ocrx_word' id='word_1_69' title='bbox 322 1703 379 1761; x_wconf 92' lang='lat' dir='ltr'>pro</span> <span class='ocrx_word' id='word_1_70' title='bbox 396 1687 505 1744; x_wconf 92' lang='lat' dir='ltr'>eodem</span> <span class='ocrx_word' id='word_1_71' title='bbox 528 1689 674 1762; x_wconf 75' lang='lat' dir='ltr'>capitum,</span> <span class='ocrx_word' id='word_1_72' title='bbox 698 1705 769 1746; x_wconf 92' lang='lat' dir='ltr'>cum</span> <span class='ocrx_word' id='word_1_73' title='bbox 795 1687 1016 1761; x_wconf 82' lang='lat' dir='ltr'>procuratoriis</span> <span class='ocrx_word' id='word_1_74' title='bbox 1041 1687 1150 1744; x_wconf 89' lang='lat' dir='ltr'>litteris</span> <span class='ocrx_word' id='word_1_75' title='bbox 1174 1687 1320 1758; x_wconf 92' lang='lat' dir='ltr'>eiusdem,</span> <span class='ocrx_word' id='word_1_76' title='bbox 1347 1695 1454 1747; x_wconf 87' lang='lat' dir='ltr'>contra</span> 
     </span>
     <span class='ocr_line' id='line_1_12' title="bbox 183 1792 1451 1851; baseline 0.001 -1"><span class='ocrx_word' id='word_1_77' title='bbox 183 1793 381 1850; x_wconf 90' lang='lat' dir='ltr'>Franciscum</span> <span class='ocrx_word' id='word_1_78' title='bbox 414 1792 546 1849; x_wconf 89' lang='lat' dir='ltr'>iudicem</span> <span class='ocrx_word' id='word_1_79' title='bbox 578 1793 710 1851; x_wconf 91' lang='lat' dir='ltr'>civitatis</span> <span class='ocrx_word' id='word_1_80' title='bbox 733 1792 917 1850; x_wconf 88' lang='lat' dir='ltr'>Grechensis</span> <span class='ocrx_word' id='word_1_81' title='bbox 941 1808 1010 1849; x_wconf 92' lang='lat' dir='ltr'>cum</span> <span class='ocrx_word' id='word_1_82' title='bbox 1036 1792 1105 1848; x_wconf 88' lang='lat' dir='ltr'>aliis</span> <span class='ocrx_word' id='word_1_83' title='bbox 1129 1793 1250 1850; x_wconf 92' lang='lat' dir='ltr'>civibus</span> <span class='ocrx_word' id='word_1_84' title='bbox 1280 1793 1318 1850; x_wconf 96' lang='lat' dir='ltr'>de</span> <span class='ocrx_word' id='word_1_85' title='bbox 1343 1794 1451 1851; x_wconf 88' lang='lat' dir='ltr'>eadem</span> 
     </span>
     <span class='ocr_line' id='line_1_13' title="bbox 183 1897 1451 1970; baseline 0.001 -15"><span class='ocrx_word' id='word_1_86' title='bbox 183 1914 289 1956; x_wconf 84' lang='lat' dir='ltr'>coram</span> <span class='ocrx_word' id='word_1_87' title='bbox 314 1899 403 1956; x_wconf 91' lang='lat' dir='ltr'>nobis</span> <span class='ocrx_word' id='word_1_88' title='bbox 427 1898 611 1968; x_wconf 87' lang='lat' dir='ltr'>adherendo,</span> <span class='ocrx_word' id='word_1_89' title='bbox 636 1900 844 1957; x_wconf 89' lang='lat' dir='ltr'>exhibuerunt</span> <span class='ocrx_word' id='word_1_90' title='bbox 866 1898 956 1954; x_wconf 92' lang='lat' dir='ltr'>nobis</span> <span class='ocrx_word' id='word_1_91' title='bbox 977 1898 1094 1954; x_wconf 81' lang='lat' dir='ltr'>litteras</span> <span class='ocrx_word' id='word_1_92' title='bbox 1114 1897 1231 1954; x_wconf 90' lang='lat' dir='ltr'>domini</span> <span class='ocrx_word' id='word_1_93' title='bbox 1249 1900 1344 1956; x_wconf 88' lang='lat' dir='ltr'>nostri</span> <span class='ocrx_word' id='word_1_94' title='bbox 1360 1900 1451 1970; x_wconf 77' lang='lat' dir='ltr'>regis</span> 
     </span>
     <span class='ocr_line' id='line_1_14' title="bbox 182 1999 1452 2082; baseline 0.002 -22"><span class='ocrx_word' id='word_1_95' title='bbox 182 2006 266 2060; x_wconf 92' lang='lat' dir='ltr'>hunc</span> <span class='ocrx_word' id='word_1_96' title='bbox 294 2009 430 2060; x_wconf 90' lang='lat' dir='ltr'>tenorem</span> <span class='ocrx_word' id='word_1_97' title='bbox 463 2005 666 2062; x_wconf 88' lang='lat' dir='ltr'>continentes:</span> <span class='ocrx_word' id='word_1_98' title='bbox 699 1999 772 2082; x_wconf 90' lang='lat' dir='ltr'>(vid.</span> <span class='ocrx_word' id='word_1_99' title='bbox 801 2021 844 2062; x_wconf 91' lang='lat' dir='ltr'>nr.</span> <span class='ocrx_word' id='word_1_100' title='bbox 881 2003 949 2072; x_wconf 85' lang='lat'>276.</span> <span class='ocrx_word' id='word_1_101' title='bbox 981 2019 1061 2060; x_wconf 91' lang='lat' dir='ltr'>anno</span> <span class='ocrx_word' id='word_1_102' title='bbox 1099 2017 1188 2076; x_wconf 82' lang='lat'>1377,</span> <span class='ocrx_word' id='word_1_103' title='bbox 1221 2018 1269 2076; x_wconf 84' lang='lat'>31.</span> <span class='ocrx_word' id='word_1_104' title='bbox 1296 1999 1452 2080; x_wconf 86' lang='lat' dir='ltr'>octobris.)</span> 
     </span>
     <span class='ocr_line' id='line_1_15' title="bbox 182 2109 1453 2184; baseline 0.001 -17"><span class='ocrx_word' id='word_1_105' title='bbox 182 2109 274 2168; x_wconf 89' lang='lat' dir='ltr'>Unde</span> <span class='ocrx_word' id='word_1_106' title='bbox 305 2109 378 2181; x_wconf 88' lang='lat' dir='ltr'>quia</span> <span class='ocrx_word' id='word_1_107' title='bbox 408 2111 595 2182; x_wconf 91' lang='lat' dir='ltr'>premissum</span> <span class='ocrx_word' id='word_1_108' title='bbox 627 2110 743 2167; x_wconf 83' lang='lat' dir='ltr'>tactum</span> <span class='ocrx_word' id='word_1_109' title='bbox 770 2111 849 2167; x_wconf 90' lang='lat' dir='ltr'>inter</span> <span class='ocrx_word' id='word_1_110' title='bbox 872 2111 954 2183; x_wconf 88' lang='lat' dir='ltr'>ipsas</span> <span class='ocrx_word' id='word_1_111' title='bbox 980 2115 1082 2182; x_wconf 90' lang='lat' dir='ltr'>partes</span> <span class='ocrx_word' id='word_1_112' title='bbox 1106 2109 1188 2166; x_wconf 92' lang='lat' dir='ltr'>idem</span> <span class='ocrx_word' id='word_1_113' title='bbox 1218 2110 1361 2168; x_wconf 89' lang='lat' dir='ltr'>dominus</span> <span class='ocrx_word' id='word_1_114' title='bbox 1389 2112 1453 2184; x_wconf 91' lang='lat' dir='ltr'>epi·</span> 
     </span>
     <span class='ocr_line' id='line_1_16' title="bbox 183 2214 1454 2288; baseline 0.002 -17"><span class='ocrx_word' id='word_1_115' title='bbox 183 2231 305 2288; x_wconf 89' lang='lat' dir='ltr'>scopus,</span> <span class='ocrx_word' id='word_1_116' title='bbox 321 2222 356 2271; x_wconf 89' lang='lat' dir='ltr'>ut</span> <span class='ocrx_word' id='word_1_117' title='bbox 379 2214 473 2272; x_wconf 89' lang='lat' dir='ltr'>iidem</span> <span class='ocrx_word' id='word_1_118' title='bbox 498 2224 711 2288; x_wconf 88' lang='lat' dir='ltr'>procuratores</span> <span class='ocrx_word' id='word_1_119' title='bbox 739 2233 905 2286; x_wconf 87' lang='lat' dir='ltr'>asseruere,</span> <span class='ocrx_word' id='word_1_120' title='bbox 934 2215 1104 2272; x_wconf 85' lang='lat' dir='ltr'>reformare</span> <span class='ocrx_word' id='word_1_121' title='bbox 1131 2217 1294 2288; x_wconf 89' lang='lat' dir='ltr'>nequisset,</span> <span class='ocrx_word' id='word_1_122' title='bbox 1322 2216 1454 2274; x_wconf 91' lang='lat' dir='ltr'>eandem</span> 
     </span>
     <span class='ocr_line' id='line_1_17' title="bbox 183 2321 1454 2395; baseline 0.002 -18"><span class='ocrx_word' id='word_1_123' title='bbox 183 2321 274 2377; x_wconf 93' lang='lat' dir='ltr'>nobis</span> <span class='ocrx_word' id='word_1_124' title='bbox 307 2321 499 2378; x_wconf 85' lang='lat' dir='ltr'>commisisse</span> <span class='ocrx_word' id='word_1_125' title='bbox 533 2321 676 2378; x_wconf 90' lang='lat' dir='ltr'>ordinare</span> <span class='ocrx_word' id='word_1_126' title='bbox 710 2327 739 2379; x_wconf 91' lang='lat' dir='ltr'>et</span> <span class='ocrx_word' id='word_1_127' title='bbox 775 2321 946 2394; x_wconf 90' lang='lat' dir='ltr'>disponere.</span> <span class='ocrx_word' id='word_1_128' title='bbox 987 2321 1112 2392; x_wconf 89' lang='lat' dir='ltr'>Tamen,</span> <span class='ocrx_word' id='word_1_129' title='bbox 1148 2322 1220 2394; x_wconf 93' lang='lat' dir='ltr'>quia</span> <span class='ocrx_word' id='word_1_130' title='bbox 1252 2321 1291 2380; x_wconf 90' lang='lat' dir='ltr'>de</span> <span class='ocrx_word' id='word_1_131' title='bbox 1319 2323 1454 2395; x_wconf 90' lang='lat' dir='ltr'>presenti</span> 
     </span>
     <span class='ocr_line' id='line_1_18' title="bbox 184 2425 1454 2502; baseline 0.004 -21"><span class='ocrx_word' id='word_1_132' title='bbox 184 2425 373 2498; x_wconf 92' lang='lat' dir='ltr'>quibusdam</span> <span class='ocrx_word' id='word_1_133' title='bbox 399 2427 533 2496; x_wconf 84' lang='lat' dir='ltr'>negociis</span> <span class='ocrx_word' id='word_1_134' title='bbox 557 2427 698 2500; x_wconf 87' lang='lat' dir='ltr'>occupati</span> <span class='ocrx_word' id='word_1_135' title='bbox 723 2427 823 2501; x_wconf 90' lang='lat' dir='ltr'>ipsam</span> <span class='ocrx_word' id='word_1_136' title='bbox 848 2426 1077 2485; x_wconf 92' lang='lat' dir='ltr'>ordinacionem</span> <span class='ocrx_word' id='word_1_137' title='bbox 1103 2435 1207 2502; x_wconf 90' lang='lat' dir='ltr'>partes</span> <span class='ocrx_word' id='word_1_138' title='bbox 1231 2429 1309 2486; x_wconf 90' lang='lat' dir='ltr'>inter</span> <span class='ocrx_word' id='word_1_139' title='bbox 1330 2429 1454 2486; x_wconf 89' lang='lat' dir='ltr'>easdem</span> 
     </span>
     <span class='ocr_line' id='line_1_19' title="bbox 186 2531 1454 2607; baseline 0.003 -19"><span class='ocrx_word' id='word_1_140' title='bbox 186 2531 287 2588; x_wconf 85' lang='lat' dir='ltr'>lacere</span> <span class='ocrx_word' id='word_1_141' title='bbox 311 2532 518 2604; x_wconf 73' lang='lat' dir='ltr'>nequivimus</span> <span class='ocrx_word' id='word_1_142' title='bbox 548 2549 607 2607; x_wconf 92' lang='lat' dir='ltr'>pro</span> <span class='ocrx_word' id='word_1_143' title='bbox 631 2549 667 2590; x_wconf 92' lang='lat' dir='ltr'>eo</span> <span class='ocrx_word' id='word_1_144' title='bbox 691 2535 876 2607; x_wconf 90' lang='lat' dir='ltr'>premissam</span> <span class='ocrx_word' id='word_1_145' title='bbox 909 2533 1148 2607; x_wconf 88' lang='lat' dir='ltr'>disposicionem</span> <span class='ocrx_word' id='word_1_146' title='bbox 1172 2541 1201 2592; x_wconf 90' lang='lat' dir='ltr'>et</span> <span class='ocrx_word' id='word_1_147' title='bbox 1225 2534 1454 2592; x_wconf 90' lang='lat' dir='ltr'>ordinacionem</span> 
     </span>
     <span class='ocr_line' id='line_1_20' title="bbox 186 2639 1454 2714; baseline 0.003 -20"><span class='ocrx_word' id='word_1_148' title='bbox 186 2639 266 2694; x_wconf 87' lang='lat' dir='ltr'>inter</span> <span class='ocrx_word' id='word_1_149' title='bbox 290 2640 374 2711; x_wconf 91' lang='lat' dir='ltr'>ipsas</span> <span class='ocrx_word' id='word_1_150' title='bbox 398 2645 501 2711; x_wconf 91' lang='lat' dir='ltr'>partes</span> <span class='ocrx_word' id='word_1_151' title='bbox 525 2645 605 2697; x_wconf 89' lang='lat' dir='ltr'>statu</span> <span class='ocrx_word' id='word_1_152' title='bbox 628 2641 659 2697; x_wconf 92' lang='lat' dir='ltr'>in</span> <span class='ocrx_word' id='word_1_153' title='bbox 683 2640 793 2698; x_wconf 89' lang='lat' dir='ltr'>eodem</span> <span class='ocrx_word' id='word_1_154' title='bbox 814 2639 851 2697; x_wconf 91' lang='lat' dir='ltr'>ad</span> <span class='ocrx_word' id='word_1_155' title='bbox 877 2645 1002 2697; x_wconf 85' lang='lat' dir='ltr'>octavas</span> <span class='ocrx_word' id='word_1_156' title='bbox 1021 2639 1081 2698; x_wconf 86' lang='lat' dir='ltr'>dici</span> <span class='ocrx_word' id='word_1_157' title='bbox 1100 2639 1201 2698; x_wconf 88' lang='lat' dir='ltr'>medie</span> <span class='ocrx_word' id='word_1_158' title='bbox 1218 2640 1454 2714; x_wconf 85' lang='lat' dir='ltr'>quadragesime</span> 
     </span>
     <span class='ocr_line' id='line_1_21' title="bbox 186 2745 1455 2820; baseline 0.005 -21"><span class='ocrx_word' id='word_1_159' title='bbox 186 2745 332 2816; x_wconf 82' lang='lat' dir='ltr'>proxime</span> <span class='ocrx_word' id='word_1_160' title='bbox 355 2751 509 2816; x_wconf 88' lang='lat' dir='ltr'>venturas,</span> <span class='ocrx_word' id='word_1_161' title='bbox 537 2745 683 2804; x_wconf 87' lang='lat' dir='ltr'>duximus</span> <span class='ocrx_word' id='word_1_162' title='bbox 714 2747 884 2820; x_wconf 84' lang='lat' dir='ltr'>prorogari.</span> <span class='ocrx_word' id='word_1_163' title='bbox 916 2745 1032 2803; x_wconf 85' lang='lat' dir='ltr'>Datum</span> <span class='ocrx_word' id='word_1_164' title='bbox 1063 2745 1240 2820; x_wconf 86' lang='lat' dir='ltr'>Zagrabiae,</span> <span class='ocrx_word' id='word_1_165' title='bbox 1271 2752 1382 2806; x_wconf 89' lang='lat' dir='ltr'>octavo</span> <span class='ocrx_word' id='word_1_166' title='bbox 1405 2747 1455 2806; x_wconf 89' lang='lat' dir='ltr'>die</span> 
     </span>
     <span class='ocr_line' id='line_1_22' title="bbox 185 2849 960 2925; baseline 0.005 -20"><span class='ocrx_word' id='word_1_167' title='bbox 185 2849 311 2906; x_wconf 90' lang='lat' dir='ltr'>termini</span> <span class='ocrx_word' id='word_1_168' title='bbox 334 2851 496 2922; x_wconf 88' lang='lat' dir='ltr'>prenotati.</span> <span class='ocrx_word' id='word_1_169' title='bbox 521 2852 610 2908; x_wconf 83' lang='lat' dir='ltr'>Anno</span> <span class='ocrx_word' id='word_1_170' title='bbox 634 2851 751 2910; x_wconf 90' lang='lat' dir='ltr'>domini</span> <span class='ocrx_word' id='word_1_171' title='bbox 774 2851 960 2925; x_wconf 90' lang='lat' dir='ltr'>supradicto.</span> 
     </span>
    </p>
   </div>
   <div class='ocr_carea' id='block_1_7' title="bbox 188 2965 1454 3106">
    <p class='ocr_par' dir='ltr' id='par_1_7' title="bbox 188 2965 1454 3106">
     <span class='ocr_line' id='line_1_23' title="bbox 276 2965 1454 3036; baseline 0.004 -21"><span class='ocrx_word' id='word_1_172' title='bbox 276 2965 417 3032; x_wconf 85' lang='lat' dir='ltr'>Originale</span> <span class='ocrx_word' id='word_1_173' title='bbox 443 2967 469 3018; x_wconf 90' lang='lat' dir='ltr'>in</span> <span class='ocrx_word' id='word_1_174' title='bbox 495 2969 593 3019; x_wconf 86' lang='lat' dir='ltr'>charta.</span> <span class='ocrx_word' id='word_1_175' title='bbox 619 2972 643 3018; x_wconf 85' lang='grc' dir='ltr'>Α</span> <span class='ocrx_word' id='word_1_176' title='bbox 668 2977 743 3036; x_wconf 82' lang='lat' dir='ltr'>tergo</span> <span class='ocrx_word' id='word_1_177' title='bbox 766 2969 909 3036; x_wconf 81' lang='lat' dir='ltr'>vestigium</span> <span class='ocrx_word' id='word_1_178' title='bbox 929 2969 1052 3036; x_wconf 90' lang='lat' dir='ltr'>impressi</span> <span class='ocrx_word' id='word_1_179' title='bbox 1074 2970 1166 3036; x_wconf 85' lang='lat' dir='ltr'>sigilli.</span> <span class='ocrx_word' id='word_1_180' title='bbox 1190 2971 1220 3021; x_wconf 89' lang='lat' dir='ltr'>ln</span> <span class='ocrx_word' id='word_1_181' title='bbox 1245 2971 1354 3022; x_wconf 90' lang='lat' dir='ltr'>archivo</span> <span class='ocrx_word' id='word_1_182' title='bbox 1373 2974 1454 3022; x_wconf 87' lang='lat' dir='ltr'>Acad.</span> 
     </span>
     <span class='ocr_line' id='line_1_24' title="bbox 188 3053 485 3106; baseline 0 -2"><span class='ocrx_word' id='word_1_183' title='bbox 188 3053 283 3104; x_wconf 74' lang='lat' dir='ltr'>Scient</span> <span class='ocrx_word' id='word_1_184' title='bbox 303 3055 373 3105; x_wconf 82' lang='lat' dir='ltr'>Slav.</span> <span class='ocrx_word' id='word_1_185' title='bbox 394 3056 485 3106; x_wconf 89' lang='lat' dir='ltr'>merid.</span> 
     </span>
    </p>
   </div>
   <div class='ocr_carea' id='block_1_8' title="bbox 294 3239 860 3354">
    <p class='ocr_par' dir='ltr' id='par_1_8' title="bbox 294 3239 860 3354">
     <span class='ocr_line' id='line_1_25' title="bbox 294 3239 860 3354; baseline 0.004 -18"><span class='ocrx_word' id='word_1_186' title='bbox 294 3289 371 3337; x_wconf 84' lang='lat' dir='ltr'>Anno</span> <span class='ocrx_word' id='word_1_187' title='bbox 396 3295 469 3346; x_wconf 83' lang='lat'>1377.</span> <span class='ocrx_word' id='word_1_188' title='bbox 489 3287 643 3354; x_wconf 84' lang='lat' dir='ltr'>Zagrabiac.</span> <span class='ocrx_word' id='word_1_189' title='bbox 774 3239 860 3306; x_wconf 68' lang='lat'>27⁸⁰</span> 
     </span>
    </p>
   </div>
   <div class='ocr_carea' id='block_1_9' title="bbox 188 3418 1458 4870">
    <p class='ocr_par' dir='ltr' id='par_1_9' title="bbox 188 3418 1458 4870">
     <span class='ocr_line' id='line_1_26' title="bbox 276 3418 1455 3497; baseline 0.005 -23"><span class='ocrx_word' id='word_1_190' title='bbox 276 3418 510 3476; x_wconf 88' lang='lat' dir='ltr'>Testamentum</span> <span class='ocrx_word' id='word_1_191' title='bbox 545 3419 641 3491; x_wconf 91' lang='lat' dir='ltr'>Pauli,</span> <span class='ocrx_word' id='word_1_192' title='bbox 666 3419 722 3477; x_wconf 88' lang='lat' dir='ltr'>filii</span> <span class='ocrx_word' id='word_1_193' title='bbox 747 3419 860 3494; x_wconf 88' lang='lat' dir='ltr'>Stepan</span> <span class='ocrx_word' id='word_1_194' title='bbox 884 3421 923 3478; x_wconf 93' lang='lat' dir='ltr'>de</span> <span class='ocrx_word' id='word_1_195' title='bbox 946 3421 1084 3494; x_wconf 89' lang='lat' dir='ltr'>Starchy,</span> <span class='ocrx_word' id='word_1_196' title='bbox 1109 3423 1260 3497; x_wconf 88' lang='lat' dir='ltr'>capitanei</span> <span class='ocrx_word' id='word_1_197' title='bbox 1288 3425 1380 3480; x_wconf 90' lang='lat' dir='ltr'>castri</span> <span class='ocrx_word' id='word_1_198' title='bbox 1407 3439 1455 3480; x_wconf 89' lang='lat' dir='ltr'>za·</span> 
     </span>
     <span class='ocr_line' id='line_1_27' title="bbox 188 3525 1454 3600; baseline 0.005 -20"><span class='ocrx_word' id='word_1_199' title='bbox 188 3525 368 3596; x_wconf 86' lang='lat' dir='ltr'>grabiensis,</span> <span class='ocrx_word' id='word_1_200' title='bbox 392 3539 497 3582; x_wconf 85' lang='lat' dir='ltr'>coram</span> <span class='ocrx_word' id='word_1_201' title='bbox 521 3526 650 3600; x_wconf 90' lang='lat' dir='ltr'>capituli</span> <span class='ocrx_word' id='word_1_202' title='bbox 672 3527 880 3598; x_wconf 87' lang='lat' dir='ltr'>zagrabiensis</span> <span class='ocrx_word' id='word_1_203' title='bbox 903 3533 933 3584; x_wconf 93' lang='lat' dir='ltr'>et</span> <span class='ocrx_word' id='word_1_204' title='bbox 956 3533 1124 3585; x_wconf 88' lang='lat' dir='ltr'>conventus</span> <span class='ocrx_word' id='word_1_205' title='bbox 1146 3529 1175 3586; x_wconf 91' lang='lat' dir='ltr'>b.</span> <span class='ocrx_word' id='word_1_206' title='bbox 1192 3528 1321 3599; x_wconf 90' lang='lat' dir='ltr'>Nicolai,</span> <span class='ocrx_word' id='word_1_207' title='bbox 1338 3528 1454 3586; x_wconf 90' lang='lat' dir='ltr'>ordinis</span> 
     </span>
     <span class='ocr_line' id='line_1_28' title="bbox 190 3629 1455 3708; baseline 0.006 -23"><span class='ocrx_word' id='word_1_208' title='bbox 190 3629 441 3687; x_wconf 89' lang='lat' dir='ltr'>Praedicatorum</span> <span class='ocrx_word' id='word_1_209' title='bbox 463 3631 646 3688; x_wconf 89' lang='lat' dir='ltr'>testimoniis</span> <span class='ocrx_word' id='word_1_210' title='bbox 669 3631 837 3704; x_wconf 88' lang='lat' dir='ltr'>conditum,</span> <span class='ocrx_word' id='word_1_211' title='bbox 861 3639 953 3706; x_wconf 88' lang='lat' dir='ltr'>atque</span> <span class='ocrx_word' id='word_1_212' title='bbox 977 3650 1033 3708; x_wconf 89' lang='lat' dir='ltr'>per</span> <span class='ocrx_word' id='word_1_213' title='bbox 1056 3635 1249 3708; x_wconf 90' lang='lat' dir='ltr'>prepositum</span> <span class='ocrx_word' id='word_1_214' title='bbox 1278 3636 1455 3707; x_wconf 86' lang='lat' dir='ltr'>zagrabien·</span> 
     </span>
     <span class='ocr_line' id='line_1_29' title="bbox 189 3736 1456 3818; baseline 0.004 -27"><span class='ocrx_word' id='word_1_215' title='bbox 189 3751 252 3792; x_wconf 87' lang='lat' dir='ltr'>sem</span> <span class='ocrx_word' id='word_1_216' title='bbox 276 3736 430 3818; x_wconf 92' lang='lat' dir='ltr'>Jacobum</span> <span class='ocrx_word' id='word_1_217' title='bbox 453 3737 512 3792; x_wconf 91' lang='lat' dir='ltr'>sub</span> <span class='ocrx_word' id='word_1_218' title='bbox 536 3753 673 3811; x_wconf 85' lang='lat' dir='ltr'>appenso</span> <span class='ocrx_word' id='word_1_219' title='bbox 698 3737 803 3810; x_wconf 82' lang='lat' dir='ltr'>sigillo</span> <span class='ocrx_word' id='word_1_220' title='bbox 827 3739 1015 3811; x_wconf 91' lang='lat' dir='ltr'>expeditum,</span> <span class='ocrx_word' id='word_1_221' title='bbox 1032 3745 1138 3797; x_wconf 89' lang='lat' dir='ltr'>tenore</span> <span class='ocrx_word' id='word_1_222' title='bbox 1155 3741 1241 3798; x_wconf 91' lang='lat' dir='ltr'>cuius</span> <span class='ocrx_word' id='word_1_223' title='bbox 1257 3739 1340 3798; x_wconf 92' lang='lat' dir='ltr'>idem</span> <span class='ocrx_word' id='word_1_224' title='bbox 1357 3745 1456 3797; x_wconf 90' lang='lat' dir='ltr'>certas</span> 
     </span>
     <span class='ocr_line' id='line_1_30' title="bbox 189 3842 1455 3918; baseline 0.005 -21"><span class='ocrx_word' id='word_1_225' title='bbox 189 3842 339 3914; x_wconf 90' lang='lat' dir='ltr'>pretiosas</span> <span class='ocrx_word' id='word_1_226' title='bbox 363 3857 411 3898; x_wconf 89' lang='lat' dir='ltr'>res</span> <span class='ocrx_word' id='word_1_227' title='bbox 435 3857 512 3914; x_wconf 91' lang='lat' dir='ltr'>quas</span> <span class='ocrx_word' id='word_1_228' title='bbox 536 3843 566 3899; x_wconf 94' lang='lat' dir='ltr'>in</span> <span class='ocrx_word' id='word_1_229' title='bbox 591 3843 731 3916; x_wconf 81' lang='lat' dir='ltr'>praefato</span> <span class='ocrx_word' id='word_1_230' title='bbox 755 3850 908 3902; x_wconf 90' lang='lat' dir='ltr'>conventu</span> <span class='ocrx_word' id='word_1_231' title='bbox 931 3845 960 3901; x_wconf 94' lang='lat' dir='ltr'>b.</span> <span class='ocrx_word' id='word_1_232' title='bbox 985 3845 1105 3902; x_wconf 85' lang='lat' dir='ltr'>Nicolai</span> <span class='ocrx_word' id='word_1_233' title='bbox 1129 3845 1298 3918; x_wconf 82' lang='lat' dir='ltr'>Zagrabiae</span> <span class='ocrx_word' id='word_1_234' title='bbox 1318 3847 1348 3903; x_wconf 92' lang='lat' dir='ltr'>in</span> <span class='ocrx_word' id='word_1_235' title='bbox 1366 3847 1455 3903; x_wconf 88' lang='lat' dir='ltr'>silvis</span> 
     </span>
     <span class='ocr_line' id='line_1_31' title="bbox 189 3947 1455 4025; baseline 0.004 -21"><span class='ocrx_word' id='word_1_236' title='bbox 189 3947 325 4017; x_wconf 75' lang='lat' dir='ltr'>lundam,</span> <span class='ocrx_word' id='word_1_237' title='bbox 362 3953 528 4021; x_wconf 90' lang='lat' dir='ltr'>antequam</span> <span class='ocrx_word' id='word_1_238' title='bbox 561 3949 600 4006; x_wconf 92' lang='lat' dir='ltr'>ad</span> <span class='ocrx_word' id='word_1_239' title='bbox 632 3950 860 4023; x_wconf 87' lang='lat' dir='ltr'>expeditionem</span> <span class='ocrx_word' id='word_1_240' title='bbox 893 3956 999 4007; x_wconf 87' lang='lat' dir='ltr'>contra</span> <span class='ocrx_word' id='word_1_241' title='bbox 1029 3949 1145 4008; x_wconf 92' lang='lat' dir='ltr'>Turcas</span> <span class='ocrx_word' id='word_1_242' title='bbox 1175 3959 1353 4025; x_wconf 91' lang='lat' dir='ltr'>susceptam</span> <span class='ocrx_word' id='word_1_243' title='bbox 1384 3967 1455 4010; x_wconf 92' lang='lat' dir='ltr'>cum</span> 
     </span>
     <span class='ocr_line' id='line_1_32' title="bbox 191 4053 1455 4132; baseline 0.005 -22"><span class='ocrx_word' id='word_1_244' title='bbox 191 4053 295 4124; x_wconf 89' lang='lat' dir='ltr'>Pau10,</span> <span class='ocrx_word' id='word_1_245' title='bbox 320 4054 387 4111; x_wconf 92' lang='lat' dir='ltr'>filio</span> <span class='ocrx_word' id='word_1_246' title='bbox 409 4055 542 4112; x_wconf 90' lang='lat' dir='ltr'>Renoldi</span> <span class='ocrx_word' id='word_1_247' title='bbox 565 4055 603 4112; x_wconf 91' lang='lat' dir='ltr'>de</span> <span class='ocrx_word' id='word_1_248' title='bbox 623 4055 751 4128; x_wconf 88' lang='lat' dir='ltr'>Wyuar,</span> <span class='ocrx_word' id='word_1_249' title='bbox 776 4056 837 4113; x_wconf 92' lang='lat' dir='ltr'>fine</span> <span class='ocrx_word' id='word_1_250' title='bbox 861 4057 1101 4114; x_wconf 90' lang='lat' dir='ltr'>conservationis</span> <span class='ocrx_word' id='word_1_251' title='bbox 1125 4057 1318 4130; x_wconf 90' lang='lat' dir='ltr'>deposuerat,</span> <span class='ocrx_word' id='word_1_252' title='bbox 1340 4060 1455 4132; x_wconf 90' lang='lat' dir='ltr'>partim</span> 
     </span>
     <span class='ocr_line' id='line_1_33' title="bbox 189 4159 1455 4235; baseline 0.004 -19"><span class='ocrx_word' id='word_1_253' title='bbox 189 4159 258 4233; x_wconf 91' lang='lat' dir='ltr'>ipsi·</span> <span class='ocrx_word' id='word_1_254' title='bbox 272 4161 438 4218; x_wconf 88' lang='lat' dir='ltr'>conventui</span> <span class='ocrx_word' id='word_1_255' title='bbox 462 4163 491 4218; x_wconf 94' lang='lat' dir='ltr'>b.</span> <span class='ocrx_word' id='word_1_256' title='bbox 516 4161 644 4232; x_wconf 90' lang='lat' dir='ltr'>Nicolai,</span> <span class='ocrx_word' id='word_1_257' title='bbox 669 4160 846 4234; x_wconf 85' lang='lat' dir='ltr'>Zagrabiae,</span> <span class='ocrx_word' id='word_1_258' title='bbox 870 4161 986 4235; x_wconf 90' lang='lat' dir='ltr'>partim</span> <span class='ocrx_word' id='word_1_259' title='bbox 1002 4162 1143 4235; x_wconf 88' lang='lat' dir='ltr'>patribus</span> <span class='ocrx_word' id='word_1_260' title='bbox 1159 4163 1368 4221; x_wconf 89' lang='lat' dir='ltr'>Franciscanis</span> <span class='ocrx_word' id='word_1_261' title='bbox 1390 4164 1455 4222; x_wconf 92' lang='lat' dir='ltr'>ord.</span> 
     </span>
     <span class='ocr_line' id='line_1_34' title="bbox 190 4265 1456 4343; baseline 0.005 -21"><span class='ocrx_word' id='word_1_262' title='bbox 190 4265 354 4338; x_wconf 89' lang='lat' dir='ltr'>Minorum,</span> <span class='ocrx_word' id='word_1_263' title='bbox 379 4278 449 4324; x_wconf 86' lang='lat' dir='ltr'>ante</span> <span class='ocrx_word' id='word_1_264' title='bbox 475 4267 638 4324; x_wconf 90' lang='lat' dir='ltr'>ecclesiam</span> <span class='ocrx_word' id='word_1_265' title='bbox 654 4267 880 4338; x_wconf 91' lang='lat' dir='ltr'>cathedralem;</span> <span class='ocrx_word' id='word_1_266' title='bbox 904 4268 1050 4325; x_wconf 91' lang='lat' dir='ltr'>ecclesiae</span> <span class='ocrx_word' id='word_1_267' title='bbox 1069 4269 1144 4326; x_wconf 88' lang='lat' dir='ltr'>item</span> <span class='ocrx_word' id='word_1_268' title='bbox 1160 4286 1181 4326; x_wconf 94' lang='lat' dir='ltr'>s.</span> <span class='ocrx_word' id='word_1_269' title='bbox 1199 4269 1381 4328; x_wconf 90' lang='lat' dir='ltr'>Catharinae</span> <span class='ocrx_word' id='word_1_270' title='bbox 1399 4285 1456 4343; x_wconf 90' lang='lat' dir='ltr'>pro</span> 
     </span>
     <span class='ocr_line' id='line_1_35' title="bbox 192 4370 1456 4448; baseline 0.006 -21"><span class='ocrx_word' id='word_1_271' title='bbox 192 4370 316 4443; x_wconf 80' lang='lat' dir='ltr'>fabrica,</span> <span class='ocrx_word' id='word_1_272' title='bbox 341 4371 469 4430; x_wconf 89' lang='lat' dir='ltr'>demum</span> <span class='ocrx_word' id='word_1_273' title='bbox 492 4387 668 4446; x_wconf 88' lang='lat' dir='ltr'>pauperum</span> <span class='ocrx_word' id='word_1_274' title='bbox 691 4373 837 4432; x_wconf 90' lang='lat' dir='ltr'>domibus</span> <span class='ocrx_word' id='word_1_275' title='bbox 860 4390 912 4431; x_wconf 92' lang='lat' dir='ltr'>seu</span> <span class='ocrx_word' id='word_1_276' title='bbox 937 4375 1144 4448; x_wconf 89' lang='lat' dir='ltr'>hospitalibus</span> <span class='ocrx_word' id='word_1_277' title='bbox 1168 4393 1264 4448; x_wconf 85' lang='lat' dir='ltr'>aeque</span> <span class='ocrx_word' id='word_1_278' title='bbox 1288 4375 1456 4448; x_wconf 85' lang='lat' dir='ltr'>Zagrabiae</span> 
     </span>
     <span class='ocr_line' id='line_1_36' title="bbox 191 4475 1456 4555; baseline 0.004 -21"><span class='ocrx_word' id='word_1_279' title='bbox 191 4475 341 4548; x_wconf 78' lang='lat' dir='ltr'>fundatis;</span> <span class='ocrx_word' id='word_1_280' title='bbox 364 4480 591 4552; x_wconf 91' lang='lat' dir='ltr'>possessionem</span> <span class='ocrx_word' id='word_1_281' title='bbox 615 4495 690 4537; x_wconf 89' lang='lat' dir='ltr'>vero</span> <span class='ocrx_word' id='word_1_282' title='bbox 714 4479 892 4552; x_wconf 89' lang='lat' dir='ltr'>empticiam</span> <span class='ocrx_word' id='word_1_283' title='bbox 923 4496 961 4537; x_wconf 89' lang='lat' dir='ltr'>ex</span> <span class='ocrx_word' id='word_1_284' title='bbox 991 4481 1136 4555; x_wconf 90' lang='lat' dir='ltr'>opposito</span> <span class='ocrx_word' id='word_1_285' title='bbox 1164 4481 1290 4538; x_wconf 88' lang='lat' dir='ltr'>claustri</span> <span class='ocrx_word' id='word_1_286' title='bbox 1316 4481 1456 4539; x_wconf 88' lang='lat' dir='ltr'>Heremi-</span> 
     </span>
     <span class='ocr_line' id='line_1_37' title="bbox 192 4583 1458 4659; baseline 0.003 -19"><span class='ocrx_word' id='word_1_287' title='bbox 192 4589 291 4641; x_wconf 87' lang='lat' dir='ltr'>tarum</span> <span class='ocrx_word' id='word_1_288' title='bbox 325 4583 363 4642; x_wconf 92' lang='lat' dir='ltr'>de</span> <span class='ocrx_word' id='word_1_289' title='bbox 394 4586 608 4658; x_wconf 91' lang='lat' dir='ltr'>promontorio</span> <span class='ocrx_word' id='word_1_290' title='bbox 639 4586 829 4658; x_wconf 84' lang='lat' dir='ltr'>zagrabiensi</span> <span class='ocrx_word' id='word_1_291' title='bbox 861 4601 915 4643; x_wconf 93' lang='lat' dir='ltr'>seu</span> <span class='ocrx_word' id='word_1_292' title='bbox 947 4587 1095 4644; x_wconf 88' lang='lat' dir='ltr'>Remethe</span> <span class='ocrx_word' id='word_1_293' title='bbox 1127 4589 1317 4657; x_wconf 88' lang='lat' dir='ltr'>existentem,</span> <span class='ocrx_word' id='word_1_294' title='bbox 1343 4587 1458 4659; x_wconf 91' lang='lat' dir='ltr'>Blyzna</span> 
     </span>
     <span class='ocr_line' id='line_1_38' title="bbox 192 4691 1457 4767; baseline 0.006 -21"><span class='ocrx_word' id='word_1_295' title='bbox 192 4695 341 4760; x_wconf 90' lang='lat' dir='ltr'>vocatam,</span> <span class='ocrx_word' id='word_1_296' title='bbox 364 4691 424 4764; x_wconf 88' lang='lat' dir='ltr'>ipsi</span> <span class='ocrx_word' id='word_1_297' title='bbox 449 4692 585 4749; x_wconf 91' lang='lat' dir='ltr'>claustro</span> <span class='ocrx_word' id='word_1_298' title='bbox 609 4707 666 4764; x_wconf 90' lang='lat' dir='ltr'>pro</span> <span class='ocrx_word' id='word_1_299' title='bbox 690 4692 864 4749; x_wconf 88' lang='lat' dir='ltr'>animarum</span> <span class='ocrx_word' id='word_1_300' title='bbox 888 4693 986 4751; x_wconf 88' lang='lat' dir='ltr'>salute</span> <span class='ocrx_word' id='word_1_301' title='bbox 1009 4695 1216 4767; x_wconf 89' lang='lat' dir='ltr'>perennaliter</span> <span class='ocrx_word' id='word_1_302' title='bbox 1249 4693 1373 4766; x_wconf 86' lang='lat' dir='ltr'>legavit,</span> <span class='ocrx_word' id='word_1_303' title='bbox 1403 4696 1457 4754; x_wconf 93' lang='lat' dir='ltr'>ubi</span> 
     </span>
     <span class='ocr_line' id='line_1_39' title="bbox 192 4795 740 4870; baseline 0.009 -20"><span class='ocrx_word' id='word_1_304' title='bbox 192 4795 385 4868; x_wconf 90' lang='lat' dir='ltr'>sepulturam</span> <span class='ocrx_word' id='word_1_305' title='bbox 409 4812 533 4870; x_wconf 89' lang='lat' dir='ltr'>quoque</span> <span class='ocrx_word' id='word_1_306' title='bbox 556 4796 617 4854; x_wconf 90' lang='lat' dir='ltr'>sibi</span> <span class='ocrx_word' id='word_1_307' title='bbox 640 4798 740 4870; x_wconf 83' lang='lat' dir='ltr'>elegit.</span> 
     </span>
    </p>
   </div>
   <div class='ocr_carea' id='block_1_10' title="bbox 193 4911 1456 5065">
    <p class='ocr_par' dir='ltr' id='par_1_10' title="bbox 193 4911 1456 5065">
     <span class='ocr_line' id='line_1_40' title="bbox 279 4911 1456 4976; baseline 0.006 -16"><span class='ocrx_word' id='word_1_308' title='bbox 279 4911 415 4976; x_wconf 84' lang='lat' dir='ltr'>Eregest.</span> <span class='ocrx_word' id='word_1_309' title='bbox 437 4919 554 4963; x_wconf 85' lang='lat' dir='ltr'>convent.</span> <span class='ocrx_word' id='word_1_310' title='bbox 575 4929 593 4964; x_wconf 92' lang='lat' dir='ltr'>s.</span> <span class='ocrx_word' id='word_1_311' title='bbox 614 4914 691 4964; x_wconf 90' lang='lat' dir='ltr'>Pauli</span> <span class='ocrx_word' id='word_1_312' title='bbox 715 4915 913 4966; x_wconf 83' lang='lat' dir='ltr'>lleremitarum</span> <span class='ocrx_word' id='word_1_313' title='bbox 939 4916 1143 4976; x_wconf 89' lang='lat' dir='ltr'>Remetensium,</span> <span class='ocrx_word' id='word_1_314' title='bbox 1168 4934 1207 4967; x_wconf 89' lang='lat' dir='ltr'>nr.</span> <span class='ocrx_word' id='word_1_315' title='bbox 1235 4927 1273 4976; x_wconf 87' lang='lat'>13.</span> <span class='ocrx_word' id='word_1_316' title='bbox 1299 4916 1329 4967; x_wconf 89' lang='lat' dir='ltr'>In</span> <span class='ocrx_word' id='word_1_317' title='bbox 1348 4916 1456 4968; x_wconf 86' lang='lat' dir='ltr'>archivo</span> 
     </span>
     <span class='ocr_line' id='line_1_41' title="bbox 193 4999 363 5065; baseline 0 -17"><span class='ocrx_word' id='word_1_318' title='bbox 193 5015 265 5065; x_wconf 86' lang='lat' dir='ltr'>regn.</span> <span class='ocrx_word' id='word_1_319' title='bbox 290 4999 363 5051; x_wconf 89' lang='lat' dir='ltr'>CSD.</span> 
     </span>
    </p>
   </div>
   <div class='ocr_carea' id='block_1_11' title="bbox 0 0 1882 5806">
    <p class='ocr_par' dir='ltr' id='par_1_11' title="bbox 0 0 1882 5806">
     <span class='ocr_line' id='line_1_42' title="bbox 0 0 1882 5806; baseline 0 0"><span class='ocrx_word' id='word_1_320' title='bbox 0 0 1882 5806; x_wconf 95' lang='lat' dir='ltr'> </span> 
     </span>
    </p>
   </div>
  </div>
 </body>
</html>
