3600 5804
460 543 533 600 Doc.
557 556 629 620 240.
653 555 723 619 241.
750 576 786 583 —
813 541 869 598 An.
892 536 1107 618 1358-1359.

154 745 324 801 absenciam
348 743 445 815 sigilli
469 743 575 812 nostri,
606 757 678 798 cum
702 741 807 812 sigillo
834 740 1007 798 Leustachii
1032 740 1104 796 bani
1126 737 1255 796 fecimus
1278 755 1416 796 commu-

151 851 213 907 niri.
236 849 353 906 Datum
386 849 415 906 in
447 848 556 918 Crisio,
587 847 664 904 seria
687 848 781 904 tercia
803 847 948 920 proxima
975 852 1046 919 post
1069 845 1258 902 dominicam
1281 845 1416 902 Remini-

152 972 239 1013 scere.
263 957 354 1012 Anno
378 954 516 1012 MCCCL
538 961 657 1011 octavo.

236 1071 376 1136 Originale
402 1071 429 1122 in
453 1072 550 1121 charta
579 1073 602 1121 A
631 1076 707 1137 tergo
733 1070 875 1136 vestigium
901 1071 1021 1136 impressi
1051 1069 1143 1134 sigilli.
1170 1069 1201 1120 ln
1228 1068 1337 1118 archivo
1356 1069 1372 1118 l.
1394 1085 1415 1118 r.

153 1161 199 1210 civ.
217 1161 321 1226 zagrab.

732 1321 826 1386 240.

254 1483 331 1530 Anno
353 1483 427 1540 1358,
447 1483 470 1530 ό,
491 1479 613 1545 Augusti.
634 1481 715 1544 Apud
733 1479 834 1530 Villam
854 1496 956 1530 novam.

235 1610 382 1668 ladislao
405 1611 551 1684 episcopo
576 1610 791 1683 vesprimiensi
823 1611 1017 1668 Innocentius
1041 1611 1090 1668 Vl.
1117 1626 1198 1684 papa
1224 1609 1360 1679 mandat,
1384 1616 1416 1666 ut

153 1719 276 1775 Nicolao
301 1717 437 1788 Dragoilr
461 1717 607 1773 canonico
634 1716 780 1773 ecclesiae
807 1717 1005 1787 chasmensis,
1029 1717 1237 1788 zagrabiensis
1260 1715 1415 1786 dioecesis,

152 1822 348 1896 provideatur
372 1822 410 1879 de
434 1823 614 1880 canonicatu
638 1823 669 1879 in
692 1821 801 1881 eadem
824 1825 953 1882 ecclesia
976 1825 1175 1897 zagrabiensi.

237 1943 267 1990 A.
281 1939 403 1990 Thciner.
424 1941 493 1990 Mon.
508 1941 597 2006 Hung.
617 1940 677 1990 hisi.
697 1941 729 1990 11.
750 1958 774 2007 p.
789 1949 830 2000 37.

734 2173 818 2238 241.

253 2283 329 2329 Anno
353 2289 426 2341 1359,
446 2286 487 2332 27.
507 2278 671 2344 septembris.

174 2407 333 2464 Ludoaicus
356 2407 533 2479 Hungariac
555 2413 602 2463 etc.
627 2425 689 2475 rex,
712 2407 855 2463 libertates
877 2407 984 2464 cz'tu'bus
1017 2406 1226 2464 Greclrense'bus
1249 2407 1315 2463 alain
1338 2425 1401 2464 con-

583 2529 684 2577 cessas,
707 2512 800 2569 denuo
822 2513 980 2587 confimat.

238 2656 409 2714 lodouicus
433 2655 483 2713 dei
505 2655 610 2727 gracia
633 2655 799 2727 Hungarie‚
823 2655 994 2726 Dalmacie,
1018 2655 1154 2724 Croacie,
1178 2656 1283 2726 Rame,
1300 2654 1415 2726 Seruie,

154 2763 288 2834 Gallicie,
311 2761 504 2832 Lodomerie,
529 2761 677 2824 Comanie
701 2760 907 2834 Bulgarieque
932 2778 994 2831 rex,
1023 2763 1167 2834 princeps
1190 2761 1416 2819 Sallernitanus

154 2874 182 2925 et
203 2869 334 2926 Honoris
357 2885 393 2925 ac
418 2869 530 2925 montis
554 2868 650 2925 sancti
668 2867 780 2940 Angeli
796 2867 949 2924 dominus.
966 2867 1119 2924 Omnibus
1136 2867 1252 2924 Christi
1268 2868 1416 2925 fidelibus

155 2983 213 3032 tarn
241 2975 431 3048 presentibus
452 2989 545 3046 quam
571 2973 681 3031 futuris
707 2974 902 3048 presencium
934 2975 1078 3032 noticiam
1109 2975 1260 3031 habituris
1283 2975 1415 3032 salutem

156 3082 183 3138 in
205 3081 342 3138 omnium
366 3082 529 3138 salvatore.
553 3081 682 3152 Regiam
707 3080 794 3137 decet
810 3080 1037 3136 sublimitatem
1053 3079 1251 3136 subditorum
1270 3081 1330 3136 sibi
1347 3097 1416 3153 pre-

155 3189 247 3258 cibus,
271 3188 432 3261 presertim
456 3188 566 3245 horum
592 3187 701 3244 talium
726 3187 777 3258 qui
805 3187 906 3258 dignis
931 3187 1049 3244 meritis
1077 3201 1150 3258 erga
1180 3187 1298 3259 regiam
1322 3188 1415 3244 maie·

155 3301 262 3351 statem
284 3293 477 3365 adiuvantur,
503 3294 590 3366 pium
607 3293 755 3350 inclinare
770 3291 920 3362 auditum,
938 3293 1010 3364 quia
1026 3292 1102 3348 dum
1119 3291 1195 3364 ipsis
1219 3291 1416 3349 concedimus

156 3400 317 3470 libertates,
342 3401 418 3457 dum
441 3415 639 3456 removemus
663 3399 817 3464 scandala,
838 3399 914 3456 dum
937 3399 1131 3456 admittimus
1148 3398 1231 3470 quod
1250 3409 1414 3469 merentur,

156 3520 207 3562 nos
232 3506 260 3562 in
284 3521 391 3564 eorum
414 3507 516 3578 quiete
540 3506 727 3578 quiescimus
751 3512 780 3562 et
806 3505 948 3563 fovemur
972 3507 1003 3562 in
1026 3522 1109 3578 pace.
1136 3505 1266 3564 Proinde
1290 3506 1327 3562 ad
1350 3507 1416 3562 uni·

157 3625 311 3668 versorum
336 3613 481 3669 noticiam
515 3613 624 3668 harum
656 3611 734 3668 serie
766 3612 911 3668 volumus
944 3613 1122 3684 pervenire:
1155 3612 1238 3684 quod
1268 3613 1415 3683 magister

158 3715 267 3788 Petrus,
290 3717 374 3774 iilius
397 3718 519 3790 Ligerii,
544 3717 636 3774 iudex
660 3717 795 3774 civitatis
817 3717 1113 3786 nostre'GreceusiS‚
1131 3716 1263 3776 dilectus
1280 3719 1370 3774 nobis
1386 3725 1415 3774 et

159 3821 254 3880 fidelis
277 3824 306 3880 in
329 3841 384 3880 sua
408 3841 442 3880 ac
467 3824 563 3880 tocius
595 3823 826 3880 communitatis
857 3823 972 3880 civium
996 3830 1026 3880 et
1050 3825 1206 3896 hospitum
1237 3831 1414 3880 nostrorum

158 3927 292 3986 fidelium
316 3929 354 3985 de
377 3929 484 3986 eadem
510 3929 657 4001 personis,
688 3929 724 3984 ad
759 3934 862 3985 nostre
892 3929 1063 3985 serenitatis
1094 3930 1268 3986 accedendo
1291 3946 1416 4003 presen-

159 4034 242 4102 ciam,
264 4036 404 4092 exhibuit
427 4035 516 4091 nobis
540 4033 691 4107 quasdam
716 4034 833 4091 litteras
857 4039 977 4091 nostras
1001 4040 1138 4108 patentes
1162 4053 1257 4109 super
1284 4036 1415 4093 diversis

159 4157 260 4199 eorum
285 4143 480 4200 libertatibus
504 4141 657 4199 coniectas
681 4148 711 4198 et
734 4147 907 4210 emanatas;
931 4142 1049 4198 litteras
1080 4143 1292 4215 privilegialcs
1318 4143 1415 4200 eciam

159 4247 329 4304 excellentis
360 4254 389 4304 et
421 4247 578 4320 magnifici
612 4247 760 4320 principis
791 4247 909 4303 domini
940 4248 1055 4318 Karoli,
1088 4248 1174 4320 olym
1207 4249 1304 4306 incliti
1335 4249 1416 4320 regis

161 4352 317 4425 Hungarie‚
340 4354 488 4426 genitoris
511 4355 607 4410 nostri
631 4353 786 4410 karissimi
811 4353 909 4411 felicis
932 4355 1165 4425 recordacionis,
1189 4355 1415 4425 confirmantes,

161 4460 266 4516 tenoris
288 4461 509 4532 subsequentis,
535 4460 714 4532 supplicans
738 4466 842 4516 nostro
872 4460 1001 4517 culmini
1031 4460 1115 4518 idem
1139 4462 1285 4533 magister
1310 4462 1415 4518 Petrus

160 4565 264 4624 humili
288 4583 415 4640 precum
439 4567 587 4624 instancia
610 4575 639 4623 et
663 4566 784 4636 devota,
807 4572 840 4624 ut
864 4567 961 4623 dictas
978 4567 1096 4624 litteras
1116 4575 1259 4640 paternas
1276 4575 1305 4625 et
1323 4569 1415 4625 liber-

161 4677 232 4728 tates
254 4672 432 4730 eorumdem
457 4673 572 4730 civium
597 4673 626 4729 in
651 4672 767 4729 eisdem
799 4689 968 4746 expressas
993 4675 1033 4730 ob
1057 4675 1207 4730 maiorem
1235 4673 1416 4731 earumdem

162 4777 331 4836 libertatum
356 4779 625 4836 conservacionem
650 4786 680 4836 et
703 4778 894 4836 evidenciam
919 4779 1089 4839 firmiorem
1110 4787 1278 4854 acceptare,
1303 4797 1415 4854 appro-

164 4883 240 4954 bare,
262 4887 413 4944 ratificare
436 4891 466 4942 et
488 4891 593 4942 nostro
617 4901 674 4958 pro
698 4885 774 4958 ipsis
796 4884 943 4942 fidelibus
968 4887 1089 4944 civibus
1111 4888 1224 4944 nostris
1246 4903 1416 4960 eorumque

164 4994 285 5063 posteris
316 4993 516 5064 dignaremur
545 4992 712 5064 privilegio
743 4991 934 5049 confirmare.
967 4991 1105 5065 Quarum
1139 4997 1226 5050 tenor
1256 4993 1327 5049 talis
1354 4998 1416 5050 est?
