3824 5806
640 548 713 604 Doc.
732 561 805 622 371.
832 579 869 590 -
895 547 951 602 An.
975 560 1066 624 1394.
1426 564 1483 624 351

221 745 259 802 de
283 745 372 803 dictis
395 747 458 802 suis
482 745 614 802 vinculis
637 745 724 802 abire
740 746 937 819 permisisset.
955 745 1145 818 Quiquidem
1161 746 1269 818 Endre,
1287 747 1488 820 postmodum

221 849 261 908 de
285 867 410 908 excessu
434 851 588 908 dictorum
613 857 837 908 tormentorum
863 852 903 908 ab
926 853 985 909 hoc
1008 853 1112 909 seculo
1135 853 1233 909 vitam
1257 869 1345 909 suam
1370 853 1489 910 termis-

222 964 275 1015 set.
306 956 406 1030 Super
439 972 501 1030 quo
536 966 671 1015 vestram
706 957 879 1014 amiciciam
914 959 1109 1030 presentibus
1141 959 1275 1032 petimus
1315 956 1489 1030 diligenter,

223 1071 373 1136 quatenus
403 1069 542 1120 vestrum
574 1063 702 1120 mittatis
733 1065 890 1121 bominem
920 1078 978 1137 pro
1001 1065 1176 1122 testimonio
1200 1063 1401 1135 fidedignum,
1426 1079 1488 1136 quo

223 1175 363 1242 presente
394 1169 516 1240 Paulus
549 1169 633 1226 filius
664 1169 765 1227 Endre
789 1169 827 1226 de
852 1169 963 1241 Blizna,
989 1171 1039 1227 vel
1065 1169 1192 1240 Blaslus,
1216 1169 1299 1226 filius
1325 1169 1429 1226 Medes
1452 1170 1490 1226 de

223 1274 313 1344 Zaua,
337 1281 389 1331 aut
414 1273 534 1346 Paulus
557 1275 642 1332 filius
666 1276 787 1346 Mathei,
805 1277 874 1333 aliis
894 1277 1082 1346 absentibus
1099 1278 1193 1333 homo
1209 1283 1321 1346 noster,
1336 1277 1376 1333 ab
1392 1277 1490 1333 omni-

222 1381 282 1438 bus
313 1381 428 1453 quibus
458 1381 544 1438 decet
574 1389 605 1438 et
636 1383 714 1448 lieet,
747 1383 821 1440 scial
852 1382 891 1439 de
914 1383 1072 1456 premissis
1097 1383 1275 1451 veritatem;
1310 1389 1340 1439 et
1365 1381 1489 1438 tandem

224 1493 317 1560 prout
339 1488 430 1544 vobis
454 1488 564 1545 exinde
594 1490 708 1546 veritas
739 1490 915 1558 constiterit,
947 1490 1037 1546 nobis
1068 1489 1274 1546 amicabiliter
1304 1489 1487 1546 rescribatis.

223 1593 382 1650 Presentes
405 1599 508 1650 autem
532 1595 644 1668 sigillis
668 1597 780 1652 nostris
803 1597 991 1666 absentibus,
1015 1597 1119 1668 sigillo
1142 1595 1267 1653 discreti
1291 1596 1349 1652 viri
1373 1595 1491 1652 domini

224 1697 367 1771 Gregorii
390 1698 428 1756 de
450 1700 564 1769 Rauen,
589 1701 795 1758 archidiaconi
819 1702 858 1758 de
879 1701 993 1774 Bexyn,
1011 1701 1140 1759 lecimus
1164 1701 1343 1773 consignari.
1375 1701 1491 1758 Datum

225 1804 383 1876 Zagrabie‚
417 1805 492 1863 feria
515 1812 624 1879 quarta
655 1809 798 1880 proxima
830 1817 899 1881 post
923 1808 1036 1866 festum
1062 1809 1142 1865 beati
1169 1809 1322 1865 Valentini
1348 1809 1490 1866 martiris.

227 1912 316 1968 Anno
341 1911 458 1968 domini
482 1912 651 1968 millesimo
675 1912 752 1970 CCC
775 1915 974 1986 nonagesimo
998 1923 1116 1987 quarto.

313 2029 483 2093 Descriptum
502 2043 516 2078 e
534 2028 633 2078 litteris
652 2031 828 2094 responsoriis
847 2031 959 2096 capituli
978 2032 1164 2098 zagrabiensis,
1185 2039 1213 2082 ut
1233 2031 1310 2082 inira.

820 2261 900 2329 371.

332 2401 408 2448 Anno
430 2408 504 2462 1394,
525 2409 564 2449 21.
585 2399 721 2450 februarii.
741 2400 895 2467 Zagrabiae.

244 2525 406 2599 Capimlum
437 2530 526 2586 eccles.
558 2529 674 2602 aagrab.
712 2529 838 2586 Thamar
869 2531 1010 2598 virebano,
1040 2529 1074 2586 de
1097 2530 1281 2605 facinoribus
1304 2531 1399 2590 Pauli
1410 2533 1477 2606 filii

555 2637 673 2692 Masten
696 2645 796 2694 contra
817 2637 963 2694 Andream
987 2636 1047 2706 Sil,
1070 2638 1167 2711 refert.

315 2777 421 2836 Nobili
452 2781 521 2837 viro
545 2783 694 2854 magistro
718 2781 845 2852 Thome,
878 2783 1001 2853 vicario,
1035 2783 1184 2838 vicebano
1207 2787 1236 2838 et
1260 2782 1365 2839 comiti
1389 2797 1493 2854 ragra-

228 2883 337 2954 biensi,
360 2886 460 2942 amico
482 2902 589 2943 eorum
614 2889 802 2957 honorando
834 2889 1004 2962 capitulum
1024 2889 1151 2945 ecclesie
1178 2889 1393 2960 zagrabiensis‚
1417 2891 1493 2946 ami·

228 2989 337 3047 eiciam
362 2999 501 3064 paratam
525 3009 597 3050 cum
620 2995 743 3052 honore.
768 2995 895 3052 Noverit
917 3003 1021 3052 vestra
1044 2995 1199 3064 nobilitas,
1225 3009 1278 3051 nos
1303 2995 1421 3051 litteras
1442 3011 1492 3051 ve-

228 3103 307 3153 stras
331 3100 482 3172 recepisse
505 3101 534 3156 in
561 3101 616 3157 bec
639 3102 753 3159 verba:
776 3095 848 3178 (vid.
873 3119 917 3159 nr.
943 3117 1012 3173 370.
1037 3117 1116 3158 anno
1145 3115 1234 3175 1394,
1258 3101 1303 3158 18.
1326 3093 1494 3176 februarii)

229 3202 292 3258 Nos
324 3205 417 3274 igitur
448 3206 558 3262 vestris
588 3207 807 3264 amicabilibus
838 3207 1042 3280 peticionibus
1071 3213 1246 3276 annuentes,
1283 3212 1315 3263 ut
1345 3215 1494 3274 tenemur,

229 3326 383 3368 unacum
407 3310 528 3383 prefato
551 3311 661 3382 Blasio,
685 3313 752 3369 filio
776 3312 879 3370 Medes
895 3312 934 3369 de
957 3312 1046 3382 Zaua,
1070 3313 1195 3370 homine
1219 3318 1330 3383 vestro,
1355 3321 1494 3369 nostrum

229 3417 388 3474 hominem
419 3416 564 3475 videlicet
594 3418 761 3476 discretum
795 3421 896 3476 virum
929 3420 1112 3492 magistrum
1137 3419 1299 3490 Thomam,
1323 3419 1441 3476 socium
1465 3424 1495 3475 et

229 3523 467 3580 concanonicum
492 3529 632 3582 nostrum
656 3525 695 3582 ad
719 3526 871 3598 premissa
907 3525 1081 3598 peragenda
1109 3530 1214 3582 nostro
1238 3539 1295 3598 pro
1319 3525 1495 3582 testimonio

230 3630 457 3688 transmisimus
487 3629 695 3703 fidedignum;
726 3631 779 3704 qui
806 3630 1006 3704 postmodum
1031 3631 1071 3691 ad
1093 3646 1149 3688 nos
1172 3631 1287 3688 reversi
1311 3631 1402 3687 nobis
1425 3645 1495 3687 con-

230 3734 363 3792 corditer
386 3735 566 3806 retulerunt,
591 3735 673 3809 quod
690 3737 749 3810 ipsi
765 3733 804 3794 ab
821 3738 965 3794 omnibus
988 3753 1007 3793 a
1029 3737 1143 3809 quibus
1163 3735 1314 3793 decuisset
1330 3742 1360 3793 et
1376 3725 1495 3794 licuiset

231 3840 396 3914 diligenter
420 3842 603 3915 inquirendo
623 3843 715 3899 talem
733 3842 772 3900 de
788 3843 947 3916 premissis
962 3843 1122 3900 scivissent
1138 3843 1308 3914 veritatem,
1326 3841 1408 3915 quod
1426 3858 1495 3916 pre·

230 3945 311 4003 fatus
342 3948 489 4020 magister
511 3947 625 4005 Paulus
648 3947 815 4021 quemdam
831 3950 931 4006 civem
947 3948 1028 4006 dicte
1044 3949 1177 4006 civitatis
1192 3949 1306 4006 montis
1321 3947 1491 4018 Grecensis,

231 4053 332 4110 Endre
355 4051 410 4110 Sib
433 4054 559 4119 dictum.
585 4054 615 4112 in
639 4055 720 4112 dicta
743 4054 890 4126 Chychan
921 4055 1104 4128 reperiendo
1135 4055 1328 4128 captivasset,
1355 4057 1494 4128 captum·

231 4161 344 4232 quein
369 4161 431 4217 suis
463 4160 594 4218 vinculis
618 4161 648 4218 in
673 4159 787 4233 frigore
818 4169 1028 4219 conservasset
1058 4167 1088 4218 et
1118 4159 1284 4218 crudeliter
1314 4159 1495 4217 tormentari

231 4253 360 4337 fecisset,
384 4267 549 4339 ipsumque
572 4268 603 4324 in
626 4267 731 4339 aliqua
754 4267 923 4339 quantitate
947 4269 1074 4342 pecunie
1105 4273 1257 4340 pactasset
1282 4275 1312 4324 et
1339 4265 1383 4322 sic
1409 4265 1495 4323 abire

232 4372 436 4445 permisisset;
469 4373 649 4445 quiquidem
683 4373 882 4445 postmodum
913 4374 1027 4447 elapsis
1050 4374 1208 4446 aliquibus
1232 4372 1341 4429 diebus
1365 4388 1402 4428 ex
1422 4387 1494 4428 casu

232 4477 385 4535 dictomm
418 4484 642 4536 tormentorum
673 4479 770 4535 vitam
801 4478 952 4536 linivisset
981 4479 1164 4550 naturalem,
1196 4479 1324 4552 propria
1355 4493 1410 4534 sua
1441 4491 1496 4550 po·

232 4585 330 4641 tencia
362 4584 532 4654 mediante;
562 4585 592 4640 in
623 4584 830 4657 preludicium
853 4585 1006 4642 dictorum
1039 4585 1147 4643 iudicis
1179 4591 1208 4641 et
1239 4585 1411 4641 iuratorum
1436 4597 1495 4638 non

232 4690 398 4749 modicum.
429 4691 544 4748 Datum
574 4691 706 4748 sabbato
738 4693 881 4764 proximo
908 4697 978 4748 ante
1001 4690 1113 4748 festum
1139 4689 1285 4748 kathedre
1309 4690 1391 4747 beati
1416 4687 1496 4745 Petri

233 4797 373 4870 apostoli.
398 4799 486 4855 Anno
510 4797 636 4866 domini,
661 4797 846 4871 supradicto.

322 4913 461 4979 Originale
480 4914 507 4963 in
526 4913 625 4971 charta,
645 4929 659 4963 a
679 4921 754 4979 tergo
774 4915 915 4980 vestigium
930 4915 1049 4980 impressi
1062 4915 1146 4980 sigilli
1160 4914 1322 4980 capitularis.
1337 4913 1366 4963 In
1386 4911 1495 4962 archivo

234 5003 313 5052 Acad.
334 5003 427 5053 Scient.
448 5003 516 5053 Slav.
531 5003 623 5053 merid.
