3728 5806
675 616 748 673 Dec.
765 625 839 692 350.
867 649 903 656 -
929 615 985 672 An.
1009 628 1097 691 1391.
1460 634 1521 691 323

256 816 354 873 verbo
377 814 416 872 ad
440 815 574 873 verbum
597 816 762 874 transcribi
786 815 924 885 fecimus,
948 815 1115 888 sigilloque
1130 815 1271 886 magistri
1289 813 1410 871 Martini
1427 814 1523 871 Deers

255 921 396 978 vicebani
420 925 449 978 et
473 923 595 980 comitis
618 921 714 979 nostri
745 921 962 994 zagrabiensis,
993 925 1123 994 propter
1146 920 1324 978 absenciam
1346 919 1523 992 sigillorum

255 1033 441 1098 nostrorum,
473 1025 602 1084 fecimus
633 1027 813 1099 consignari.
842 1026 1113 1100 Quarumquidem
1143 1027 1316 1083 litterarum
1345 1026 1522 1099 patencium

255 1138 344 1189 tenor
367 1133 506 1206 sequitur
529 1137 559 1189 et
582 1138 627 1190 est
650 1133 737 1190 talis:
769 1127 835 1210 (vid
866 1149 910 1190 nr.
936 1131 1008 1207 346,
1031 1148 1111 1190 anno
1143 1147 1233 1207 1391,
1266 1145 1293 1199 5.
1317 1123 1523 1207 septembris).

345 1267 485 1334 originale
503 1268 531 1318 in
550 1268 648 1327 charta,
669 1268 811 1334 vestigium
831 1267 951 1333 impressi
971 1283 985 1317 a
1005 1273 1081 1332 tergo
1100 1267 1184 1332 sigilli
1204 1273 1321 1332 apparet.
1341 1266 1372 1316 In
1385 1266 1455 1315 arch.
1475 1265 1521 1316 lib.

258 1371 313 1422 reg.
334 1357 405 1408 civit.
425 1358 530 1422 zagrab.

846 1569 935 1636 350.

362 1712 440 1760 Anno
462 1719 536 1772 1391,
556 1709 580 1759 6.
599 1709 725 1760 octobris.
744 1709 897 1776 Zagrabiae.

258 1838 423 1912 Capitulum
445 1837 562 1911 zagrab.
579 1839 640 1895 eccl.
657 1855 783 1908 causam,
804 1856 863 1912 qua
878 1839 1035 1912 episcopum
1050 1855 1132 1894 suum
1149 1837 1318 1914 johannem
1333 1838 1367 1896 dc
1383 1838 1522 1912 ademptis

252 1944 365 2001 decimis
395 1945 453 2001 vici
479 1945 652 2001 Latinorum
682 1952 710 2002 et
737 1945 883 2001 nonnullis
909 1944 977 2000 aleis
1004 1944 1227 2018 possessionibus
1249 1945 1279 2001 in
1303 1945 1349 2002 ius
1372 1953 1519 2015 vocarunt,

446 2050 583 2107 Mathiae
596 2051 764 2124 praeposito
786 2049 946 2108 chasmensi
966 2049 1168 2108 dr'scutt'endam
1184 2052 1334 2124 pemittit.

341 2194 404 2252 Nos
421 2195 593 2268 capitulum
610 2196 737 2252 ecclesie
753 2193 969 2267 zagrabiensis.
988 2195 1136 2252 Memorie
1148 2193 1400 2252 commendantes
1414 2201 1520 2253 tenore

252 2302 445 2375 presencium
471 2299 682 2373 significamus
705 2301 819 2373 quibus
842 2300 967 2375 expedit
990 2301 1150 2371 universis,
1176 2300 1259 2374 quod
1284 2302 1356 2358 licet
1379 2301 1458 2359 inter
1473 2317 1521 2359 re-

253 2407 425 2466 verendum
448 2409 479 2465 in
503 2407 627 2466 Christo
652 2415 773 2480 patrem
796 2413 826 2464 et
850 2405 1019 2478 dominum,
1051 2405 1213 2464 dominum
1244 2407 1395 2490 Joannem
1419 2408 1522 2466 delet

252 2514 421 2588 apostolice
445 2514 526 2571 sedis
548 2513 652 2586 gracia
676 2514 857 2586 episcopum
882 2513 942 2569 loci
966 2512 1173 2585 zagrabiensis
1202 2513 1341 2587 predicti,
1364 2515 1521 2588 prelatum

253 2626 393 2677 nostrum
418 2636 456 2677 ex
478 2635 547 2690 una,
579 2626 613 2677 ut
645 2620 827 2688 incusatum,
857 2625 945 2693 parte
976 2633 1051 2675 vero
1082 2634 1120 2675 ex
1149 2618 1247 2676 altera
1277 2619 1433 2678 internos
1456 2629 1521 2678 tan·

253 2741 347 2798 quam
370 2731 503 2798 agentes,
527 2726 590 2782 litis
623 2732 652 2782 et
683 2726 852 2798 questionis
883 2724 1014 2782 materia
1045 2739 1140 2797 super
1165 2725 1323 2783 nonnullis
1346 2725 1521 2784 innovacio·

251 2832 343 2888 nibus
367 2835 397 2888 et
420 2831 535 2888 iurium
560 2835 738 2888 nostrorum
762 2830 1019 2905 occupacionibus
1044 2846 1100 2904 per
1123 2830 1254 2888 eundem
1278 2831 1440 2889 dominum
1457 2833 1521 2906 epi·

252 2953 383 3010 scopum
406 2936 495 2994 factis
519 2951 626 2994 coram
649 2935 777 2994 domino
793 2943 898 2994 nostro
914 2951 987 3008 rege
1003 2935 1130 3008 eiusque
1146 2937 1275 3010 prelatis
1298 2945 1328 2996 et
1351 2939 1520 2996 baronibus

252 3049 283 3101 et
305 3044 521 3118 principaliter
543 3044 574 3100 in
597 3059 726 3100 romana
749 3043 834 3100 curia
849 3043 975 3100 suborte
992 3047 1022 3099 et
1038 3043 1182 3099 suscitate
1205 3042 1386 3116 diuciusque
1410 3045 1520 3102 hucus-

252 3166 313 3222 que
337 3149 483 3206 ventilate
514 3147 642 3207 fuissent
673 3155 703 3206 et
733 3155 897 3222 protracte,
929 3155 1031 3204 tamen
1066 3148 1344 3206 animadvertentes
1375 3150 1458 3222 quod
1486 3167 1521 3208 ea

251 3272 313 3313 non
335 3257 454 3328 absque
477 3271 661 3328 magnarum
685 3270 891 3328 expensarum
924 3254 1065 3326 parcium
1098 3262 1225 3328 sumptu
1257 3261 1287 3312 et
1317 3257 1405 3328 gravi
1429 3272 1521 3314 onere

253 3377 456 3435 personarum
480 3362 631 3435 premissa
653 3378 711 3435 per
731 3359 864 3418 modum
895 3359 1091 3417 iudiciariam
1123 3359 1322 3418 determinari
1350 3364 1467 3436 possint
1490 3371 1520 3420 et

252 3468 382 3527 definiri.
404 3467 501 3540 Igitur
524 3469 748 3542 preassumptis
772 3468 847 3540 ipsis
870 3467 1113 3525 racionabilibus
1136 3469 1236 3526 causis
1259 3469 1323 3526 imo
1347 3471 1431 3543 pacis
1454 3471 1520 3526 zelo

252 3580 282 3631 et
304 3573 466 3632 concordie
490 3574 601 3631 unione
625 3573 719 3644 ducti,
745 3574 883 3631 volentes
906 3574 971 3630 sine
994 3574 1126 3646 strepitu
1150 3581 1180 3632 et
1203 3573 1305 3646 figura
1328 3575 1433 3632 iudicii
1450 3591 1520 3648 pre-

252 3681 344 3738 misse
367 3681 431 3738 litis
454 3686 485 3738 et
507 3680 717 3738 controversie
741 3678 883 3736 tomitem
911 3679 948 3736 de
979 3679 1083 3738 medio
1114 3681 1212 3738 nostri
1235 3683 1391 3755 extirpare
1414 3688 1445 3740 et
1467 3699 1519 3756 pe-

252 3787 333 3844 nitus
356 3786 519 3855 eradicare,
554 3791 589 3843 ut
619 3787 715 3842 eciam
748 3785 786 3842 de
817 3787 976 3843 voluntate
999 3791 1029 3843 et
1052 3801 1126 3844 sano
1150 3788 1278 3845 consilio
1299 3803 1334 3844 ac
1356 3788 1520 3846 deliberati

251 3893 365 3950 iudicio
388 3893 484 3950 animi
513 3893 610 3966 ipsius
642 3891 761 3949 domini
791 3892 930 3965 episcopi
959 3893 1118 3965 processit,
1150 3892 1189 3952 ad
1220 3894 1315 3951 talem
1339 3893 1520 3952 devenimus

250 3999 410 4056 unionem:
434 3997 518 4070 quod
542 3999 622 4054 inter
638 3999 715 4055 alias
737 4013 844 4054 causas
866 4001 987 4054 nostras
1010 4013 1103 4071 super
1126 3999 1318 4070 quibuslibet
1341 4000 1519 4057 innovacio-

251 4105 342 4162 nibus
365 4119 384 4161 a
406 4109 547 4178 tempore
571 4103 659 4160 Pauli
682 4103 763 4161 olim
782 4103 921 4176 episcopi
944 4103 1152 4176 zagrabiensis
1176 4104 1468 4179 quomodocumque
1490 4113 1520 4163 et

251 4209 518 4283 qualitercumque
541 4225 598 4284 per
621 4209 724 4282 ipsum
748 4207 910 4266 dominum
934 4216 1075 4267 nostrum
1096 4210 1278 4284 episcopum
1294 4213 1450 4269 attentatis
1466 4212 1517 4269 vel

251 4315 347 4388 factis,
372 4316 494 4389 primo:
518 4331 612 4388 super
628 4314 816 4388 quibusdam
841 4315 1003 4389 particulis
1020 4321 1100 4372 terre
1123 4314 1344 4390 Balroniapolia
1360 4323 1390 4375 et
1406 4317 1519 4390 Ztruga

250 4421 376 4492 vocatis,
401 4421 475 4478 item
500 4420 628 4479 decimis
643 4421 689 4477 'de
713 4420 901 4478 Dauidowcz
925 4421 1010 4478 iuxta
1033 4422 1239 4479 continencias
1258 4427 1435 4480 nostrorum
1459 4430 1519 4480 sta-

250 4533 388 4584 tutorum
412 4542 448 4584 ac
471 4534 553 4584 recta
576 4535 606 4583 et
629 4527 733 4599 equali
763 4525 929 4584 medietate
959 4525 1150 4584 decimarum
1184 4527 1222 4584 de
1250 4529 1348 4585 vineis
1372 4529 1519 4587 territorii

250 4633 311 4690 vici
334 4633 516 4690 Latinorum
538 4632 627 4689 nobis
658 4641 687 4688 et
719 4633 885 4704 quartariis
916 4634 1081 4705 provenire
1111 4633 1308 4704 debendum,
1332 4633 1518 4706 quibusdam

251 4738 525 4796 constitucionibus
548 4739 579 4796 in
602 4737 666 4795 suis
697 4738 823 4810 synodis
854 4738 941 4796 sactis
974 4744 1004 4795 et
1035 4738 1170 4811 quadam
1202 4739 1440 4797 denunciacione
1464 4757 1520 4815 per

250 4843 383 4901 eundem
407 4843 569 4902 dominum
592 4845 774 4918 episcopum
796 4850 902 4902 contra
927 4859 982 4902 nos
1005 4845 1036 4902 in
1053 4861 1107 4902 sua
1123 4846 1234 4904 ultima
1250 4846 1368 4918 synodo
1384 4847 1517 4905 Chasme

251 4950 415 5020 celebrata,
448 4949 656 5023 promulgata,
687 4949 825 5021 arbitrio,
857 4949 1086 5022 deliberacioni,
1110 4949 1291 5010 discussioni
1325 4958 1354 5009 et
1384 4952 1516 5027 disposi-

250 5055 331 5113 cioni
354 5055 540 5112 venerabilis
565 5055 624 5112 viri
640 5054 757 5111 domini
775 5056 888 5112 Mathie
912 5057 1061 5130 prepositi
1077 5057 1203 5114 ecclesie
1223 5059 1424 5131 clrasmensis,
1441 5061 1515 5117 socii
