3600 5804
397 554 456 630 164
811 555 884 612 Dec.
910 551 979 631 185.
1007 590 1044 598 -
1070 557 1125 614 An.
1151 572 1238 635 1343.

393 767 465 808 eum
487 752 548 825 ipsi
571 753 723 812 colocensi
746 755 873 812 ecclesie
896 756 926 813 in
948 757 1217 831 archiepiscopum
1242 763 1271 815 et
1295 765 1461 832 pastorem.
1485 760 1545 817 Nos
1559 767 1653 819 atten-

393 857 507 930 dentes
538 860 623 932 quod
652 861 758 918 nullus
787 867 892 935 preter
922 876 977 919 nos
1007 863 1065 920 hac
1095 863 1163 921 vice
1195 864 1233 920 de
1264 865 1361 939 ipsius
1392 868 1519 924 ecclesie
1553 883 1656 940 ragra-

393 964 508 1022 biensis
539 967 717 1039 provisione
746 983 779 1024 se
810 968 1015 1025 intromittere
1043 970 1157 1042 poterit
1179 987 1238 1044 pro
1261 986 1305 1040 eo,
1330 972 1413 1044 quod
1438 988 1493 1030 nos
1516 973 1564 1030 diu
1587 981 1656 1032 ante

394 1072 586 1128 vacationem
612 1072 789 1130 huiusmodi
812 1073 910 1147 ipsius
934 1074 1062 1132 ecclesie
1084 1077 1292 1147 zagabriensis
1309 1079 1502 1151 provisiones
1516 1081 1654 1138 omnium

394 1177 593 1234 ecclesiamm
616 1178 842 1236 cathedralium
866 1185 938 1239 tunc
960 1181 1137 1238 vacantium
1160 1187 1190 1239 et
1206 1188 1424 1240 vacaturarum
1451 1185 1481 1241 in
1502 1193 1586 1242 antea
1605 1203 1660 1258 per

393 1284 609 1340 translationes
633 1301 689 1358 per
710 1301 767 1343 nos
783 1291 855 1343 tunc
872 1285 968 1343 factas
990 1287 1065 1344 etin
1082 1292 1170 1345 antea
1186 1287 1341 1346 faciendas
1358 1288 1397 1346 de
1414 1289 1540 1363 prelatis
1556 1307 1660 1348 earum

394 1390 528 1447 ubilibet
563 1392 744 1463 constitutis,
779 1392 819 1449 ad
849 1393 927 1450 alias
960 1393 1153 1450 cathedrales
1183 1395 1328 1453 ecclesias
1358 1401 1432 1453 tunc
1463 1405 1602 1455 vacantes
1631 1402 1660 1455 et

394 1497 599 1570 imposterum
625 1504 785 1554 vacaturas
808 1499 994 1557 ordinationi
1018 1504 1049 1556 et
1072 1499 1269 1572 dispositioni
1292 1505 1395 1558 nostre
1419 1503 1594 1575 specialiter
1615 1519 1661 1560 re

394 1609 560 1674 servantes
584 1602 778 1661 decrevimus
802 1620 840 1662 ex
864 1611 936 1662 tunc
955 1605 1080 1663 irritum
1104 1607 1255 1678 etimne,
1286 1607 1311 1664 si
1335 1623 1423 1665 secus
1447 1609 1620 1683 superbiis
1642 1626 1659 1666 a

394 1725 553 1782 quoquam
578 1711 687 1782 quavis
711 1711 893 1768 auctoritate
916 1712 1047 1768 scienter
1070 1712 1122 1768 vel
1144 1712 1323 1784 ignoranter
1347 1715 1515 1786 contigeret
1531 1720 1657 1788 attemp-

394 1817 468 1874 tari:
492 1832 528 1873 ae
547 1815 586 1873 ad
611 1817 822 1890 provisionem
845 1817 942 1890 ipsius
966 1817 1094 1874 ecclesie
1112 1819 1319 1889 zagabriensis
1334 1821 1469 1877 celerem
1485 1829 1515 1878 et
1530 1820 1656 1890 felicem,

394 1938 432 1978 ne
455 1923 577 1996 prolixe
608 1924 776 1981 vacationis
808 1922 992 1980 detrimenta
1014 1925 1148 1996 sentiret,
1180 1926 1316 1998 paternis
1340 1931 1370 1982 et
1392 1927 1535 1983 sollicitis
1554 1925 1657 1983 studiis

395 2028 594 2101 intendentes,
627 2036 697 2102 post
728 2028 994 2100 deliberationem,
1019 2045 1114 2102 quam
1138 2029 1178 2087 ad
1200 2029 1426 2104 preficiendum
1449 2033 1509 2106 ipsi
1535 2032 1656 2089 ecclesie

394 2150 558 2208 personam
594 2135 705 2192 utilem
736 2151 771 2191 ac
802 2135 896 2192 etiam
927 2134 1127 2204 fructuosam,
1159 2152 1220 2208 que
1247 2137 1346 2206 sciret,
1379 2138 1476 2195 vellet
1509 2145 1539 2195 et
1560 2145 1659 2212 posset

395 2257 464 2298 eam
488 2257 670 2314 preservare
694 2257 712 2298 a
734 2242 835 2298 noxiis
858 2246 887 2298 et
911 2241 1060 2312 adversis,
1083 2258 1120 2298 ac
1143 2243 1173 2299 in
1197 2243 1260 2299 suis
1284 2250 1483 2301 manutenere
1500 2245 1616 2302 iuribus
1631 2249 1659 2300 et

395 2349 487 2405 etiam
520 2347 682 2419 adaugere,
709 2363 780 2404 curn
812 2345 962 2404 fratribus
985 2349 1097 2404 nostris
1121 2349 1287 2406 habuimus
1311 2349 1512 2421 diligentem;
1536 2350 1656 2408 demum

396 2454 435 2511 ad
460 2461 488 2512 te
512 2461 584 2512 tunc
614 2454 825 2512 cenadiensem
863 2454 1053 2528 episcopum,
1085 2455 1286 2512 consideratis
1315 2456 1483 2528 grandium
1515 2458 1658 2514 virtutum

395 2561 522 2630 meritis,
554 2561 668 2634 quibus
699 2575 865 2634 personam
896 2564 982 2616 tuam
1013 2559 1183 2617 altissimus
1215 2561 1382 2632 insignivit,
1413 2567 1444 2618 et
1471 2562 1554 2634 quod
1578 2577 1659 2618 cena·

395 2666 493 2724 diensi
509 2667 636 2723 ecclesie
652 2667 798 2724 hactenus
813 2666 1014 2723 laudabiliter
1030 2665 1195 2738 prefecisti,
1215 2667 1425 2724 convertimus
1442 2669 1549 2724 oculos
1563 2675 1660 2724 nostre

395 2774 515 2830 mentis.
538 2771 732 2830 Intendentes
755 2774 850 2845 igitur
873 2779 937 2829 tam
962 2771 1043 2828 dicte
1074 2773 1267 2844 zagabriensi
1290 2773 1427 2842 ecclesie,
1460 2789 1554 2845 quam
1576 2773 1658 2845 gregi

395 2879 550 2937 dominico
581 2878 719 2936 eiusdem
750 2879 917 2936 salubriter
947 2884 977 2935 et
1007 2877 1126 2935 utiliter
1149 2877 1323 2951 providere,
1348 2883 1377 2934 te
1400 2894 1418 2934 a
1442 2879 1577 2949 vinculo,
1600 2893 1657 2950 quo

396 2987 456 3059 ipsi
485 2984 658 3043 cenadiensi
689 2985 816 3042 ecclesie
847 2985 896 3041 cui
921 2989 992 3040 tunc
1015 2998 1148 3057 preeras,
1178 2985 1341 3054 tenebaris,
1366 2983 1404 3040 de
1427 2983 1581 3041 dictomm
1605 2983 1659 3040 fra-

395 3101 478 3149 trum
514 3092 643 3149 consilio
676 3097 706 3148 et
738 3091 907 3164 apostolice
937 3090 1099 3163 potestatis
1128 3091 1320 3163 plenitudine
1344 3091 1550 3161 absolventes,
1574 3097 1602 3147 te
1623 3088 1658 3146 ad

396 3197 549 3272 prefatam
581 3199 742 3255 ecclesiam
776 3197 1008 3270 zagrabiensem
1039 3194 1262 3268 transferimus
1287 3203 1377 3268 teque
1401 3196 1462 3268 ipsi
1485 3195 1659 3270 preficimus

396 3306 426 3362 in
450 3306 631 3379 episcopum
655 3310 685 3360 et
708 3309 875 3376 pastorem,
907 3317 1014 3359 curam
1039 3309 1069 3358 et
1092 3301 1392 3360 administrationem
1416 3301 1556 3358 eiusdem
1578 3316 1658 3372 zaga·

396 3411 528 3467 briensis
550 3410 679 3466 ecclesie
709 3410 767 3466 tibi
791 3416 854 3465 tam
880 3410 910 3465 in
934 3407 1152 3482 spiritualibus
1175 3423 1271 3480 quam
1294 3408 1323 3464 in
1349 3408 1577 3480 temporalibus
1599 3407 1659 3480 ple

396 3517 481 3574 narie
503 3515 733 3586 committendo,
769 3515 965 3587 liberamque
988 3515 1047 3572 tibi
1071 3513 1173 3572 dando
1197 3515 1354 3571 licentiam
1377 3513 1416 3570 ad
1440 3512 1593 3586 prefatam
1616 3527 1658 3568 za·

319 3695 320 3698 ¹
396 3623 592 3694 gabriensem
615 3622 778 3678 ecclesiam
801 3620 988 3690 transeundi,
1013 3620 1105 3677 firma
1127 3636 1182 3694 spe
1197 3619 1373 3692 fiduciaque
1389 3620 1554 3692 conceptis,
1571 3616 1658 3691 quod,

397 3729 548 3801 dirigente
572 3727 699 3784 domino
724 3734 809 3783 actus
833 3733 910 3797 tuos,
939 3725 1060 3800 prefata
1083 3727 1290 3798 zagabriensis
1313 3725 1442 3782 ecclesia
1465 3741 1523 3798 per
1547 3732 1597 3782 tue
1620 3726 1659 3780 in·

397 3837 513 3892 dustrie
548 3849 583 3891 ac
620 3834 904 3906 circumspectionis
941 3832 1133 3889 fructuosum
1164 3831 1303 3888 studium
1334 3835 1458 3902 regetur
1483 3831 1603 3889 utiliter
1633 3833 1659 3884 et

397 3957 545 4015 prospere
574 3941 734 4012 dirigetur,
768 3945 918 4012 grataque
950 3941 981 3997 in
1012 3938 1128 3996 eisdem
1161 3938 1376 4010 spiritualibus
1406 3943 1436 3994 et
1462 3936 1658 4010 temporibus,

397 4055 521 4105 auctore
554 4047 690 4108 dominu.
726 4047 871 4120 suscipiet
904 4047 1099 4102 incrementa.
1134 4044 1288 4116 Quocirca
1318 4043 1503 4100 fraternitati
1538 4048 1587 4100 tue
1609 4055 1658 4113 per

397 4155 568 4228 apostolica
602 4154 719 4225 scripta
753 4151 947 4222 mandamus
987 4161 1136 4224 quatenus
1170 4149 1210 4206 ad
1245 4149 1398 4223 prefatam
1434 4149 1658 4220 zagabriensem

397 4262 558 4318 ecclesiam
583 4275 654 4316 cum
678 4260 778 4332 gratia
801 4263 905 4315 nostre
929 4257 1149 4314 benedictionis
1171 4255 1328 4324 accedens,
1352 4269 1458 4311 curam
1483 4261 1513 4310 et
1537 4251 1658 4310 admini-

397 4369 576 4424 strationem
608 4366 762 4440 predictas
793 4367 836 4422 sic
867 4379 955 4436 geras
979 4363 1120 4433 sollicite,
1155 4361 1291 4419 fideliter
1315 4367 1344 4418 et
1368 4359 1547 4434 prudenter,
1582 4355 1657 4430 quod

397 4475 465 4546 ipsa
500 4473 707 4544 zagabriensis
741 4471 872 4527 ecclesia
894 4485 1009 4542 sponso
1033 4469 1161 4542 perutili
1184 4475 1214 4524 et
1238 4467 1396 4524 fructuoso
1420 4462 1655 4523 administratori

396 4578 530 4652 gaudeat
553 4594 585 4635 se
616 4579 823 4646 commissam,
857 4591 893 4632 ac
916 4577 996 4632 bone
1025 4573 1107 4632 fame
1131 4581 1182 4631 tue
1205 4573 1284 4630 odor
1306 4589 1344 4630 ex
1367 4571 1581 4629 laudabilibus
1603 4569 1657 4626 tuis

397 4685 518 4742 actibus
541 4684 634 4741 latius
657 4683 858 4754 diffundatur,
889 4689 985 4754 tuque
1008 4687 1112 4754 preter
1147 4679 1358 4736 retributionis
1381 4683 1486 4735 eterne
1510 4676 1656 4750 premium

397 4792 454 4848 tibi
478 4806 496 4847 a
517 4790 642 4846 domino
675 4795 910 4862 proventurum,
941 4792 1082 4843 nostmm
1115 4791 1145 4842 et
1168 4785 1249 4843 dicte
1284 4785 1365 4842 sedis
1390 4783 1608 4841 benedictionis
1629 4789 1655 4836 et

396 4897 494 4971 gratie
528 4896 676 4952 merearis
710 4895 888 4951 continuum
924 4893 1083 4966 percipere
1106 4892 1338 4948 incrementum.
1362 4889 1477 4946 Datum
1504 4888 1654 4952 avinione,

397 5005 475 5062 Vlll.
499 5003 559 5060 lral.
583 5002 700 5076 aprilis.
726 5003 814 5058 Anno
838 5001 949 5073 primo,
