3728 5806
548 539 622 598 Dec.
647 534 720 597 260.
748 534 817 596 261.
845 571 880 581 -
903 538 959 596 An.
983 533 1072 615 1376.
1384 555 1444 616 249

173 739 212 796 sit
236 739 416 794 convinctus
431 745 476 795 ‘eo
500 737 596 807 lacto;
620 751 755 810 quorum
778 735 979 793 medietatem
1013 736 1106 793 iudici
1129 751 1227 807 cause,
1256 735 1349 792 aliam
1371 751 1446 792 vero

171 843 370 901 medietatem
395 845 476 917 parti
501 845 531 900 in
555 844 614 900 hiis
639 842 816 916 persistenti
847 842 1009 898 exsolvere
1032 847 1062 898 et
1090 841 1129 898 ad
1157 840 1344 899 solvendum
1367 842 1446 899 obli·

170 965 244 1022 gare
267 956 299 1006 et
322 951 361 1007 sit
384 951 563 1007 convinctus
588 951 700 1006 harum
723 948 830 1020 vigore
862 953 892 1004 et
927 947 1102 1004 testimonio
1129 948 1304 1005 litterarum
1329 955 1446 1005 nostra-

171 1070 243 1112 mm
266 1054 428 1113 mediante.
454 1055 569 1113 Datum
602 1055 632 1112 in
666 1053 821 1112 dominica
855 1053 1015 1111 Adventus
1050 1053 1176 1111 domini.
1208 1055 1297 1110 Anno
1328 1053 1446 1111 domini

174 1160 409 1219 MCCCLXXV.

259 1296 283 1345 E
301 1296 416 1362 simplici
435 1311 533 1347 coaevo
552 1303 717 1361 transumpto
745 1295 771 1346 in
797 1296 895 1346 charta.
924 1295 954 1346 ln
980 1295 1080 1346 archiv.
1107 1295 1182 1361 regni
1205 1295 1277 1346 CSD.
1298 1297 1354 1346 Act.
1375 1296 1442 1346 Con·

173 1387 241 1434 vent.
263 1383 364 1435 Remet.
384 1383 444 1435 fasc.
465 1385 484 1436 1.
504 1401 543 1435 nr.
563 1394 586 1443 3.

761 1545 853 1613 260.

277 1691 354 1738 Anno
376 1689 450 1746 1376,
472 1697 510 1745 15.
530 1687 667 1738 februarii.
688 1687 825 1738 Avinione.

312 1815 478 1873 Demetrius
501 1817 743 1874 transilvanensr's
758 1819 938 1892 praeficitur
959 1819 989 1874 in
1012 1817 1167 1890 cytr’scopum
1190 1815 1306 1888 zagrab.

264 1958 433 2032 Gregorius
455 1961 619 2034 episcopus
643 1977 752 2018 servus
775 1977 938 2019 servorum
954 1961 1011 2019 dei.
1028 1961 1269 2018 venerabilibus
1292 1959 1442 2017 fratribus

172 2057 363 2143 (Valentino)
387 2067 700 2139 quinqueecclesiensi
725 2073 754 2124 et
778 2061 948 2144 (Ladislao)
971 2067 1187 2140 vesprimiensi
1207 2067 1370 2139 episcopis,
1394 2081 1441 2122 sa-

173 2174 271 2230 lutem
295 2179 325 2228 et
345 2172 549 2246 apostolicam
574 2172 827 2230 benedictionem.
851 2173 931 2230 Cum
955 2189 1055 2246 nuper
1078 2173 1287 2230 venerabilem
1312 2171 1441 2228 fratrem

172 2283 313 2336 nostrum
338 2277 532 2335 Demetrium
556 2279 797 2351 zagrabiensem‚
822 2279 899 2337 olim
923 2279 1199 2336 transilvanensem
1225 2278 1442 2350 episcopuma

172 2383 308 2452 vinculo
332 2398 394 2455 quo
417 2382 518 2440 eidem
542 2385 779 2442 transilvanensi
802 2385 940 2456 ecclesie,
964 2384 1013 2441 cui
1032 2388 1104 2441 tunc
1124 2388 1255 2457 preerat,
1272 2383 1440 2452 tenebatur,

173 2489 211 2546 de
234 2488 367 2546 fratrum
391 2496 569 2546 nostrorum
593 2491 722 2548 consilio
746 2497 776 2549 et
800 2491 970 2564 apostolice
994 2491 1155 2564 potestatis
1178 2489 1370 2563 plenitudine
1386 2489 1440 2546 ab·

172 2595 338 2664 solventes
360 2595 462 2668 ipsum
490 2595 529 2652 ad
563 2596 724 2653 ecclesiam
755 2597 995 2670 zagrabiensem,
1026 2603 1097 2652 tunc
1132 2601 1255 2669 pastore
1278 2599 1441 2664 carentem,

172 2702 355 2758 auctoritate
378 2701 548 2775 apostolica
580 2699 761 2759 duxerimus
794 2701 1050 2772 transferendum,
1075 2703 1240 2776 ipsumque
1270 2700 1371 2758 eidem
1394 2717 1441 2758 za·

174 2807 330 2880 gabriensi
354 2808 481 2865 ecclesie
513 2807 736 2882 prelecerimus
767 2810 798 2866 in
830 2809 1011 2883 episcopum
1043 2815 1073 2866 et
1100 2813 1272 2882 pastorem:
1301 2806 1364 2864 Nos
1387 2821 1441 2864 vo-

173 2914 271 2972 lentes
295 2913 434 2970 ciusdem
458 2915 597 2988 episcopi
629 2915 659 2971 in
691 2915 756 2972 illis
787 2915 928 2989 partibus
959 2914 1179 2971 commorantis
1206 2928 1332 2985 parcere
1354 2913 1441 2970 labo·

173 3021 260 3077 ribus
283 3027 314 3077 et
336 3021 487 3092 expensis
511 3037 549 3078 ne
573 3025 702 3094 propter
726 3022 784 3078 hoc
807 3025 936 3093 cogatur
959 3019 1111 3078 veniendo
1134 3019 1172 3076 ad
1197 3019 1370 3076 Romanam
1390 3035 1441 3074 cu·

173 3129 251 3184 riam
276 3127 481 3201 personaliter
514 3127 665 3198 laborare,
698 3126 880 3184 fraternitati
912 3131 1013 3184 vestre
1044 3125 1224 3183 auctoritate
1253 3125 1441 3197 presentium

175 3233 398 3291 committimus
422 3238 452 3290 et
475 3231 668 3302 mandamus,
693 3237 844 3304 quatenus
869 3248 925 3290 vos
949 3233 999 3289 vel
1024 3233 1103 3290 alter
1120 3237 1258 3288 vestrum
1275 3232 1316 3287 ab
1331 3231 1441 3288 eodem

175 3339 322 3411 episcopo
345 3343 451 3395 nostro
475 3345 505 3395 et
527 3355 654 3396 romane
687 3339 814 3397 ecclesie
845 3340 970 3396 nornine
999 3337 1156 3396 fidelitatis
1187 3337 1291 3394 debite
1313 3337 1440 3393 solitum

174 3446 330 3518 recipiatis
355 3446 562 3502 iuramentum
588 3447 672 3503 iuxta
697 3446 840 3516 sormam,
865 3461 958 3518 quarn
980 3445 1039 3502 sub
1056 3444 1145 3501 bulla
1160 3449 1265 3500 nostra
1288 3443 1440 3499 mittimus

176 3553 391 3621 interclusam;
416 3551 551 3609 formam
574 3557 678 3610 autem
703 3553 876 3622 iuramenti,
901 3550 983 3623 quod
1000 3550 1083 3608 idern
1100 3549 1265 3623 episcopus
1281 3549 1439 3623 prestabit,

176 3659 264 3716 nobis
288 3657 327 3715 de
350 3661 447 3715 verbo
471 3659 509 3716 ad
535 3659 667 3716 verbum
692 3675 748 3732 per
780 3659 845 3715 eius
876 3664 1015 3731 patentes
1047 3656 1172 3725 litteras,
1197 3670 1252 3712 suo
1276 3654 1380 3726 sigillo
1401 3655 1440 3710 si-

175 3773 282 3837 gnatas
303 3781 362 3838 per
378 3765 540 3838 proprium
558 3765 700 3822 nuntium
717 3763 898 3836 quantocius
916 3762 1069 3820 destinare
1093 3761 1214 3817 curetis.
1236 3761 1351 3818 Datum
1368 3760 1440 3817 Avi·

176 3871 272 3941 nione,
296 3871 362 3928 XV.
386 3870 526 3928 kalendis
548 3871 663 3928 marcii.
688 3872 777 3928 Anno
801 3875 895 3926 sexto

262 4007 358 4072 Ereg.
378 4006 446 4072 orig.
467 4005 592 4072 Gregorii
615 4005 663 4064 Xl,
681 4021 721 4056 an.
742 4005 787 4062 Vl,
813 4019 877 4054 corn.
905 4004 950 4054 sol.
977 4014 999 4062 5.
1023 4005 1053 4054 Α.
1074 4003 1194 4053 Theiner.
1217 4003 1331 4052 bionum.
1352 4003 1439 4066 Hung.

177 4094 235 4144 hist.
255 4093 288 4144 ΙΙ.
309 4111 334 4160 p.
357 4104 413 4159 159.

769 4257 851 4324 261.

279 4399 356 4446 Anno
378 4398 452 4456 1376,
470 4411 495 4458 ψ
513 4397 594 4464 Junii.
615 4397 645 4448 In
665 4397 803 4463 Visegrad.

179 4523 338 4599 Lurlovicus
359 4525 536 4598 Hurrgarirrc
557 4534 605 4584 etc.
630 4545 692 4596 rex,
722 4527 796 4582 cives
825 4525 1010 4595 Greclrenses,
1033 4544 1068 4583 nc
1092 4533 1151 4598 per
1172 4525 1282 4581 litteras
1304 4523 1376 4580 barti
1397 4522 1444 4578 vel

291 4633 351 4690 er'us
375 4632 504 4690 vr'cebani
525 4633 568 4689 ad
586 4635 697 4690 curiam
718 4634 827 4706 regiam
850 4634 1018 4703 citarentur,
1041 4631 1143 4689 liberos
1165 4649 1222 4688 esse
1244 4629 1318 4686 dicit.

1117 4763 1209 4808 Ralacio
1223 4762 1312 4808 comitis
1325 4761 1410 4806 Jacobi.

263 4881 437 4940 lodouicus
460 4881 510 4940 dei
533 4883 637 4956 gracia
660 4899 714 4940 rex
738 4883 904 4956 Hungarie,
927 4882 1063 4952 Polonie,
1091 4879 1251 4938 Dalmacie
1274 4884 1328 4936 etc.
1352 4877 1440 4936 Fide·

181 4983 300 5044 delibus
323 4988 386 5046 suis
411 4989 548 5063 capitulo
571 4989 698 5048 ecclesie
721 4989 937 5062 zagrabiensis,
960 4988 1094 5046 salutem
1118 4993 1147 5044 et
1169 4987 1313 5060 graciam.
1341 4981 1440 5058 Signi·
