3728 5806
346 519 409 593 326
769 517 843 575 Boc.
861 529 935 594 352.
964 551 999 560 —
1026 517 1083 574 An.
1107 530 1196 592 1391·

346 723 436 773 tanea
459 719 563 772 nostra
586 715 764 787 obligamus
787 714 955 772 voluntate.
979 714 1094 771 Datum
1120 713 1288 786 Zagrabiae
1313 713 1459 788 predicta,
1483 712 1533 770 die
1556 713 1614 769 Ve.

344 823 434 891 neris,
459 822 592 894 septima
615 820 759 878 videlicet
783 822 927 878 octobris.
952 821 1042 878 Anno
1065 820 1182 879 domini
1206 821 1375 878 millesimo
1401 821 1613 878 tercentesimo

349 927 550 999 nonagesimo
573 927 682 1003 primo.

439 1061 595 1127 Esimplici
614 1066 788 1127 transumpto,
807 1076 864 1110 saec
883 1060 958 1110 XVI.
985 1062 1015 1111 ln
1040 1060 1139 1111 archiv.
1164 1061 1317 1125 archiepisc.
1343 1061 1448 1125 zagrab.
1468 1061 1613 1111 Decimalia

350 1151 410 1201 fasc.
430 1151 449 1200 I.
469 1166 507 1200 nr.
527 1152 551 1201 8.

939 1346 1024 1412 352.

452 1489 528 1538 Anno
550 1497 624 1550 1391,
644 1489 668 1538 8.
688 1487 847 1538 novembris.
865 1486 1018 1553 Zagrabiae.

349 1617 483 1674 Mattius
505 1618 688 1690 praepositus
716 1617 895 1686 chasmensr's,
929 1617 1085 1690 capitulum
1119 1616 1409 1689 quinqueecclesiense,
1437 1624 1497 1687 pro
1529 1617 1614 1672 susci-

342 1723 447 1797 piendo
475 1725 636 1780 iuramento
657 1742 677 1778 a
699 1724 825 1796 capitulo
853 1723 970 1796 aagrab.
1002 1724 1032 1778 in
1063 1739 1161 1788 causa,
1191 1739 1278 1794 quam
1310 1719 1381 1776 idem
1403 1737 1466 1776 cum
1490 1722 1613 1793 episcopo

559 1829 701 1906 Jotranne
723 1829 834 1901 agebat,
862 1837 896 1885 ut
915 1829 1105 1885 emmissatv'os
1126 1827 1263 1883 emitteret
1287 1833 1395 1883 exorat.

430 1989 674 2048 Honorabilibus
697 1995 727 2047 et
750 1985 902 2067 discreltis
932 1991 1017 2059 viris,
1048 1981 1194 2064 domin)is
1218 1988 1355 2060 capitulo
1378 1987 1611 2060 quinqueeccle

345 2098 446 2163 siensi,
469 2096 603 2153 dominis
626 2097 657 2153 in
680 2095 804 2154 Christo
828 2095 1023 2164 honorandis,
1049 2095 1180 2152 Mathias
1204 2095 1381 2168 prepositus
1401 2094 1529 2152 ecclesie
1545 2095 1613 2152 cha·

344 2203 482 2272 smensis,
515 2202 632 2259 arbiter
663 2207 692 2259 et
724 2203 898 2259 amicabilis
929 2203 1119 2275 compositor
1152 2202 1230 2259 inter
1265 2207 1368 2274 partes
1404 2199 1615 2274 infrascriptas

342 2315 413 2382 post
437 2308 569 2365 salutem
600 2308 631 2365 in
664 2307 791 2365 domino
824 2308 963 2365 animum
988 2307 1027 2364 ad
1050 2313 1139 2380 grata
1162 2313 1316 2380 paratum.
1340 2306 1507 2377 Noveritis,
1532 2305 1614 2379 quod

345 2415 418 2488 quia
440 2415 520 2472 inter
549 2406 755 2472 reverendum
779 2415 809 2471 in
833 2413 956 2471 Christo
981 2420 1102 2488 patrem
1126 2419 1155 2470 et
1180 2413 1351 2483 dominum,
1378 2412 1543 2470 dominum
1564 2413 1614 2495 Jo-

345 2523 479 2580 hannem
513 2521 562 2579 dei
593 2515 636 2598 (et
666 2521 837 2594 apostolice
867 2520 949 2578 sedis
976 2513 1092 2596 gracia)
1115 2521 1297 2594 episcopum
1321 2519 1554 2592 zagrabiensem
1576 2535 1613 2576 ex

344 2643 404 2685 una
428 2633 517 2701 parte
540 2633 569 2684 et
593 2627 788 2684 venerabiles
811 2627 905 2697 viros,
929 2626 1080 2696 dominos
1104 2625 1282 2684 Ladislaum
1304 2625 1508 2698 prepositum,
1527 2625 1614 2684 Nico·

344 2735 429 2791 laum
460 2739 617 2790 cantorem
641 2738 671 2790 et
693 2732 880 2805 Gregorium
913 2731 1163 2790 archidiaconum
1197 2731 1398 2788 dubicensem
1436 2739 1615 2805 ceterosque

345 2839 576 2898 archidiaconos
600 2844 629 2896 et
653 2839 814 2896 canonicos
839 2839 1045 2913 prebendatos
1068 2839 1277 2911 zagrabiensis
1294 2839 1422 2896 ecclesie
1438 2839 1614 2911 supradicte

345 2950 503 3018 presentes
527 2951 557 3001 et
580 2944 753 3018 capitulum
787 2945 914 3016 plenum
948 2943 1101 3014 facientes,
1134 2961 1250 3001 necnon
1282 2943 1360 3001 alios
1384 2942 1615 3002 archidiaconos

345 3055 375 3107 et
401 3049 561 3106 canonicos
593 3048 731 3106 eiusdem
762 3050 891 3107 ecclesie
920 3048 1062 3107 absentes
1093 3056 1253 3123 tamquam
1285 3055 1443 3124 presentes
1474 3067 1512 3108 ex
1543 3043 1615 3128 al(ia

347 3163 436 3230 parte
459 3143 510 3230 d'e)
533 3162 562 3212 et
586 3171 679 3228 super
710 3154 841 3212 diversis
872 3155 952 3213 inter
982 3165 1083 3213 cetera
1114 3156 1259 3214 videlicet
1286 3156 1415 3214 decimis
1438 3155 1477 3212 de
1501 3155 1614 3212 Dauid-

264 3283 266 3289 ’
348 3262 450 3334 dolch,
475 3262 560 3318 iuxta
591 3261 796 3319 continencias
827 3267 1012 3320 statutorum
1037 3263 1117 3321 dicte
1141 3264 1268 3321 ecclesie
1291 3279 1326 3320 ac
1350 3263 1448 3320 eciam
1482 3271 1564 3319 recta
1586 3269 1614 3318 et

347 3367 451 3442 equali
474 3365 637 3423 medietate
669 3366 861 3424 decimarum
893 3367 931 3424 de
955 3369 1052 3425 vineis
1079 3370 1225 3426 territorii
1249 3369 1310 3426 vici
1337 3369 1516 3426 latinorum
1541 3368 1614 3442 ipsis

350 3473 484 3531 dominis
514 3473 666 3529 canonicis
697 3484 727 3529 et
758 3473 895 3546 capitulo
926 3489 961 3531 ac
993 3476 1157 3546 quartariis
1188 3475 1353 3548 provenire
1377 3473 1563 3531 debentibus
1585 3479 1613 3530 et

347 3579 505 3638 nonnullis
528 3579 647 3652 campis
671 3584 700 3636 et
726 3579 814 3636 terris
836 3580 1009 3638 arabilibus
1042 3580 1185 3653 Bakanya
1209 3581 1295 3654 polla
1318 3586 1348 3638 et
1371 3579 1485 3652 Ztruga
1508 3579 1613 3653 appel·

347 3686 426 3757 latis,
451 3701 536 3758 quas,
570 3700 648 3757 quos
671 3691 701 3742 et
724 3701 783 3757 que
808 3684 920 3758 prefati
952 3685 1070 3745 domini
1094 3686 1132 3744 de
1156 3687 1238 3745 dicto
1262 3688 1399 3761 capitulo
1424 3686 1613 3759 zagrabiensi

347 3792 407 3849 sibi
431 3797 461 3848 et
484 3791 625 3866 ipsorum
653 3807 757 3848 mense
788 3792 952 3865 capitulari
983 3794 1023 3850 ab
1051 3794 1177 3866 antiquo
1200 3794 1384 3868 pertinuisse
1407 3799 1438 3850 et
1460 3793 1613 3866 pertinere

347 3897 460 3956 debere
482 3896 626 3954 dicebant
648 3903 678 3954 et
701 3896 866 3970 allegando
889 3901 1067 3956 asserebant
1090 3907 1119 3956 et
1142 3899 1182 3957 ad
1199 3915 1309 3957 manus
1328 3899 1529 3957 dominorum
1546 3915 1612 3972 pre·

349 4005 516 4061 missorum
546 4009 689 4076 porrecta
721 4003 923 4062 instrumenta
954 4004 1207 4079 demonstrabant
1238 4006 1280 4063 lta
1308 4003 1373 4062 tore
1397 4021 1432 4062 ac
1455 4005 1553 4062 eciam
1577 4004 1613 4060 de

348 4116 378 4167 et
400 4124 494 4183 super
517 4113 671 4166 certarum
695 4109 929 4182 sentenciarum,
950 4112 1086 4170 censuris
1103 4127 1138 4170 ac
1154 4111 1446 4170 denunciacionibus
1461 4116 1492 4166 et
1506 4124 1613 4182 aggra-

347 4215 529 4272 vacionibus
560 4229 677 4272 necnon
709 4215 898 4288 quibusdam
929 4218 1202 4275 constitucionibus
1230 4218 1261 4274 in
1284 4217 1347 4274 suis
1371 4217 1466 4273 sacris
1489 4215 1614 4288 synodis

348 4338 405 4396 per
426 4321 531 4396 ipsum
554 4320 715 4378 dominum
739 4323 922 4397 episcopum
945 4328 1052 4380 contra
1075 4322 1214 4396 prelatos
1237 4322 1388 4392 dominos
1410 4328 1444 4379 ut
1463 4321 1613 4392 dicebant,

348 4427 437 4485 editis
460 4433 490 4485 et
510 4427 716 4501 promulgatis
740 4434 770 4486 et
792 4427 973 4486 earumdem
996 4434 1138 4503 pretextu
1170 4435 1200 4487 et
1223 4429 1396 4499 occasione;
1427 4445 1444 4486 e
1467 4443 1614 4486 converso

349 4549 423 4590 vero
447 4532 484 4590 de
508 4539 538 4590 et
560 4549 654 4607 super
676 4534 835 4607 aliquibus
859 4535 1085 4592 obiectionibus
1109 4551 1185 4608 quas
1209 4536 1275 4610 ipse
1292 4534 1437 4592 dominus
1452 4535 1613 4608 episcopus

349 4639 540 4697 inanimum
573 4647 800 4713 provocaverat
831 4641 914 4713 ipsos
945 4641 1087 4698 dominos
1110 4641 1148 4698 de
1172 4640 1254 4698 dicto
1278 4641 1415 4713 capitulo
1439 4641 1563 4697 nomine
1585 4652 1614 4697 et

349 4746 453 4802 animo
476 4745 536 4802 sibi
560 4745 703 4803 similiter
725 4746 891 4804 iniuriandi
922 4745 989 4804 fore
1013 4746 1100 4804 factis
1124 4746 1333 4804 contraversio
1355 4749 1385 4801 et
1408 4745 1472 4802 litis
1495 4745 1614 4802 occasio

350 4857 381 4909 et
411 4851 542 4908 materia
574 4852 742 4924 questionis
773 4853 851 4910 inter
882 4853 965 4926 ipsas
996 4857 1098 4926 partes
1129 4853 1203 4909 satis
1234 4851 1309 4909 dure
1340 4856 1370 4908 et
1397 4851 1508 4908 acriter
1531 4851 1614 4907 omni

350 4956 562 5031 predictorum
592 4958 758 5030 occasione,
790 4973 850 5031 que
873 4959 1053 5016 vertebatur
1075 4973 1128 5016 seu
1148 4958 1228 5016 verti
1252 4958 1445 5031 sperabatur,
1469 4963 1561 5032 prout
1584 4956 1614 5013 in
