3782 5812
411 551 450 591 ro
843 537 916 594 Dec.
942 551 987 614 13.
1011 570 1049 580 —
1075 538 1132 596 An.
1157 551 1243 615 1235.

409 731 537 789 donacio
568 748 630 790 non
660 735 758 807 possit
789 737 819 793 in
851 735 973 793 irritum
1004 737 1109 809 aliquo
1144 741 1284 810 tempore
1316 738 1470 806 revocari,
1503 741 1681 811 presentem

408 839 554 912 paginam
584 839 615 896 in
647 842 858 899 testimonium
886 844 982 901 nostri
1007 842 1103 914 sigilli
1127 843 1300 900 munimine
1325 841 1469 900 dedimus
1491 844 1683 900 roboratam.

409 945 498 1002 Anno
522 943 640 1003 domini
663 946 872 1006 MCCXXXV.

495 1097 635 1161 Originale
656 1097 680 1147 in
701 1099 859 1154 membrana,
878 1101 997 1165 sigillum
1020 1103 1147 1151 avulsum.
1168 1100 1199 1151 In
1221 1102 1291 1152 arch.
1312 1117 1368 1152 ven.
1383 1101 1459 1166 capit.
1475 1102 1579 1166 zagrab.
1594 1101 1682 1168 Typis

405 1185 535 1248 vulgavit.
556 1185 618 1235 Ivan
638 1186 753 1236 Tkattic.
775 1188 843 1237 Mon.
864 1189 922 1238 hist.
942 1189 1020 1254 episc.
1041 1191 1146 1254 zagrab.
1167 1207 1191 1255 p.
1213 1197 1253 1248 75.

513 1510 561 1556 An.
585 1518 658 1567 1235.
678 1509 831 1574 Zagrabiae.
1015 1477 1072 1542 13·

407 1633 595 1701 Panaetius,
627 1637 757 1693 cccleseire
788 1639 983 1710 zagrabiensis
1005 1647 1114 1706 cantor,
1143 1640 1210 1696 ema't
1230 1639 1267 1694 ab
1289 1639 1440 1696 ordinario
1464 1637 1609 1711 Stephano
1631 1638 1678 1695 II.

724 1751 833 1800 terram
861 1742 968 1818 &agla
999 1764 1085 1820 quam
1111 1745 1240 1819 capitulo
1263 1746 1357 1802 donat.

495 1899 669 1974 Stephanus
700 1903 749 1962 dei
779 1907 882 1978 gracia
914 1907 1121 1978 zagrabiensis
1151 1908 1323 1980 episcopus.
1363 1905 1523 1964 Universis
1554 1903 1678 1961 litteras

406 2013 585 2078 presentans
609 2009 793 2081 inspecturis
817 2011 947 2068 salutem
964 2011 994 2068 in
1011 2011 1146 2069 domino.
1171 2013 1347 2084 Agnoscam
1363 2011 1500 2068 universi
1517 2014 1679 2082 presentes

406 2117 435 2167 et
459 2110 554 2170 futuri
579 2113 656 2170 hanc
679 2115 823 2188 paginam
849 2117 1025 2190 inspecturi,
1064 2117 1147 2190 quod
1171 2118 1319 2190 magister
1343 2117 1538 2189 Pangracius,
1567 2121 1678 2172 cantor

405 2219 621 2290 zagrahiensis,
645 2236 750 2278 curam
775 2237 885 2294 gerens
908 2224 1009 2281 anime
1033 2240 1094 2294 sue,
1120 2229 1228 2298 utpote
1259 2225 1308 2282 vir
1331 2223 1503 2297 spiritualis
1526 2227 1556 2279 et
1579 2222 1678 2279 homo

406 2324 503 2380 tocius
535 2325 694 2398 religionis
718 2343 753 2385 ac
777 2329 960 2400 honestatis,
993 2329 1148 2402 quandam
1174 2336 1289 2388 terram
1314 2332 1344 2388 in
1368 2328 1559 2402 zagrabiensi
1582 2329 1676 2386 sitam

406 2431 570 2500 territorio,
602 2449 662 2504 que
693 2433 730 2491 ad
756 2443 861 2492 nostra
883 2443 984 2492 aratra
1008 2436 1192 2509 pertinebat,
1223 2436 1313 2493 nobis
1338 2435 1465 2508 quidem
1488 2451 1548 2492 non
1571 2449 1676 2491 neces-

406 2536 518 2592 sariam
543 2547 673 2612 propter
696 2541 933 2614 amplitudinem
960 2543 1187 2615 possessionum
1212 2547 1241 2600 et
1265 2544 1388 2616 copiam
1404 2547 1589 2610 aratrorum,
1614 2556 1676 2612 que

406 2642 437 2697 in
461 2641 538 2699 locis
557 2644 701 2716 plurimis
720 2651 750 2704 et
765 2646 896 2705 diversis
912 2647 1018 2705 divino
1034 2647 1187 2705 adiutorio
1204 2649 1435 2720 acquisivimus,
1451 2646 1675 2716 ordinavimus,

407 2749 687 2821 multiplicavimus
718 2751 941 2824 habundanter,
973 2755 1110 2827 capitulo
1139 2769 1214 2811 vero
1237 2755 1427 2826 zagrabiensi
1451 2753 1620 2827 perutilem
1643 2759 1677 2809 et

406 2851 498 2910 valde
531 2855 708 2918 comodam.
740 2865 900 2931 tamquam
931 2861 1017 2917 iuxta
1047 2860 1131 2934 ipsos
1162 2861 1343 2918 existentem
1374 2867 1404 2916 et
1431 2874 1483 2916 eos
1506 2859 1598 2915 nimis
1621 2873 1675 2915 an-

405 2966 588 3032 gustantem,
621 2971 650 3020 et
674 2965 747 3036 quia
770 2966 829 3038 ipsi
852 2961 1027 3039 plurimum
1051 2965 1245 3039 indigebant,
1278 2971 1308 3023 et
1331 2965 1370 3024 de
1393 2981 1454 3038 qua
1477 2979 1588 3037 guerra
1613 2963 1676 3020 fre·

408 3068 608 3138 quentissima
639 3077 669 3125 et
694 3069 850 3128 discordia
872 3072 1030 3129 oriebatur
1054 3074 1132 3129 inter
1156 3077 1291 3129 nostram
1317 3071 1470 3129 familiam
1492 3077 1522 3127 et
1545 3070 1675 3142 capituli

406 3171 591 3244 supradicti,
623 3189 680 3248 pro
712 3177 837 3248 triginta
868 3192 1043 3234 marcarum
1074 3179 1179 3251 precio
1210 3177 1270 3234 sibi
1302 3177 1395 3235 vendi
1423 3175 1608 3250 postulavit,
1639 3183 1675 3232 ut

396 3257 543 3350 ¹emptam
575 3278 614 3335 ad
646 3281 809 3338 utilitatem
841 3289 870 3339 et
902 3283 1123 3356 proprietatem
1154 3282 1334 3340 transferret
1364 3283 1493 3356 capituli
1525 3279 1675 3354 sepedicti

406 3393 557 3456 perpetuo
580 3385 806 3458 possidendam.
832 3387 894 3445 Nos
917 3389 1011 3460 igitur
1034 3389 1119 3462 piam
1143 3387 1217 3446 dicti
1240 3390 1373 3446 cantoris
1396 3388 1603 3446 intencionem
1618 3387 1673 3443 be·

406 3489 499 3560 nigno
530 3488 636 3548 favore
668 3499 888 3565 prosequentes
919 3501 949 3551 et
979 3503 1157 3552 nostrorum
1188 3493 1320 3552 fratrum
1348 3494 1476 3552 utilitati
1508 3499 1674 3567 procurata

408 3595 617 3664 sollicitudine
639 3598 725 3655 iuxta
748 3605 887 3656 nostram
910 3599 1160 3657 consvetudinem
1190 3600 1404 3674 providentes,
1436 3599 1579 3673 peticioni
1602 3613 1675 3656 con·

407 3699 623 3760 descendentes
647 3705 779 3762 cantoris
795 3705 932 3778 sepefati,
950 3711 1210 3778 prememoratam
1227 3713 1343 3764 terram
1360 3705 1555 3764 vendidimus
1571 3703 1673 3762 eidem

407 3821 464 3878 pro
488 3808 592 3880 precio
616 3815 786 3882 pretaxato,
811 3811 840 3868 in
865 3811 912 3868 ius
936 3817 965 3868 et
989 3812 1213 3884 possessionem
1238 3812 1445 3884 zagrabiensis
1461 3811 1589 3884 capituli
1606 3813 1673 3870 sine

406 3911 511 3984 aliqua
535 3915 694 3972 occasione
717 3923 746 3973 et
773 3917 925 3974 dilacione
953 3917 1190 3990 devolvendam,
1214 3925 1245 3976 et
1268 3919 1406 3991 precium
1429 3917 1603 3990 recepimus
1629 3919 1674 3975 in·

406 4019 565 4090 tegraliter
592 4020 629 4077 ad
666 4023 831 4080 utilitatem
864 4029 967 4081 nostre
999 4025 1126 4082 ecclesie
1158 4024 1236 4083 illud
1269 4023 1404 4081 totaliter
1434 4013 1602 4094 erogantes.
1632 4024 1675 4083 Ut

405 4129 509 4180 autem
532 4126 652 4198 prefata
676 4127 817 4186 vendicio
842 4137 1023 4203 perpetuam
1041 4131 1152 4187 habeat
1170 4139 1200 4187 et
1216 4130 1464 4202 irrefragabilem
1482 4128 1673 4200 firmitatem,

405 4239 562 4302 presentes
593 4232 735 4291 dedimus
767 4236 883 4292 litteras
914 4237 1011 4308 sigilli
1041 4237 1136 4292 nostri
1173 4236 1342 4293 munimine
1372 4237 1541 4292 roboratas.
1583 4237 1673 4293 Anno

406 4334 522 4394 domini
547 4338 756 4398 MCCXXXV.
784 4342 979 4400 Pontificatus
1003 4345 1098 4401 nostri
1121 4359 1201 4400 anno
1225 4343 1352 4400 decimo.

496 4491 636 4556 Originale
662 4494 784 4559 deperiit.
812 4494 1017 4560 Transumptum
1040 4503 1112 4546 extat
1132 4498 1156 4546 in
1176 4496 1247 4545 libro
1267 4497 1401 4545 acclavato
1420 4511 1465 4544 seu
1486 4493 1511 4543 in
1530 4495 1603 4544 libro
1622 4501 1674 4544 sta·

407 4583 523 4628 tutorum
550 4579 660 4645 capituli
685 4583 798 4644 zagrab,
824 4598 903 4647 super
928 4599 980 4646 quo
1007 4583 1042 4633 ita
1068 4584 1188 4646 loquitur
1212 4583 1305 4632 index:
1336 4582 1478 4645 „Sequitur
1506 4588 1581 4631 tenor
1602 4581 1672 4632 litte-

406 4681 495 4716 rarum
515 4660 620 4718 domini
636 4669 760 4734 Stephani
781 4669 899 4736 episcopi
914 4672 1090 4736 zagrabicnsis
1104 4687 1182 4736 super
1197 4677 1268 4720 terra
1282 4681 1371 4720 nostra
1385 4669 1475 4735 Crogh
1489 4685 1557 4720 nunc
1571 4679 1672 4727 vocata,

406 4756 478 4804 ultra
505 4757 648 4806 claustrum
673 4757 755 4807 sancti
774 4757 894 4818 Nicolai,
921 4759 1033 4809 fratrum
1055 4760 1267 4816 Preclicatorum,
1293 4757 1442 4814 constituta,
1471 4773 1523 4822 que
1543 4765 1613 4808 terra
1633 4765 1673 4808 est

406 4843 518 4893 deducta
543 4846 575 4892 ad
602 4844 733 4894 modicum
758 4847 888 4910 spacium,
914 4849 958 4896 scd
979 4848 1042 4898 olim
1062 4864 1114 4897 non
1140 4855 1211 4898 tanta
1236 4847 1316 4897 fuisse
1341 4846 1472 4904 ereditur,
1498 4845 1673 4895 consideratis

406 4931 482 4980 metis
502 4933 610 4980 ecclesie
630 4940 718 4982 nostre
737 4941 762 4984 et
782 4935 995 4984 Grechensium.‘·
1011 4935 1095 5003 Typis·
1109 4937 1237 5000 vulgavit.
1256 4939 1330 5003 Joan.
1344 4935 1467 4984 ltateie:
1487 4934 1555 4982 Mon.
1576 4933 1669 4982 histor.

407 5019 485 5082 episc.
506 5021 609 5084 zagrab.
631 5023 674 5070 vol
703 5021 722 5070 1.
744 5039 767 5086 p.
789 5023 828 5076 76.
849 5025 900 5073 vol.
921 5024 954 5072 ll.
975 5042 998 5089 p.
1020 5035 1074 5083 130.
1095 5026 1202 5074 Farlati.
1223 5026 1289 5075 Illir.
1310 5039 1374 5073 sacr.
1396 5030 1457 5080 tom,
1478 5023 1508 5071 V.
1528 5037 1546 5086 p
1572 5021 1633 5080 3'07·
