3600 5804
560 550 633 607 Doc.
658 560 724 626 137.
749 582 791 592 -
813 549 869 606 An.
893 557 979 625 1327.
1336 565 1395 621 119

147 751 280 810 stolicam
310 750 413 808 sedem
445 751 560 808 habere
586 765 754 821 recursum,
785 746 951 824 providere
982 748 1042 806 sibi
1073 763 1167 822 super
1190 749 1248 806 hoc
1272 750 1400 821 patema

146 857 296 930 diligentia
326 856 533 929 dignaremur.
568 855 632 913 Nos
662 857 757 928 igitur
791 854 940 913 adversus
975 861 1182 929 occupatores,
1220 853 1401 924 detentores,

147 967 376 1037 presumptores,
410 964 624 1022 molestatores
649 968 685 1028 ,et
713 963 908 1020 iniuriatores
931 961 1109 1020 huiusmodi
1130 962 1187 1018 illo
1212 961 1351 1018 volentes
1374 961 1401 1017 ei

147 1068 275 1126 remedio
297 1069 470 1140 subvenire,
499 1086 556 1144 per
580 1069 662 1143 quod
695 1071 833 1143 ipsorum
862 1073 1077 1142 compescatur
1101 1069 1256 1125 temeritas
1279 1073 1309 1123 et
1332 1067 1401 1124 aliis

146 1175 241 1232 aditus
263 1176 475 1234 committendi
498 1177 613 1234 similia
636 1175 846 1250 precludatur,
870 1174 1053 1232 fraternitati
1077 1180 1178 1232 vestre
1202 1189 1259 1248 per
1280 1177 1403 1247 aposto·

146 1282 202 1338 lica
224 1282 333 1354 scripta
364 1281 557 1352 mandamus,
586 1287 736 1355 quatenus
767 1297 824 1338 vos
846 1281 899 1338 vel
923 1280 985 1337 duo
1007 1286 1060 1338 aut
1082 1297 1162 1337 unus
1184 1285 1323 1337 vestrum
1346 1294 1403 1352 per

146 1403 199 1446 vos
221 1388 269 1444 vel
291 1387 388 1446 alium
412 1403 466 1444 seu
488 1388 575 1458 alios,
607 1389 700 1446 etiam
724 1387 750 1445 si
774 1387 834 1445 sint
858 1394 946 1444 extra
969 1387 1046 1456 loca,
1070 1387 1239 1460 inquibus
1263 1385 1402 1460 deputati

147 1495 214 1552 estis
243 1501 471 1552 conservatores
501 1501 531 1550 et
561 1493 684 1564 iudices,
716 1492 837 1568 prefato
869 1493 975 1564 elect0,
999 1491 1099 1566 quoad
1125 1493 1245 1564 vixerit,
1269 1491 1403 1552 efficacis

148 1599 321 1658 defensionis
350 1599 488 1673 presidio
518 1601 702 1670 assistentes,
728 1615 789 1658 non
821 1599 1009 1673 permittatis
1032 1614 1103 1656 eum
1127 1614 1220 1672 super
1243 1599 1403 1672 premissis

147 1707 183 1762 ab
206 1705 316 1762 eisdem
340 1706 393 1762 vel
418 1707 667 1780 quibuscumque
690 1707 760 1764 aliis
783 1689 1041 1781 occupatoribus,
1063 1705 1282 1776 detentoribus,
1306 1706 1404 1762 mole·

147 1812 313 1882 stateribus,
337 1813 609 1886 presumptoribus
632 1813 769 1870 indebite
793 1812 961 1882 molestari,
985 1811 1036 1868 vel
1060 1812 1120 1869 sibi
1143 1811 1326 1884 gravamina
1349 1826 1404 1868 seu

148 1917 274 1991 dampna
296 1917 347 1974 vel
372 1917 499 1975 iniurias
521 1918 660 1990 irrogari,
693 1918 802 1976 facturi
827 1917 911 1975 dicto
934 1919 1041 1989 electo,
1065 1932 1136 1974 cum
1159 1917 1200 1974 ab
1223 1931 1260 1974 eo
1283 1918 1335 1974 vel
1359 1918 1404 1974 vi-

149 2023 231 2080 cariis
252 2024 313 2081 suis
335 2024 387 2080 vel
412 2039 519 2081 eorum
552 2025 659 2097 aliquo
690 2023 808 2081 fueritis
831 2024 979 2096 requisiti,
1003 2022 1042 2080 de
1067 2023 1156 2080 dictis
1179 2029 1209 2080 et
1242 2023 1311 2081 aliis
1334 2039 1405 2097 per·

148 2129 223 2186 sonis
258 2129 449 2202 quibuslibet
482 2146 577 2204 super
611 2131 802 2188 restitutione
836 2129 990 2188 dictorum
1025 2137 1204 2200 castrorum,
1246 2129 1405 2200 villarum,

149 2235 295 2306 casalium,
319 2243 482 2306 terrarum,
500 2238 738 2310 possessionum,
755 2237 973 2306 vassallorum,
989 2237 1161 2304 hominum,
1178 2236 1300 2306 iunium,
1317 2236 1406 2293 iuris·

149 2340 307 2398 dictionum
330 2357 366 2398 ac
390 2342 546 2400 bonorum
569 2342 734 2400 mobilium
759 2349 788 2400 et
811 2343 1054 2412 immobilium,
1078 2341 1256 2399 reddituum
1281 2356 1406 2416 quoque

149 2453 175 2502 et
198 2451 410 2519 proventuum,
434 2463 579 2505 censuum
604 2454 634 2505 et
657 2449 792 2506 aliorum
812 2463 1081 2522 quorumcumque
1098 2448 1252 2505 bonorum
1268 2463 1405 2520 suorum,

150 2567 198 2609 nec
220 2553 340 2611 nonde
371 2554 565 2626 quibuslibet
595 2555 756 2624 molestiis,
784 2555 904 2611 iniuriis
926 2558 1019 2626 atque
1042 2552 1187 2626 dampnis
1212 2555 1406 2628 presentibus

150 2665 176 2715 et
198 2657 312 2730 futuris,
340 2659 372 2717 in
408 2661 473 2717 illis
503 2659 658 2730 videlicet,
689 2676 750 2734 que
773 2659 951 2718 iudicialem
974 2660 1136 2734 requirunt
1159 2659 1344 2733 indaginem,
1368 2660 1407 2718 de

151 2765 237 2836 plano
266 2766 328 2823 sine
362 2767 493 2840 strepitu
524 2771 553 2822 et
585 2765 686 2839 figura
716 2766 830 2835 iudicii,
865 2767 895 2824 in
927 2767 997 2824 aliis
1025 2780 1110 2836 vero,
1145 2773 1239 2839 prout
1273 2767 1406 2840 qualitas

151 2870 280 2944 ipsorum
311 2873 456 2944 exegerit,
479 2873 594 2930 iustitie
619 2873 899 2946 complementum;
923 2877 1124 2946 occupatores
1147 2887 1200 2930 seu
1224 2871 1406 2944 detentores,

151 2977 354 3036 molestatores
376 2993 429 3035 seu
460 2985 692 3052 presumptores
715 2984 746 3036 et
769 2979 963 3036 iniuriatores
985 2977 1173 3049 huiusmodi,
1197 2995 1313 3036 necnon
1337 2993 1407 3037 con·

152 3082 321 3141 tradictores
344 3085 502 3158 quoslibet
526 3090 555 3142 et
578 3083 721 3154 rebelles,
745 3085 965 3157 cuiuscumque
985 3083 1151 3157 dignitatis
1168 3091 1275 3156 status
1291 3085 1408 3144 ordinis

152 3189 197 3244 vel
218 3189 398 3247 conditionis
420 3191 584 3262 extiterint,
605 3189 864 3264 quandocumque
888 3197 917 3248 et
934 3191 1210 3264 quotienscumque
1226 3191 1406 3265 expedierit,

152 3309 202 3366 per
223 3311 382 3353 censuram
406 3297 654 3366 ecclesiasticam,
678 3297 888 3371 appellatione
912 3297 1093 3370 postposita,
1113 3296 1347 3372 compescendo,
1364 3298 1408 3355 in·

154 3409 253 3458 vocato
276 3402 314 3459 ad
338 3403 406 3474 hoc,
429 3403 456 3459 si
478 3417 557 3476 opus
588 3401 689 3474 fuerit,
720 3403 838 3460 auxilio
869 3402 989 3460 brachii
1012 3403 1167 3460 secularis.
1194 3403 1260 3460 Non
1284 3403 1408 3461 obstan-

154 3506 227 3563 tibus
256 3505 355 3566 ielicis
383 3508 605 3566 recordationis
638 3507 784 3566 Bonifacii
811 3523 893 3582 pape
916 3509 1025 3579 octavi,
1050 3507 1276 3582 predecessoris
1300 3510 1405 3580 nostri,

156 3611 313 3684 inquibus
337 3619 472 3686 cavetur,
503 3630 541 3672 ne
567 3614 681 3688 aliquis
708 3620 794 3672 extra
821 3629 907 3672 suam
936 3615 1093 3674 civitatem
1116 3622 1146 3672 et
1169 3613 1316 3672 diocesim
1341 3609 1408 3692 (etc.

154 3723 291 3792 utsupra
314 3720 346 3777 in
377 3719 442 3778 doc.
471 3736 539 3790 roa,
563 3735 631 3795 pag.
658 3719 795 3789 87-88.
818 3713 928 3798 usque)
951 3727 1134 3796 perpetuata
1156 3721 1332 3794 legitimum
1357 3737 1408 3778 ex·

155 3823 261 3882 titisset.
286 3825 510 3884 Constitutione
534 3826 672 3900 predicta
688 3843 782 3900 super
802 3827 1080 3898 conservatoribus,
1097 3833 1126 3884 et
1142 3827 1203 3884 alia
1219 3827 1360 3900 qualibet
1375 3828 1405 3884 in

156 3933 330 3989 contrarium
349 3931 430 3989 edita
453 3948 513 3990 non
536 3934 686 4004 obstante,
707 3933 902 4007 presentibus
921 3939 993 4007 post
1013 3934 1257 4007 quinquennium
1281 3934 1409 3991 minime

154 4034 293 4094 valituris:
316 4037 432 4095 Datum
458 4039 616 4109 Avinione,
640 4055 667 4096 v.
691 4039 751 4097 kal.
774 4037 913 4116 januarii.
941 4041 1031 4097 Anno
1054 4037 1225 4097 undecimo.

232 4153 271 4204 Ex
283 4169 332 4204 rex
347 4155 416 4222 orig.
430 4158 479 4206 An.
494 4155 542 4206 XI.
557 4171 621 4207 corn.
635 4173 675 4222 ep.
690 4167 748 4217 513.
762 4161 793 4208 Α.
807 4157 929 4208 Tbeiner.
942 4157 1013 4208 Mon.
1027 4157 1115 4223 Hung.
1135 4156 1194 4206 hist.
1218 4156 1408 4223 v01.1.p.509.

733 4371 815 4440 13⁷.

252 4509 326 4557 Anno
348 4514 423 4566 1327,
443 4516 483 4566 30.
504 4507 600 4557 martii.
620 4507 773 4574 Zagrabiae.

158 4627 303 4706 Dionysius
317 4634 436 4691 clerr'cus
457 4641 487 4690 et
505 4633 621 4692 dominu
639 4635 782 4695 Srebema
797 4639 831 4696 dc
842 4639 1069 4712 possessionibus
1084 4639 1220 4697 Pmovci
1231 4646 1261 4696 et
1273 4639 1412 4714 Hrastja‚

643 4744 744 4802 ineunt
763 4745 909 4804 cambriam

235 4879 294 4939 Nos
319 4881 426 4942 Punek
456 4898 560 4944 comes
591 4889 806 4960 zagrabiensis.
840 4889 1058 4963 significamus
1089 4897 1194 4948 tenore
1218 4891 1411 4964 presencium

162 4983 261 5054 quibus
282 4989 407 5062 expedit
430 4991 591 5064 universis,
615 4995 698 5067 quod
721 4994 870 5054 discretus
894 5003 924 5054 et
946 4997 1092 5055 honestus
1107 4997 1157 5054 vir
1171 4996 1337 5069 Dyonisius
1353 4997 1414 5054 cle·
