3728 5806
553 525 625 582 Doc.
649 521 722 598 296.
745 537 815 601 297.
836 558 874 568 -
893 526 949 584 An.
973 521 1066 602 1380.
1384 527 1441 584 281

175 730 283 781 nostro
306 723 381 795 regi,
406 738 492 780 more
516 724 608 782 solito
638 723 772 782 fideliter
803 725 988 782 rescribatis.
1021 725 1137 782 Datum
1161 722 1319 796 Zagrabie,
1352 721 1446 780 tercio

176 829 299 888 decimo
323 830 373 887 die
395 831 603 888 concussionis
626 845 765 888 ovorum.
790 831 879 888 Anno
903 830 1022 887 domini
1046 829 1278 887 MCCCLXXX.

248 948 422 1013 Desumptum
440 963 454 997 e
472 947 603 998 relatione
615 947 732 998 iudicum
745 947 876 1000 nobilium
890 947 1028 998 comitatus
1041 949 1145 1014 zagrab.
1159 961 1226 998 anno
1242 947 1315 1006 1380.
1326 952 1355 996 ut
1368 945 1445 996 intra.

767 1109 856 1176 296.

286 1215 362 1264 Anno
384 1215 458 1272 1380,
481 1221 519 1268 17.
539 1213 641 1279 aprilis.
663 1213 753 1264 Crisii,

178 1325 287 1382 Petrus
315 1305 399 1382 C'irkc
428 1325 571 1382 crisiensrs
601 1343 694 1383 comes
725 1343 760 1382 oc
789 1325 893 1384 iudices
922 1327 1058 1383 nobilium
1089 1326 1209 1382 eiusdem
1235 1327 1384 1382 comitatus
1413 1325 1448 1382 de

284 1432 421 1506 jocinore
443 1431 575 1488 canonici
596 1431 717 1488 Mcoloi
738 1429 872 1502 Britlim',
900 1431 1076 1490 Ludovicum
1099 1450 1192 1505 regem
1215 1432 1333 1489 edocent.

269 1558 536 1616 Excellentissimo
560 1559 693 1632 principi
718 1559 845 1618 domino
869 1559 1034 1630 Lodouico
1059 1557 1108 1617 dei
1132 1559 1235 1632 gracia
1259 1558 1365 1616 inclito
1383 1559 1450 1631 regi

181 1665 348 1737 Hungarie,
372 1663 500 1721 domino
523 1679 631 1722 eorum
655 1665 798 1731 naturali.
826 1665 935 1722 Petrus
958 1664 1081 1738 Chyrlre
1105 1665 1272 1722 vicebanus
1296 1669 1326 1722 et
1345 1679 1449 1722 comes

180 1771 344 1842 crisyensis
366 1785 401 1827 ac
434 1770 549 1828 iudices
580 1771 734 1828 nobilium
765 1771 902 1829 eiusdem
932 1772 1095 1828 comitatus
1118 1770 1277 1828 fidelitatis
1300 1770 1450 1843 obsequia

181 1875 285 1948 quoad
325 1875 441 1933 vivum.
480 1875 609 1933 Noverit
642 1881 744 1934 vestra
782 1878 977 1949 excellencia,
1018 1877 1102 1950 quod
1133 1893 1204 1934 cum
1236 1891 1291 1934 nos
1331 1877 1451 1934 nobiles

182 1983 276 2052 viros,
302 1981 474 2053 Nicolaum,
497 1983 600 2040 filium
624 1983 788 2054 Dominici‚
813 2000 909 2042 unum
927 2001 964 2042 ex
982 1983 1135 2042 iudicibus
1151 1984 1305 2042 nobilium
1321 1999 1357 2040 ac
1372 1983 1451 2040 Lau-

184 2089 331 2158 rencium,
356 2087 458 2146 filium
481 2088 593 2146 Bedew
617 2089 656 2146 de
681 2089 887 2162 Breztouicha,
920 2091 1061 2148 homines
1090 2099 1218 2160 nostros,
1242 2089 1280 2146 ad
1306 2089 1452 2162 querulo-

184 2211 251 2252 sam
275 2201 305 2252 et
328 2195 491 2252 instantem
516 2195 703 2268 peticionem
726 2195 844 2267 iudicis,
861 2196 1033 2254 iuratorum
1050 2200 1080 2253 et
1095 2195 1312 2253 universorum
1336 2195 1452 2253 civium

182 2317 235 2358 seu
261 2301 420 2374 hospitum
444 2301 558 2358 montis
581 2301 767 2359 Grechensis
790 2301 829 2359 de
852 2300 1003 2374 Zagrabia
1019 2301 1058 2358 ad
1074 2300 1270 2374 infrascripta
1293 2300 1453 2358 rescienda

188 2407 329 2480 legitime
361 2407 617 2478 destinassemus;
640 2407 764 2465 tandem
795 2406 892 2468 iidem
921 2407 961 2465 ad
991 2423 1047 2465 nos
1078 2405 1187 2465 exinde
1217 2407 1335 2464 reversi
1363 2407 1453 2464 nobis

185 2512 379 2572 concorditer
402 2513 581 2586 retulerunt,
606 2513 689 2588 quod
713 2514 773 2588 ipsi
790 2514 830 2571 ab
846 2513 1000 2584 omnibus,
1024 2514 1138 2586 quibus
1161 2511 1314 2571 decuisset
1329 2517 1359 2570 et
1374 2512 1450 2570 licu-

186 2621 257 2678 isset
282 2620 380 2677 talem
404 2619 443 2677 de
466 2618 671 2693 infrascriptis
703 2620 863 2678 scivissent
893 2620 1066 2690 veritatem,
1097 2619 1181 2691 quod
1209 2618 1382 2692 capitulum
1405 2635 1453 2675 ec-

185 2727 278 2784 clesie
294 2726 511 2798 zagrabiensis,
532 2725 608 2784 feria
622 2727 717 2783 tercia
733 2726 878 2799 proxima
894 2731 963 2799 post
979 2725 1092 2784 festum
1108 2741 1199 2800 pasce
1221 2725 1349 2795 domini,
1372 2741 1454 2783 nunc

188 2833 330 2907 proxime
353 2833 509 2906 preterita,
534 2833 674 2905 nequicia
698 2833 896 2906 precogitata,
912 2831 962 2888 dei
979 2832 1089 2888 timore
1107 2831 1288 2905 postposito,
1305 2837 1452 2904 tanquam

186 2939 322 2996 satelltes
347 2943 376 2994 et
400 2937 599 2994 immemores
622 2939 715 2995 saluti
738 2938 840 2996 anime
864 2939 1013 3012 ipsorum,
1030 2938 1125 2994 misso
1141 2937 1291 3009 magistro
1315 2936 1451 3006 Nicola0,

188 3045 252 3102 filio
276 3043 419 3116 Bryslini,
443 3044 648 3101 concanonico
672 3051 701 3102 et
724 3045 807 3102 socio
826 3045 974 3117 ipsorum,
991 3059 1062 3100 cum
1079 3044 1217 3117 ipsorum
1239 3045 1454 3117 complicibus,

188 3151 334 3208 manibus
356 3151 498 3220 armatis,
523 3151 719 3224 potenciariis
743 3166 778 3207 ac
801 3151 954 3220 violentis
978 3151 1063 3207 clara
1087 3150 1163 3220 luce,
1185 3151 1265 3208 circa
1286 3149 1457 3220 meridiem,

190 3273 243 3330 per
267 3257 518 3314 commissionem
541 3257 613 3313 dicti
638 3257 776 3330 capituli,
798 3258 829 3314 in
852 3257 975 3314 civitate
1000 3263 1099 3313 vestre
1123 3257 1289 3314 maiestatis
1317 3257 1456 3329 ipsorum

192 3364 305 3421 civium
331 3363 535 3436 habitacionis
560 3363 634 3420 dicti
658 3365 771 3420 montis
795 3363 978 3420 Grechensis
994 3361 1154 3433 venienda,
1171 3377 1270 3435 prope
1293 3363 1457 3419 ecclesiam

191 3470 284 3527 sancti
316 3469 440 3526 Martini
474 3469 634 3526 irruissent
664 3475 693 3526 et
725 3468 803 3526 duos
838 3469 979 3542 ipsorum
1010 3468 1102 3538 cives,
1134 3467 1278 3525 videlicet
1310 3468 1457 3540 lwanum,

191 3576 291 3634 filium
314 3575 483 3648 Draginich
502 3569 545 3652 (et
561 3575 696 3645 Petrum,
715 3575 815 3632 filium
834 3567 1036 3650 Lourechich)
1053 3573 1129 3631 diris
1144 3579 1174 3630 et
1190 3574 1336 3631 letalibus
1356 3573 1458 3647 plagis

193 3683 345 3740 vlnerum
368 3681 399 3738 in
420 3681 548 3754 propria
572 3680 667 3737 domo
690 3682 830 3753 ipsorum
861 3681 1069 3750 wlnerassent,
1100 3681 1154 3737 ubi
1177 3679 1335 3754 predictus
1366 3680 1457 3750 lwan,

191 3788 273 3845 filius
296 3787 475 3860 Draginich‚
499 3788 644 3861 spiritum
668 3787 828 3858 exalasset,
853 3787 891 3844 de
915 3787 978 3844 alio
1002 3802 1076 3843 vero
1100 3786 1190 3843 Petro
1211 3785 1401 3843 Lourechich
1418 3785 1456 3842 de

191 3911 244 3952 sua
269 3895 332 3952 vita
356 3892 488 3950 dubium
512 3894 693 3962 haberetur;
718 3894 772 3950 lite
797 3901 898 3950 tamen
923 3891 1074 3966 pendente
1098 3893 1177 3950 inter
1193 3891 1347 3964 predictos
1371 3891 1453 3948 cives

190 4007 217 4058 et
240 3999 415 4074 capitulum
439 4004 643 4072 prenotatum.
669 4000 784 4057 Datum
807 3999 907 4070 Crisii,
932 3997 1009 4057 feria
1032 3999 1126 4056 tercia
1150 3999 1294 4073 proxima
1318 4005 1387 4055 ante
1410 3997 1453 4055 fe·

191 4113 273 4165 stum
297 4107 380 4164 beati
397 4107 523 4179 Georgii
547 4107 690 4164 martiris
716 4108 805 4165 Anno
829 4106 947 4165 domini
970 4106 1140 4164 millesimo
1164 4105 1364 4163 CCCLXXX.

279 4224 420 4291 Originale
441 4223 467 4273 in
487 4224 585 4282 charta,
604 4239 619 4273 a
639 4229 715 4290 tergo
736 4223 787 4274 tria
806 4229 865 4273 sunt
884 4223 1012 4288 impressa
1030 4222 1127 4288 sigilla.
1142 4221 1172 4272 ln
1185 4221 1255 4272 arch.
1269 4223 1348 4271 Acad.
1364 4221 1458 4272 Scient.

190 4315 259 4366 Slav.
281 4312 373 4364 merid.

785 4421 872 4489 297.

299 4529 376 4576 Anno
398 4527 471 4584 1380,
494 4534 531 4580 17.
551 4526 652 4592 aprilis.
673 4526 761 4576 Crisii.

194 4639 298 4694 Petrus
323 4636 426 4694 Zudar
447 4637 548 4706 botros,
567 4638 663 4695 comiti
675 4645 704 4694 et
716 4637 854 4694 tiodr'cibus
869 4638 1017 4694 comitatus
1038 4635 1197 4706 Crisaensis,
1212 4643 1245 4694 ut
1259 4632 1297 4694 dc
1319 4636 1461 4709 Gregorio

479 4743 621 4818 inquilino
647 4745 710 4802 neci
733 4744 826 4800 iteriito
848 4743 1007 4818 inquirant,
1026 4742 1175 4816 praecipit.

280 4869 389 4927 Petrus
421 4869 530 4940 Zudar,
562 4871 649 4943 regni
678 4870 840 4928 Sclauonie
863 4869 969 4927 banus.
994 4867 1161 4926 Nobilibus
1183 4868 1259 4926 viris
1282 4867 1387 4925 comiti
1411 4867 1463 4924 vel

197 4975 369 5034 vicecomiti
393 4981 424 5033 et
445 4975 598 5034 iudicibus
619 4977 772 5034 nobilium
795 4977 959 5034 comitatus
982 4975 1153 5047 crisyensis,
1170 4972 1371 5032 dileccionem
1391 4989 1463 5031 cum
