3728 5806
688 553 761 611 Doc.
779 568 847 630 334
884 587 920 596 -
946 553 1001 610 An.
1026 549 1118 631 1389.
1465 571 1523 629 311

270 753 353 810 mino
377 751 520 810 ladislao
544 751 582 808 de
604 753 738 810 Iosoncz
761 753 848 825 regni
871 751 1035 810 Sclauonie
1063 753 1153 822 bano,
1177 753 1309 810 salutem
1334 758 1363 809 et
1385 753 1529 825 graciam.

267 857 388 916 Fideles
415 859 497 915 cives
527 859 625 916 nostri
655 859 769 916 montis
799 857 961 916 Grecensis
992 865 1094 916 nostre
1126 858 1337 931 significarunt
1369 860 1529 932 maiestati,

267 963 424 1036 quomodo
455 965 642 1023 venerabilis
673 965 704 1022 in
735 963 859 1022 Christo
889 969 978 1038 pater
1010 963 1153 1022 dominus
1182 965 1337 1046 Johannes
1367 965 1530 1039 episcopus

266 1071 480 1143 zagrabiensis‚
505 1070 692 1144 quibusdam
714 1071 905 1128 novitatibus
921 1069 1102 1139 adinventis,
1127 1071 1202 1144 ipsis
1219 1070 1459 1128 ecclesiasticum
1474 1071 1531 1127 im-

267 1177 419 1248 posuisset
442 1176 648 1246 interdictum‚
673 1183 801 1250 propter
824 1176 907 1248 quod
932 1177 1070 1250 plurima
1092 1174 1200 1234 funera
1224 1176 1256 1233 in
1279 1176 1426 1233 domibus
1449 1177 1531 1249 ipso-

268 1297 336 1338 rum
372 1281 505 1339 iacerent
527 1281 664 1340 nondum
691 1282 850 1340 tumulata.
875 1283 1001 1352 Verum,
1032 1297 1105 1339 cum
1133 1282 1171 1340 de
1202 1282 1321 1340 iuribus
1344 1287 1374 1339 et
1398 1297 1531 1356 proven-

267 1387 351 1444 tibus
374 1387 456 1444 dicto
480 1388 626 1461 episcopo
650 1405 686 1445 ex
711 1393 799 1461 parte
828 1389 968 1462 ipsorum
999 1388 1116 1446 civium
1146 1388 1310 1461 provenire
1342 1387 1442 1445 solitis
1465 1389 1532 1462 ple·

269 1493 338 1550 nius
360 1495 506 1551 volumus
529 1493 700 1566 informari,
717 1493 901 1552 mandamus
917 1493 1060 1552 fidelitati
1076 1498 1179 1551 vestre
1194 1495 1389 1567 presentibus
1409 1495 1531 1564 seriose,

267 1605 417 1670 quatenus
440 1598 479 1656 de
502 1600 662 1673 premissis
685 1615 805 1658 meram
828 1599 1033 1672 experiamini
1055 1600 1227 1669 veritatem,
1247 1604 1447 1672 nostramque
1472 1600 1532 1657 cel-

266 1704 433 1762 situdinem
458 1721 513 1778 per
534 1711 653 1764 vestras
676 1706 794 1764 litteras
819 1705 901 1763 facto
934 1705 972 1762 de
998 1705 1109 1764 eodem
1131 1705 1265 1764 fideliter
1288 1704 1479 1775 informetis;
1502 1711 1532 1764 et

267 1809 352 1866 aliud
376 1826 437 1868 non
460 1811 578 1869 facturi.
602 1811 718 1869 Datum
742 1811 897 1882 Varadini,
921 1811 1076 1869 dominica
1091 1812 1235 1885 proxima
1254 1817 1323 1870 ante
1346 1811 1460 1869 festum
1476 1827 1533 1884 pu-

268 1915 453 1973 rificacionis
473 1917 603 1990 virginis
625 1917 770 1990 gloriose.
795 1919 884 1975 Anno
907 1917 1026 1974 domini
1049 1916 1275 1974 MCCCLXXX
1298 1932 1385 1975 nono.

357 2019 496 2116 Originale
515 2049 542 2101 in
561 2051 658 2110 charta,
678 2049 705 2101 in
724 2065 776 2114 qua
794 2067 949 2118 oppressum
967 2057 1005 2101 est
1024 2049 1147 2116 sigillum
1164 2049 1250 2101 minus
1274 2051 1353 2117 regis.
1381 2051 1411 2101 In
1432 2051 1531 2103 archiv.

267 2137 314 2187 lib.
333 2153 388 2204 reg.
409 2139 458 2188 civ.
477 2140 582 2205 zagrab.

858 2355 948 2421 334.

373 2495 449 2543 Anno
472 2495 546 2557 1389,
565 2504 607 2553 31.
625 2495 748 2560 januarii.
770 2495 906 2546 Varadini.

270 2618 470 2692 Sigr'smundus
497 2622 678 2695 Hungan'ae
706 2631 753 2681 etc.
784 2643 838 2681 rex
866 2624 1008 2682 Ladislao
1035 2625 1069 2681 dc
1098 2625 1237 2696 Losonclr,
1269 2627 1356 2698 regni
1376 2624 1535 2684 Slavoniae

268 2724 343 2781 bano
361 2727 511 2800 praecepit,
533 2735 567 2784 ut
587 2735 695 2785 centum
726 2747 840 2787 marcae
862 2749 882 2786 a
905 2730 1029 2803 capetulo
1051 2730 1167 2804 zagrab.
1190 2729 1299 2787 civibus
1328 2729 1536 2788 Greclrensibus

580 2841 640 2907 pro
655 2835 787 2909 expensis
809 2836 873 2910 regr'
887 2837 982 2910 sactis
1009 2837 1203 2893 exsolvantur.

1211 2969 1349 3014 Deliberaoio
1363 2970 1480 3014 baronum.

357 3084 574 3158 sigismundus
603 3087 653 3146 dei
683 3089 786 3160 gracia
809 3105 863 3146 rex
887 3087 1054 3160 Hungarie,
1078 3087 1247 3159 Dalmacie,
1272 3085 1399 3144 Croacie
1422 3092 1476 3144 etc.
1500 3103 1536 3144 ac

269 3192 409 3249 marchio
433 3193 750 3266 Brandemburgensis
773 3199 827 3251 etc.
851 3194 949 3251 Fideli
973 3209 1029 3251 suo
1053 3193 1219 3265 magnifico
1242 3193 1310 3250 viro
1333 3192 1460 3250 domino
1479 3194 1536 3250 La-

269 3297 369 3355 dislao
400 3298 439 3355 de
471 3299 627 3357 Lossonch
656 3301 744 3373 regni
774 3299 937 3358 Sclauonie
961 3300 1050 3371 ban0,
1074 3299 1207 3356 salutem
1230 3303 1260 3356 et
1282 3299 1428 3372 graciam.
1452 3300 1537 3358 Licet

269 3405 346 3461 alias
377 3405 561 3478 magnificus
591 3407 640 3464 vir
670 3406 814 3464 dominus
843 3408 928 3465 Alius
951 3405 1076 3481 pridem
1098 3399 1242 3464 similiter
1264 3406 1351 3478 regni
1374 3405 1537 3464 Sclauonie

271 3510 378 3581 banus,
408 3512 594 3570 honorabile
624 3513 795 3586 capitulum
825 3515 953 3571 ecclesie
983 3512 1191 3585 zagrabiensis
1217 3517 1248 3569 et
1270 3513 1336 3569 eius
1358 3512 1537 3584 iobagiones

269 3617 391 3674 racione
414 3633 621 3692 expensarum
644 3633 723 3676 anno
749 3619 917 3692 plusquam
940 3619 1088 3693 preterito
1112 3634 1168 3691 per
1190 3633 1246 3676 nos
1263 3623 1294 3676 et
1309 3618 1538 3675 serenissimam

270 3722 429 3782 dominam
460 3725 590 3782 Mariam
621 3725 761 3798 reginam
791 3725 956 3798 Hungarie‚
988 3729 1160 3782 consortem
1185 3731 1323 3781 nostram
1345 3724 1537 3781 carissimam

270 3829 301 3884 in
331 3827 483 3903 Zagrabia
513 3829 665 3889 laetarum
692 3832 868 3890 incentum
892 3831 1005 3888 marcis
1029 3829 1151 3887 duxerit
1173 3829 1350 3900 taxandum,
1375 3830 1538 3887 commise-

270 3935 379 4008 ritque‚
409 3942 445 3994 ut
475 3937 555 3994 dicte
587 3943 710 3995 centum
741 3953 844 3994 marce
876 3953 931 4010 per
958 3935 1076 3994 dictum
1100 3935 1272 4008 capitulum
1296 3934 1437 4008 providis
1461 3936 1538 3993 viris

270 4042 391 4098 civibus
423 4049 453 4100 et
485 4043 659 4116 hospitibus
690 4045 802 4101 nostris
834 4042 872 4099 de
903 4043 985 4100 dicta
1015 4043 1174 4114 Zagrabia,
1203 4041 1257 4114 qui
1281 4041 1363 4114 ipsas
1388 4057 1538 4115 expensas

271 4163 329 4220 pro
351 4156 456 4206 nostra
478 4155 508 4206 et
532 4148 612 4206 dicte
636 4149 761 4207 domine
785 4150 880 4207 Mario
906 4149 1117 4206 maiestatibus
1140 4148 1275 4222 propriis
1294 4162 1403 4204 eorum
1432 4163 1538 4221 sump-

271 4254 353 4312 tibus
385 4253 492 4312 fecisse
523 4255 732 4326 dinoscuntur,
764 4255 831 4314 dari
863 4255 1020 4312 debuisset
1050 4261 1080 4311 et
1110 4253 1256 4328 persolvi,
1289 4253 1442 4326 vobisque
1466 4253 1539 4311 aliis

271 4361 382 4418 litteris
406 4361 518 4418 nostris
542 4363 732 4420 commisisse
756 4363 930 4432 recolimus,
955 4367 988 4419 ut
1012 4361 1138 4418 eosdem
1161 4359 1345 4418 honorabile
1366 4359 1539 4433 capitulum

272 4467 310 4524 ad
342 4468 571 4525 restitucionem
603 4467 755 4525 dictarum
789 4475 912 4526 centum
947 4482 1123 4525 marcarum
1154 4465 1244 4523 dictis
1274 4465 1387 4523 nostris
1418 4465 1540 4522 civibus

273 4571 445 4631 faciendam
477 4575 667 4646 compellere
698 4573 860 4631 deberetis.
892 4574 1008 4631 Tamen
1040 4589 1119 4631 nunc
1143 4573 1255 4629 iterum
1279 4577 1383 4630 nostre
1407 4570 1540 4628 refertur

272 4680 432 4750 maiestati,
457 4679 614 4752 quomodo
638 4696 694 4737 vos
718 4681 864 4738 hactenus
887 4681 958 4738 aliis
980 4679 1115 4751 negociis
1136 4677 1315 4751 prepeditus
1332 4677 1372 4734 ad
1389 4677 1538 4750 premissa

273 4785 429 4843 intendere
461 4802 522 4843 non
556 4787 738 4856 valuissetis,
770 4787 797 4844 si
827 4786 910 4858 quod
938 4786 1091 4842 dictarum
1115 4785 1317 4858 pecuniarum
1340 4783 1459 4841 solucio
1484 4798 1541 4856 per

273 4891 371 4950 dictos
402 4893 545 4951 dominos
575 4893 747 4966 capitulum
779 4899 808 4950 et
832 4907 903 4948 suos
926 4892 1104 4964 iobagiones
1125 4889 1227 4948 adhuc
1251 4895 1333 4948 extet
1356 4894 1540 4963 prorogata;

273 5015 405 5073 cumque
428 5015 488 5058 non
517 5000 651 5058 velimus
681 4998 778 5056 dictos
809 4999 892 5056 cives
915 4979 1036 5055 hostros
1060 4998 1091 5055 in
1116 4996 1295 5054 memoratis
1317 4996 1459 5069 expensis
1482 5009 1541 5069 pro
