3600 5804
520 574 593 632 Doc.
612 587 665 653 54.
693 606 730 614 -
753 573 809 632 An.
833 584 920 651 1272.

713 767 776 833 54.

226 823 269 870 Aa.
288 827 362 876 1272,
383 828 423 875 27.
443 819 515 875 maii,

135 944 278 1020 Stephanae
299 948 329 1004 V.
346 948 523 1022 Hungorioe
538 955 586 1005 etc.
602 967 665 1018 rex,
680 948 884 1023 fundationem
906 947 1006 1005 Butae
1028 947 1159 1004 cononici
1176 947 1301 1004 cantoris
1316 946 1377 1003 eccl.

134 1054 234 1126 togrob.
244 1053 366 1111 demisso
377 1054 500 1128 quottidie
511 1073 619 1112 summo
630 1073 713 1111 neone
725 1055 757 1112 in
768 1055 901 1111 honorem
909 1054 933 1111 b.
945 1071 971 1112 o.
981 1053 1026 1110 M.
1034 1052 1212 1122 celebranda,
1220 1053 1378 1128 confirmat.

210 1197 375 1272 Stephanus
399 1199 448 1256 dei
479 1200 583 1272 gracia
613 1199 779 1272 Hungarie,
810 1199 980 1270 Dalmacie,
1012 1199 1147 1270 Croacie,
1180 1199 1286 1270 Rame,
1311 1197 1379 1256 Ser-

135 1303 184 1374 uie,
204 1302 336 1378 Gallicie,
359 1305 552 1376 Lodomerie‚
576 1304 735 1377 Cumanie,
759 1305 965 1378 Bulgarieque
993 1322 1056 1363 rex.
1088 1283 1254 1363 Omnibus*
1264 1304 1379 1362 Christi

135 1408 264 1467 fidelibus
284 1417 442 1485 presentes
464 1412 584 1470 litteras
606 1413 790 1486 inspecturis
821 1413 954 1470 salutem
984 1413 1015 1470 in
1046 1412 1187 1469 omnium
1217 1411 1379 1468 salvatore.

136 1514 177 1572 td
196 1517 404 1576 universorum
435 1519 581 1576 noticiam
612 1521 723 1577 harum
754 1520 832 1576 serie
862 1519 1009 1576 volumus
1039 1519 1211 1594 pervenire,
1235 1517 1319 1590 quod
1335 1516 1381 1574 di·

135 1627 236 1680 scretus
257 1624 304 1681 vir
326 1625 473 1697 magister
488 1624 577 1698 Buza,
601 1625 759 1699 quondam
782 1631 890 1685 cantor
912 1625 1119 1698 zagrabiensis
1141 1624 1277 1696 ecclesie,
1300 1625 1381 1682 bone

135 1728 275 1801 memorie,
298 1729 373 1787 dum
397 1731 497 1789 adhuc
520 1733 639 1790 viveret
662 1733 693 1790 in
716 1733 798 1790 bona
828 1731 1005 1790 valetudine
1035 1732 1226 1803 constitutus,
1251 1745 1380 1804 compos

135 1835 182 1906 sui,
202 1836 298 1894 zelum
322 1837 499 1896 devocionis
522 1839 627 1898 divine
650 1846 680 1898 et
704 1841 793 1898 beate
817 1841 914 1898 Marie
937 1838 1066 1911 virginis
1089 1839 1216 1896 titulum
1239 1845 1269 1897 et
1286 1839 1382 1896 hono·

136 1954 191 1996 rem
209 1956 263 2014 pre
284 1944 381 2000 oculis
404 1943 574 2016 retinend0,
593 1945 789 2004 considerans
806 1944 881 2019 quid
896 1945 1019 2018 gracius
1035 1944 1109 2018 quid
1126 1945 1285 2018 accepcius
1301 1946 1382 2003 intra

134 2047 255 2105 humane
275 2051 430 2108 servitutis
453 2051 603 2125 obsequia
625 2052 752 2111 domino
775 2058 880 2127 posset
903 2052 1018 2122 offerri,
1051 2051 1130 2110 hanc
1152 2051 1312 2124 pociorem
1335 2067 1382 2110 sa-

134 2153 195 2210 lutis
215 2154 398 2213 medicinam
422 2155 523 2230 elegit,
546 2173 603 2232 per
626 2173 721 2230 quam
743 2157 827 2214 salus
850 2158 991 2215 omnium
1014 2157 1167 2229 aquiritur
1198 2157 1382 2228 animarum,

136 2265 165 2316 ut
183 2261 305 2333 singulis
327 2261 438 2320 diebus
461 2263 493 2320 in
522 2265 639 2322 honore
668 2265 757 2322 beate
791 2264 929 2336 virginis,
960 2264 1041 2321 circa
1072 2265 1290 2338 crepusculum
1314 2264 1383 2334 diei,

137 2367 162 2422 in
182 2367 324 2425 katedrali
345 2369 476 2427 ecclesia
498 2371 698 2442 zagrabiensi,
716 2385 781 2445 ,pro
804 2371 961 2428 communi
986 2370 1120 2428 utilitate
1147 2371 1286 2428 omniurn
1309 2370 1384 2428 fide·

137 2470 203 2530 lium
224 2476 466 2533 commeancium
490 2481 519 2533 et
542 2476 766 2548 laborancium,
789 2477 884 2534 missa
906 2475 1112 2534 indesinenter
1139 2477 1251 2535 debeat
1274 2477 1383 2535 decan-

137 2579 193 2650 tari,
214 2581 288 2638 sicut
309 2582 408 2639 eciam
432 2582 570 2640 eiusdem
593 2583 687 2640 misse
710 2583 800 2640 beate
822 2583 952 2654 virginis
976 2583 1006 2639 in
1028 2581 1138 2640 eadem
1162 2583 1292 2640 ecclesia
1315 2559 1396 2640 ante

138 2683 252 2744 celebris
266 2687 446 2759 habebatur,
459 2687 499 2746 ad
515 2689 574 2746 hoc
589 2688 794 2746 ministerium
811 2687 1018 2745 exercendum
1034 2687 1156 2745 duobus
1174 2687 1386 2746 sacerdotibus

138 2790 273 2850 institutis,
296 2793 333 2851 Et
356 2795 505 2868 quoniam
521 2795 574 2868 qui
588 2795 680 2852 altari
695 2795 799 2864 servit,
816 2793 908 2851 debet
924 2795 1030 2851 vivere
1050 2793 1089 2851 de
1104 2794 1204 2865 altari,
1220 2794 1251 2851 in
1269 2799 1386 2851 susten-

139 2897 272 2957 tacionem
292 2901 474 2959 eorumdem
489 2901 684 2960 sacerdotum
703 2900 786 2959 idem
802 2901 949 2974 magister
964 2899 1045 2957 Buza
1061 2901 1141 2959 inter
1156 2901 1247 2958 vivos
1262 2900 1372 2958 ordina

139 3002 183 3074 vit,
202 3005 281 3064 dedit
296 3013 326 3064 et
341 3008 472 3066 contulit
485 3009 516 3066 in
533 3014 718 3083 perpetuum
737 3007 923 3066 beneficium
947 3006 1086 3065 eiusdem
1102 3007 1203 3077 misse,
1227 3006 1386 3080 quoddam

139 3109 274 3185 predium,
295 3114 333 3172 ad
357 3113 461 3172 Otbok
483 3116 629 3186 vicinum,
653 3131 724 3172 cum
756 3115 900 3172 omnibus
928 3113 1124 3188 pertinenciis
1147 3117 1177 3170 et
1200 3113 1386 3170 utilitatibus

140 3216 259 3276 eiusdem
275 3236 374 3294 prope
390 3219 522 3278 fluvium
538 3220 635 3280 Sawa.
649 3222 788 3279 Contulit
804 3221 901 3278 eciam
920 3220 997 3278 duos
1014 3234 1120 3278 servos
1133 3217 1254 3276 Budulo
1271 3219 1387 3277 scilicet

141 3327 164 3378 et
182 3323 277 3384 Ochuz
293 3343 365 3384 cum
388 3333 487 3385 matre
510 3328 700 3386 eorumdem.
724 3328 800 3386 item
825 3343 918 3385 unam
942 3328 1065 3384 veniam
1089 3325 1180 3382 sitam
1196 3325 1227 3382 in
1244 3325 1388 3408 Jelseuch

141 3426 207 3486 intra
217 3433 404 3490 territorium
419 3434 546 3508 capituli
562 3435 776 3508 zagrabiensis.
790 3433 835 3491 Ne
850 3449 925 3492 vero
939 3431 1126 3507 procedente
1137 3439 1278 3505 tempore
1294 3449 1388 3491 ame-

141 3539 225 3594 moria
246 3538 367 3597 decidat
389 3545 419 3597 et
442 3541 566 3598 labatur
586 3540 670 3614 quod
691 3541 743 3614 pia
759 3540 954 3598 ordinacione
971 3539 1109 3598 eiusdem
1130 3541 1271 3612 magistri
1287 3540 1387 3598 Busan

141 3645 257 3702 cantoris
273 3645 373 3704 fuerat
389 3648 570 3718 institutum.
584 3647 623 3704 ad
639 3649 826 3721 peticionem
844 3647 986 3706 fidelium
1002 3651 1179 3704 nostrorum
1195 3647 1324 3720 capituli
1339 3663 1387 3704 za·

142 3750 302 3824 trebiensis,
318 3754 531 3825 collacionem,
548 3753 749 3812 donacionem
766 3759 796 3812 et
811 3754 1041 3812 ordinacionem
1057 3753 1235 3810 huiusmodi
1250 3769 1287 3810 ex
1304 3761 1386 3812 certa

142 3855 254 3916 sciencia
273 3859 458 3918 authoritate
481 3859 627 3918 duximus
650 3861 736 3933 regia
758 3858 1012 3918 confirmandam.
1035 3859 1070 3916 In
1092 3861 1178 3916 cuius
1201 3859 1246 3916 rei
1269 3875 1387 3917 memo·

143 3962 208 4020 riam
221 3972 377 4039 presentes
393 3968 598 4025 concessimus
614 3967 719 4026 literas
735 3967 869 4041 duplicis
884 3967 982 4039 sigilli
997 3967 1093 4023 nostri
1109 3965 1280 4023 munimine
1295 3966 1388 4023 robo-

143 4075 217 4128 ratas.
239 4072 352 4130 Datum
377 4089 433 4148 per
449 4089 559 4132 manus
582 4075 724 4147 magistri
752 4073 915 4145 Benedicti,
940 4073 1090 4146 prepositi
1114 4071 1293 4143 orodiensis,
1317 4072 1388 4130 aule

144 4180 230 4234 nostre
244 4179 496 4253 vicecancellarii,
520 4179 626 4238 dilecti
649 4187 679 4238 et
700 4179 804 4238 fidelis
827 4179 931 4236 nostri.
961 4179 1050 4236 Anno
1078 4178 1196 4236 domini
1220 4177 1388 4235 MCCan

144 4280 268 4358 secundo,
296 4285 465 4344 indiccione
487 4285 554 4359 XV,
578 4294 664 4346 sexto
680 4286 828 4346 kalendas
843 4285 934 4368 Junii.
957 4285 1057 4358 Regni
1077 4291 1180 4343 autern
1196 4286 1293 4342 nostri
1308 4299 1388 4342 anno

144 4390 231 4448 tercio.
242 4391 480 4450 Venerabilibus
503 4394 645 4467 patribus
668 4393 815 4467 Philippo
831 4391 1034 4464 strigoniensi,
1051 4390 1206 4466 Stephano
1228 4385 1387 4461 colocensi,

146 4494 203 4551 aule
225 4505 325 4556 nostre
347 4500 532 4557 cancellario
555 4505 585 4557 et
606 4499 724 4582 Joanne
752 4499 920 4574 spalatensi
942 4497 1198 4572 archiepiscopis;
1222 4497 1389 4572 Lamperto

146 4601 268 4673 wiensi,
281 4604 342 4687 Job
359 4605 662 4678 quinquecclesiensi,
686 4605 803 4662 Briccio
834 4604 1037 4676 chenadiensi‚
1067 4603 1214 4676 Philippo
1237 4603 1389 4674 vaciensi,

147 4707 204 4764 aule
217 4708 335 4768 domine
356 4713 461 4784 regine
484 4711 676 4783 cancellario,
700 4711 791 4769 Petro
818 4710 1042 4784 vesprimiensi,
1066 4708 1261 4781 Thymotheo
1285 4725 1390 4782 ragra-

148 4810 237 4886 biensi,
266 4817 451 4876 Lodomerio
480 4818 662 4890 varadiensi‚
686 4817 826 4875 Dionisio
847 4814 992 4892 jauriensi
1023 4822 1053 4873 et
1084 4815 1176 4873 Petro
1199 4816 1390 4874 transilvano

148 4921 289 4998 episcopis,
312 4925 456 4983 ecclesias
480 4924 530 4982 dei
556 4924 686 4983 feliciter
708 4924 959 4997 gubernantibus.
984 4924 1072 4995 Moys
1095 4921 1254 4996 pallatino,
1278 4923 1390 4980 comite

149 5033 330 5106 supruniensi,
346 5031 447 5090 iudice
462 5030 682 5104 Cumanorum,
700 5031 828 5089 Nicolao
844 5029 944 5088 iudice
960 5030 1052 5102 curie,
1067 5031 1181 5087 comite
1197 5029 1390 5103 symegiensi,
