3728 5806
396 491 456 568 248
823 492 897 550 Doc.
920 501 991 567 259.
1015 522 1053 533 -
1078 489 1247 566 An.1375.

394 685 507 751 gistrum
526 701 606 750 super
625 683 737 735 iniurias
762 690 787 734 et
814 683 931 749 plurima
954 681 1024 733 iacta
1048 683 1124 740 mala,
1151 697 1203 746 que
1229 697 1276 746 per
1299 680 1420 731 dominos
1441 680 1552 746 capituli
1570 695 1652 746 ragra-

394 773 494 824 biensis
513 773 622 824 ecclesie
641 779 700 823 sunt
720 773 795 822 illata
815 780 840 821 et
859 777 1012 837 perpetrata
1031 787 1110 836 super
1130 770 1200 820 cives
1220 769 1336 820 civitatis
1356 769 1452 818 montis
1471 767 1605 818 Greeensis
1622 770 1653 817 de

363 913 364 916 ,
396 861 473 912 iuxta
492 861 675 926 Zagrabiam.“
697 860 784 910 Huius
803 859 953 909 documenti
974 875 1054 909 unum
1074 875 1122 924 par
1142 867 1312 908 conservatur
1333 857 1359 906 in
1379 857 1488 906 archivo
1509 872 1563 905 ven.
1582 856 1653 920 capit

395 949 581 1015 zagrabiensis,
600 951 657 998 Act.
676 949 740 1014 Cap.
765 951 825 998 Ant,
852 947 913 997 iasc.
937 958 974 996 10.
994 964 1032 998 nr.
1056 956 1100 1008 14;
1120 946 1193 996 aliud
1214 945 1323 996 veroin
1343 945 1420 1010 copia
1438 945 1554 1010 simplici
1574 945 1598 994 in
1616 959 1652 992 ar·

396 1036 474 1088 chivo
492 1035 552 1087 incl.
567 1037 725 1087 Academiae
745 1037 839 1088 Scient.
859 1037 961 1088 Slavor.
984 1034 1149 1086 meridional.
1169 1032 1323 1099 Zagrabiae.

983 1285 1069 1352 259.

503 1446 580 1494 Anno
601 1453 676 1504 1375,
695 1457 718 1496 2.
738 1445 893 1496 decembris.
912 1443 1067 1511 Zagrabiae.

430 1573 533 1630 Amt'ca
548 1575 708 1648 compositio
723 1593 819 1632 coram
835 1575 1008 1648 magistratu
1023 1575 1149 1632 civitatis
1167 1573 1339 1631 Grcchensis
1349 1573 1529 1650 Johonnem,
1536 1573 1631 1646 filicem

548 1679 691 1754 Stephani
709 1681 798 1751 Boio,
822 1683 899 1738 sotter
920 1700 954 1739 ac
977 1679 1103 1739 vt'llicum
1126 1688 1155 1738 ct
1174 1681 1336 1754 iobogtones
1358 1681 1391 1736 de
1414 1680 1529 1736 Blr'zno.

487 1840 550 1899 Nos
574 1842 743 1914 MicussiuS,
768 1843 852 1900 filius
875 1843 958 1913 luan,
982 1841 1083 1913 iudex,
1108 1843 1283 1914 Dyonisius,
1307 1842 1493 1908 Demetrius,
1519 1841 1656 1910 Thomas,

399 1946 553 2018 Nicolaus,
580 1947 696 2020 Petrus
728 1949 909 2020 AnthoniuS,
935 1949 1023 2006 Chun
1047 1955 1078 2004 et
1103 1948 1274 2005 Damianus
1302 1947 1401 2016 iurati,
1433 1947 1599 2004 consiliarii
1630 1953 1658 2002 et

398 2054 533 2111 universi
558 2055 641 2112 cives
658 2055 771 2113 montis
788 2054 958 2112 Grecensis.
976 2053 1124 2112 Memorie
1141 2053 1396 2110 commendamus
1421 2069 1477 2126 per
1497 2059 1657 2126 presentes,

399 2158 483 2232 quod
505 2159 669 2242 Johannes,
700 2161 785 2218 filius
816 2160 972 2234 Stephani,
1005 2160 1077 2218 dicti
1110 2159 1198 2229 Bozo,
1228 2158 1361 2216 condam
1392 2158 1493 2229 iudex,
1524 2174 1600 2215 onus
1632 2167 1659 2214 et

398 2265 581 2337 gravamina
604 2265 694 2336 Petri,
711 2267 855 2338 Ladislai,
878 2267 997 2324 Thome
1016 2267 1094 2324 Pech
1118 2272 1147 2323 et
1168 2266 1295 2334 Nicolai‚
1312 2265 1370 2322 filii
1388 2265 1484 2335 Pauli,
1502 2279 1660 2322 servorum

399 2386 452 2428 seu
475 2372 737 2430 mercenariorum
754 2388 881 2430 suorum
897 2389 991 2446 super
1006 2390 1039 2430 se
1054 2387 1248 2430 assummens
1271 2373 1312 2428 ab
1331 2387 1401 2442 una,
1430 2376 1518 2446 parte
1534 2386 1608 2428 vero
1623 2372 1660 2427 ab

399 2476 461 2534 alia
485 2477 635 2550 providus
659 2479 708 2535 vir
731 2478 867 2535 Thomas
890 2479 1015 2536 villicus
1039 2478 1077 2536 de
1101 2479 1294 2552 possessione
1319 2478 1432 2549 Blizna,
1453 2478 1592 2536 omnium
1609 2478 1661 2534 ali·

400 2599 490 2641 orum
513 2583 667 2640 ruralium
690 2599 744 2640 seu
767 2584 967 2656 iobagionum
984 2585 1099 2658 egregii
1114 2584 1271 2667 Johannis,
1289 2584 1346 2642 filii
1369 2584 1465 2654 Pauli,
1490 2585 1541 2656 pie
1565 2598 1660 2640 recor·

400 2689 537 2747 dacionis
560 2689 618 2746 filii
643 2688 800 2762 magnifici
823 2687 936 2764 Stepan
961 2689 999 2747 de
1023 2689 1162 2762 Starchy,
1194 2689 1352 2762 quondam
1378 2690 1448 2747 bani
1472 2690 1559 2762 regni
1582 2689 1661 2747 Scla-

399 2795 498 2865 uonie,
522 2796 670 2869 personis,
687 2795 726 2852 ad
744 2801 881 2853 nostram
897 2796 1053 2854 venientes
1068 2797 1260 2870 presenciam
1284 2795 1415 2854 confessi
1438 2802 1509 2853 sunt
1534 2797 1564 2853 in
1587 2797 1663 2854 hunc

401 2900 545 2963 modum:
570 2900 654 2974 quod
678 2901 750 2958 licet
773 2901 924 2975 providus
947 2903 996 2959 vir·
1019 2903 1176 2975 predictus
1208 2903 1353 2974 ThomaS,
1376 2902 1501 2960 villicus
1523 2903 1562 2960 de
1585 2903 1663 2960 dicta

400 3007 514 3080 Blizna,
538 3007 659 3082 prefato
681 3008 822 3090 Johanni,
847 3009 914 3066 filio
927 3007 1083 3082 Stephani,
1101 3009 1179 3067 Bozo
1196 3009 1289 3078 dicto,
1306 3008 1440 3081 quedam
1462 3008 1569 3066 senilia
1586 3011 1663 3083 ipso-

401 3130 471 3172 rum
495 3114 647 3172 ruralium
671 3115 701 3172 in
733 3120 837 3173 monte
860 3115 997 3173 Warhen
1028 3116 1192 3173 existencia
1215 3159 1373 3173 ......
1397 3115 1582 3172 eorumdem
1610 3131 1664 3189 pro

401 3227 483 3279 certa
511 3235 633 3279 summa
649 3221 804 3294 pecuniali
820 3238 877 3295 pro
894 3223 1073 3294 recepcione
1089 3217 1164 3299 (leni
1180 3215 1245 3299 seu)
1261 3223 1431 3279 herbarum
1447 3221 1485 3278 de
1501 3222 1614 3279 eodem
1628 3222 1664 3279 ad

403 3343 499 3385 unum
523 3343 637 3384 annum
661 3344 714 3384 seu
738 3327 922 3386 falcaturam
944 3327 1155 3397 arrendasset;
1179 3333 1283 3385 tamen
1307 3329 1380 3400 quia
1403 3327 1487 3384 idem
1503 3302 1664 3410 Johannes,

401 3433 486 3492 filius
508 3432 665 3508 Stephani,
689 3434 762 3491 dicti
787 3434 874 3506 Bozo,
906 3435 1003 3492 dictas
1036 3436 1180 3507 pecunias
1211 3450 1269 3508 pro
1300 3436 1414 3508 quibus
1446 3435 1549 3508 ipsum
1577 3435 1665 3493 fenile

402 3535 521 3618 (utique
544 3531 758 3617 arrendasset)‚
784 3557 855 3598 cum
879 3542 910 3598 in
934 3541 1066 3598 termino
1090 3541 1279 3598 solucionem
1295 3539 1406 3614 prefixi
1431 3540 1561 3597 minime
1584 3541 1664 3598 exol-

402 3661 475 3703 vere
496 3647 624 3717 curavit,
647 3645 793 3718 idemque
816 3646 951 3703 Thomas
973 3645 1107 3716 villicus,
1130 3662 1202 3703 cum
1225 3646 1263 3703 ad
1288 3645 1467 3704 falcandum
1493 3645 1599 3704 senilia
1614 3663 1664 3704 seu

402 3755 491 3824 prata
514 3750 655 3824 predicta
679 3752 837 3809 transisset
860 3752 959 3809 dictus
978 3752 1134 3834 johannes
1159 3751 1246 3822 Bozo,
1262 3744 1429 3829 (adunaltis
1451 3753 1513 3809 sibi
1537 3753 1663 3826 compli-

403 3857 490 3914 cibus
513 3857 544 3914 in
568 3855 688 3915 dictum
710 3858 853 3916 villicum
876 3863 907 3914 et
929 3873 1036 3914 servos
1059 3858 1187 3930 irruens,
1210 3863 1308 3915 certas
1324 3858 1526 3915 menbrorum
1549 3859 1664 3916 fecisset

403 3963 632 4034 wlneraciones,
667 3963 791 4021 tandem
826 3980 864 4021 ex
898 3963 1077 4021 induccione
1107 3964 1281 4038 proborum
1312 3964 1453 4021 virorum
1483 3981 1578 4038 super
1608 3965 1663 4022 hiis

403 4069 549 4126 omnibus
573 4068 668 4126 talem
691 4069 771 4126 inter
793 4085 859 4127 sese
882 4068 1020 4127 lecerunt
1045 4070 1199 4142 unionem,
1228 4069 1311 4142 quod
1342 4069 1488 4128 videlicet
1511 4070 1594 4128 idem
1615 4072 1663 4154 Jo-

404 4175 520 4232 hannes
543 4174 622 4233 Bozo
645 4174 774 4248 prefatis
796 4177 840 4234 sic
863 4176 1021 4234 wineratis
1044 4192 1098 4233 seu
1119 4177 1290 4234 verberatis
1313 4180 1375 4234 tres
1398 4177 1531 4234 florenos
1555 4178 1620 4235 auri
1635 4177 1664 4234 in

404 4281 482 4338 festo
514 4281 596 4339 beati
619 4281 738 4339 Thome
761 4283 895 4356 apostoli
917 4299 998 4340 nunc
1022 4287 1188 4340 venturum
1220 4283 1398 4356 persolvere
1426 4289 1575 4354 teneatur,
1601 4284 1664 4357 ipse

403 4387 539 4444 Thomas
550 4387 676 4445 villicus
692 4393 722 4445 et
736 4388 790 4445 alii
804 4388 924 4446 rurales
939 4389 1057 4446 scilicet
1072 4389 1252 4462 iobagiones
1264 4387 1396 4462 predicti
1406 4389 1555 4472 Johannis
1569 4389 1663 4460 Pauli,

404 4491 463 4551 filii
485 4491 642 4567 Stephani,
665 4493 727 4551 iam
750 4508 823 4567 sepe
845 4494 1003 4564 nominati,
1023 4495 1097 4568 ipsis
1119 4495 1291 4568 prehabitis
1314 4494 1444 4565 florenis
1468 4494 1601 4552 eundern
1615 4496 1664 4578 Jo-

405 4601 538 4658 hannem
560 4599 649 4673 Bozo,
673 4599 727 4672 qui
750 4615 822 4657 eum
844 4599 1026 4674 expeditum
1057 4606 1086 4658 et
1117 4617 1174 4674 per
1203 4601 1309 4658 omnia
1335 4602 1516 4658 absolutum
1539 4601 1665 4658 reddere

405 4705 564 4764 debebunt
585 4706 655 4779 ipso
678 4705 760 4764 facto
783 4706 838 4763 tali
861 4706 986 4764 vinculo
1010 4705 1173 4778 mediante,
1194 4707 1279 4781 quod
1294 4707 1320 4764 si
1336 4707 1390 4780 qui
1405 4707 1546 4780 parcium
1568 4709 1665 4781 ipsam

405 4828 530 4871 causam
562 4813 674 4885 quovis
708 4812 802 4870 modo
836 4813 867 4870 in
900 4817 1061 4886 posterum
1089 4813 1222 4871 excitare
1248 4829 1303 4871 seu
1328 4814 1476 4871 innovare
1506 4829 1665 4888 presump

407 4917 481 4976 serit
503 4918 534 4976 in
560 4917 827 4992 vigintiquinque
850 4916 973 4976 florenis
996 4921 1064 4978 auri
1086 4921 1159 4993 puri
1181 4919 1367 4993 vngaricalis
1394 4921 1617 4978 convincuntur
1638 4926 1666 4977 et
