3728 5806
640 564 713 622 Doc.
738 561 813 622 266.
841 597 877 606 -
904 565 961 623 An.
983 576 1069 642 1377.
1421 583 1480 638 257

214 763 299 820 viam
322 778 528 822 communem.
551 763 585 820 ln
608 764 759 836 premisse
783 779 858 822 vero
881 765 1119 838 composicionis
1142 769 1172 822 et
1194 764 1400 822 ordinacionis
1428 764 1482 822 fir·

212 869 353 926 mitatem
375 875 405 926 et
428 871 613 927 memoriam
635 874 828 943 perpetuam,
851 871 994 943 sigillum
1016 871 1114 928 nostri
1136 875 1305 928 conventus
1333 869 1480 928 duximus

212 975 409 1049 presentibus
432 975 660 1049 apponendum.
691 975 810 1034 Datum
839 976 991 1048 vigesima
1022 976 1128 1048 quinta
1152 975 1201 1033 die
1225 977 1339 1034 mensis
1364 977 1480 1050 aprilis.

211 1083 302 1138 Anno
326 1080 446 1138 domini
469 1081 640 1138 millesimo
663 1081 827 1138 CCCLXX
850 1082 991 1156 septimo.

299 1201 321 1249 E
340 1204 505 1265 transumpto
523 1199 693 1266 magistratus
715 1200 831 1250 civitatis
851 1200 1007 1250 Grechensis
1026 1200 1211 1266 zagrabiensis,
1231 1215 1298 1250 anuo
1322 1201 1398 1258 1378.

799 1433 888 1500 266.

315 1559 393 1608 Anno
415 1565 487 1616 1377.
511 1566 550 1614 25.
572 1555 674 1622 aprilis.
694 1556 847 1622 Zagrabiae.

207 1685 260 1740 Fr.
283 1693 436 1742 conventus
458 1705 479 1742 s.
505 1686 627 1742 Mcolai
647 1685 706 1741 ord.
730 1685 968 1742 Praedr'catomm
991 1685 1097 1754 Lucae,
1111 1687 1181 1760 filio
1203 1685 1342 1754 Radanti,
1362 1686 1476 1742 vinemn

586 1791 641 1850 sub
662 1792 745 1848 certis
766 1791 971 1849 conditionibus
994 1793 1094 1850 locant.

298 1936 361 1994 Nos
384 1935 495 1994 fratres
519 1941 687 1993 conventus
710 1937 806 1992 sancti
830 1935 949 1994 Nicolai
965 1936 1004 1993 de
1019 1936 1179 2008 Zagrabia,
1199 1935 1316 1994 ordinis
1340 1935 1475 1993 fratrum

206 2043 450 2108 Predicatorum,
474 2041 635 2099 videlicet:
660 2041 755 2098 frater
785 2041 948 2124 Johannes,
980 2043 1075 2116 prior,
1106 2041 1202 2099 frater
1234 2042 1350 2111 Petrus,
1382 2040 1477 2099 frater

206 2149 399 2218 Dominicus,
423 2147 518 2205 irater
542 2147 681 2205 Andreas
704 2153 733 2204 et
757 2147 852 2205 irater
875 2149 1028 2206 Fabianus
1052 2164 1088 2205 ac
1111 2149 1204 2205 ceteri
1228 2147 1348 2204 fratres.
1376 2146 1475 2220 Signi·

206 2253 338 2310 ficamus
362 2255 476 2327 quibus
500 2253 624 2328 expedit
648 2255 800 2310 universis
829 2255 1022 2326 presencium
1054 2269 1110 2328 per
1142 2260 1289 2322 tenorem,
1314 2253 1397 2326 quod
1421 2268 1476 2310 nos

197 2377 301 2418 -uuam
324 2361 449 2418 vineam
472 2377 530 2434 per
552 2360 684 2430 Kusech,
708 2359 813 2417 fratris
835 2358 927 2433 Span,
951 2359 1028 2417 civis
1051 2359 1089 2416 de
1121 2364 1225 2416 monte
1249 2358 1359 2430 Grech‚
1386 2363 1475 2416 testa·

206 2468 350 2524 mentarii
372 2467 447 2524 iun's
472 2468 561 2524 titulo
584 2467 624 2523 ad
648 2467 801 2523 claustum
820 2464 976 2540 prefatum
997 2465 1134 2538 legitime
1151 2464 1333 2522 devolutam
1351 2471 1381 2521 et
1396 2463 1475 2521 iudi·

206 2574 326 2631 cialiter
340 2575 506 2632 obtentam
531 2575 561 2630 in
584 2573 739 2630 territorio
762 2572 863 2630 Grecb
888 2573 1077 2640 existentem,
1102 2587 1174 2627 cum
1195 2571 1340 2627 omnibus
1356 2570 1475 2627 iuribus

205 2689 236 2736 et
258 2680 444 2737 utilitatibus
467 2681 530 2736 suis
553 2681 641 2740 Luce.
662 2677 730 2736 filio
746 2677 887 2748 Radanti,
903 2678 964 2734 civi
980 2675 1118 2750 predicte
1133 2677 1267 2733 civitatis
1283 2680 1313 2732 et
1330 2691 1386 2750 per
1401 2691 1473 2732 eum

204 2787 267 2844 suis
288 2787 464 2856 heredibus,
487 2785 699 2858 heredumque
730 2799 858 2842 suorum
889 2783 1119 2840 successoribus
1147 2781 1289 2839 dedimus
1313 2782 1380 2839 iure
1403 2799 1473 2856 per-

204 2903 298 2966 petuo
321 2892 551 2966 possidendam,
580 2892 743 2949 tenendam
775 2898 805 2947 et
835 2889 1011 2947 habendam
1042 2889 1091 2945 vel
1124 2889 1308 2960 cuicumque
1339 2889 1473 2946 voluerit

204 2999 429 3072 disponendam
453 3000 539 3055 iuxta
562 2997 817 3054 consvetudinem
840 3001 869 3053 et
893 2995 1105 3053 condicionem
1129 2995 1209 3052 dicte
1230 2995 1364 3052 civitatis
1380 3009 1470 3068 apro-

205 3106 317 3176 batam,
350 3107 392 3163 ita
414 3111 525 3176 tamen,
550 3105 633 3177 quod
658 3105 814 3178 predictus
838 3103 936 3159 Lucas
959 3101 1099 3172 Radanti,
1124 3117 1246 3174 perse,
1270 3115 1404 3172 suosque
1421 3101 1472 3158 he-

203 3212 291 3269 redes
315 3219 345 3270 et
368 3227 558 3269 successores
574 3213 671 3284 ipsius
686 3211 776 3267 vinee
792 3209 919 3282 quosvis
934 3223 1127 3282 possessores
1144 3208 1173 3264 in
1191 3206 1331 3282 futurum
1355 3206 1470 3264 dictam

204 3320 326 3376 vineam
359 3318 559 3394 possidentes,
593 3316 745 3391 prefatam
777 3317 900 3373 vineam
930 3317 1009 3373 bene
1044 3315 1153 3387 colere,
1188 3329 1305 3372 necnon
1340 3313 1470 3386 singulis

204 3427 289 3482 annis
313 3425 450 3482 devino
481 3425 644 3498 ipsiusmet
675 3424 764 3480 vinee
794 3424 825 3480 in
856 3422 1012 3480 vindemie
1044 3427 1185 3495 tempore
1208 3420 1315 3478 decem
1339 3419 1471 3478 cubulos

205 3533 266 3590 vini
289 3533 485 3589 recusacione
508 3531 627 3604 absque
650 3531 735 3588 omni
757 3530 863 3586 salvos
893 3533 923 3586 et
953 3529 994 3585 ab
1025 3528 1111 3584 omni
1145 3525 1353 3584 decimacione
1376 3541 1469 3600 expe·

203 3637 283 3695 ditos
306 3639 337 3694 in
370 3643 496 3694 vectura
526 3638 653 3711 propria
684 3635 724 3693 ad
755 3635 874 3693 dictum
905 3635 1076 3691 claustrum
1107 3630 1296 3702 deducendo,
1321 3631 1469 3689 fratribus

201 3742 331 3816 prefatis
354 3743 481 3801 claustri
506 3749 655 3816 perpetue
680 3741 754 3800 dare
778 3749 808 3798 et
831 3741 1025 3798 aministrare
1048 3738 1204 3795 tenebitur
1227 3743 1257 3794 et
1280 3737 1414 3807 debebit,
1430 3753 1466 3794 ac

202 3851 299 3907 eciam
323 3847 420 3906 futuri
443 3849 546 3922 quivis
570 3863 762 3922 possessores
785 3846 865 3904 dicte
888 3847 976 3903 vinee
1000 3844 1068 3919 pari
1091 3844 1213 3901 racione
1236 3843 1421 3900 tenebuntur
1437 3849 1467 3900 et

201 3957 360 4014 debebunt
383 3955 422 4012 ad
446 3955 546 4024 idem;
570 3956 629 4012 hoc
651 3955 818 4024 interiect0,
842 3951 926 4025 quod
949 3952 975 4008 si
999 3966 1055 4025 per
1071 3948 1235 4022 grandines
1252 3953 1305 4005 aut
1321 3949 1392 4005 anni
1409 3954 1467 4006 ste-

199 4064 332 4121 rilitates
357 4063 388 4120 in
412 4061 533 4136 prelata
557 4061 647 4118 vinea
672 4059 789 4118 fructus
811 4074 872 4117 non
896 4058 1103 4132 provenirent,
1128 4061 1200 4114 tnnc
1228 4055 1295 4130 ipse
1318 4055 1415 4112 Lucas
1438 4061 1468 4112 et

199 4185 307 4228 omnes
331 4169 412 4227 dicte
437 4170 524 4227 vinee
548 4168 651 4242 quivis
674 4166 769 4224 futuri
791 4179 983 4241 possessores
1007 4169 1168 4220 teneantur
1191 4163 1221 4219 in
1238 4161 1305 4219 foro
1322 4159 1360 4217 de
1384 4161 1467 4219 bono

200 4278 272 4334 vino
296 4274 434 4350 prefatos
458 4275 566 4332 decem
590 4274 722 4331 cubulos
738 4288 840 4330 emere
857 4276 886 4328 et
902 4270 942 4327 ad
958 4270 1129 4326 claustrum
1146 4277 1353 4325 memoratum
1371 4266 1467 4324 modo

200 4397 262 4454 quo
284 4382 477 4455 premittitur
500 4379 686 4448 conducere;
709 4394 770 4451 que
793 4377 897 4434 omnia
921 4375 1003 4432 idem
1028 4375 1126 4432 Lucas
1150 4389 1207 4448 per
1229 4389 1261 4430 se
1281 4371 1421 4430 facienda
1437 4379 1466 4429 et

200 4503 256 4560 per
280 4487 353 4544 illos
377 4485 416 4544 ad
440 4501 654 4559 quoscumque
680 4484 761 4541 dicte
784 4484 873 4540 vinee
903 4497 960 4555 per
987 4497 1059 4538 eum
1083 4479 1332 4550 devolverentur,
1363 4477 1466 4536 fienda

199 4599 231 4650 ut
258 4593 456 4666 premittitur,
480 4591 654 4664 assumpsit.
679 4591 759 4646 Meta
782 4605 857 4646 vero
880 4587 1018 4663 predicte
1042 4587 1151 4644 vinee:
1172 4601 1190 4642 a
1212 4591 1301 4659 parte
1317 4600 1378 4641 una
1393 4590 1464 4642 sunt

198 4699 258 4756 due
281 4715 387 4756 cerasa
410 4714 508 4772 parve
531 4699 617 4755 iuxta
639 4697 762 4754 vineam
785 4711 880 4768 supra
903 4700 932 4752 et
954 4693 1040 4751 vadit
1063 4707 1159 4766 supra
1180 4691 1219 4748 ad
1249 4697 1387 4748 montem
1414 4706 1465 4747 us·

198 4821 259 4878 que
282 4805 323 4863 ad
347 4805 519 4876 virgultum
540 4804 721 4876 Franchych
746 4801 885 4874 Mykech,
915 4816 934 4857 a
965 4805 1051 4873 parte
1084 4798 1146 4855 alia
1169 4803 1215 4854 est
1237 4797 1328 4854 vinea
1350 4795 1464 4853 Kathe-

196 4913 263 4970 rine
285 4911 391 4968 uxoris
413 4910 585 4982 llorgoehe.
609 4910 643 4966 ln
666 4909 817 4983 premisse
839 4922 914 4965 vero
937 4905 1175 4980 composicionis
1199 4908 1229 4961 et
1258 4901 1464 4959 ordinacionis

198 5016 378 5075 firmitatem
401 5024 431 5073 et
458 5017 642 5073 memoriam
658 5021 843 5089 perpetuam
861 5013 1000 5084 sigillum
1017 5011 1114 5068 nostri
1132 5015 1299 5068 conventus
1318 5007 1464 5065 duximus

1325 5134 1354 5180 17
