3600 5804
587 495 668 586 Dec.¹
684 540 755 606 242.
782 559 819 568 —
845 528 901 585 An.
925 523 1013 604 1361.
1373 545 1433 602 223

164 729 258 785 minis
282 728 422 800 ipsorum
446 725 536 784 dictis
559 727 696 796 civibus;
719 725 793 784 item
818 727 849 784 in
872 726 1032 784 corcordia
1047 741 1142 800 super
1164 725 1254 784 dictis
1270 725 1436 800 possessio-

162 834 257 892 nibus
288 831 412 891 Cobilia
435 837 466 890 et
488 830 637 890 Scuiblan
668 833 748 890 inter
770 833 854 906 ipsos
882 833 966 891 cives
989 839 1019 889 et
1042 833 1179 906 hospites
1202 833 1243 890 ab
1266 847 1334 902 una,
1362 833 1436 890 item

163 941 328 997 Matheum
352 945 381 997 et
404 938 585 996 Farkasium
609 945 698 1012 parte
721 938 762 995 ab
785 939 883 996 altera
910 954 1015 996 coram
1038 937 1100 995 iam
1124 937 1208 995 dicto
1231 937 1437 1010 zagrabiensis

163 1047 295 1104 ecclesie
326 1045 465 1120 capitulo
495 1044 705 1102 mediantibus
736 1044 874 1102 eiusdem
905 1045 1032 1119 capituli
1063 1045 1175 1102 litteris
1210 1043 1298 1114 lacta,
1332 1044 1462 1120 aliqua¹

162 1168 226 1210 non
249 1152 397 1209 obviante
427 1151 673 1209 contradiccione
703 1166 886 1208 consensum
919 1151 1080 1225 prebuisse
1101 1157 1131 1208 et
1154 1166 1322 1221 assensum,
1346 1149 1438 1207 deno-

163 1265 256 1315 tatur.
289 1257 388 1330 Igitur
417 1259 520 1331 ipsum
552 1257 724 1330 capitulum
756 1257 851 1314 velud
882 1257 927 1314 rei
954 1257 1142 1316 consensisse
1163 1263 1193 1314 et
1216 1256 1384 1327 admisisse,
1408 1263 1438 1315 et

164 1371 298 1438 propter
329 1363 568 1422 taciturnitatem
599 1369 628 1420 et
659 1364 808 1437 temporis
839 1363 1073 1420 diuturnitatem
1110 1362 1226 1420 eisdem
1256 1363 1377 1421 civibus
1408 1371 1438 1420 et

162 1469 344 1544 hospitibus
367 1470 453 1527 iuxta
476 1463 870 1543 prescripcionis'formam
896 1477 1084 1544 perpetuare,
1109 1470 1139 1527 in
1164 1469 1245 1527 facto
1260 1471 1437 1545 calumpnie

161 1591 301 1634 unacum
333 1575 470 1650 prelatis,
501 1575 672 1633 baronibus
701 1583 731 1632 et
761 1575 921 1632 nobilibus
947 1577 1034 1648 regni
1057 1577 1209 1634 annotatis
1243 1582 1363 1634 mature
1386 1577 1438 1634 de·

162 1681 320 1740 cernendo
343 1682 570 1739 commisissent
592 1681 659 1739 fore
689 1682 866 1740 convictum
889 1689 996 1740 contra
1018 1683 1156 1756 hospites
1179 1681 1218 1740 de
1242 1682 1344 1740 Grech
1367 1699 1437 1757 pre·

162 1793 295 1846 notatos
327 1787 468 1860 Quarum
500 1787 674 1844 litterarum
704 1787 958 1860 expedicionibus
983 1787 1071 1846 lactis
1094 1795 1124 1846 et
1147 1804 1254 1846 earum
1278 1790 1436 1846 tenoribus

165 1895 343 1966 intellectis,
377 1895 509 1968 predicti
534 1893 650 1965 Petrus,
680 1894 765 1970 filius
788 1894 911 1967 Rubini‚
938 1895 1055 1967 Mykus‚
1080 1895 1164 1953 filius
1189 1895 1279 1964 lwau,
1304 1895 1435 1953 Bartuch

162 2008 194 2058 et
218 2003 364 2074 Mathyas
387 2001 550 2072 litteratus,
574 2001 658 2059 filius
682 2001 818 2072 Kuchne,
848 2007 1062 2076 procuratores
1085 2001 1298 2074 predictorum
1322 2002 1437 2059 civium

164 2115 194 2164 et
226 2109 389 2182 hospitum
419 2107 458 2164 de
489 2107 591 2164 Grech
622 2123 660 2164 ex
690 2115 778 2180 parte
809 2106 938 2180 predicti
970 2107 1099 2180 capituli
1122 2107 1329 2178 zagrabiensis
1353 2107 1437 2164 iuxta

164 2219 307 2270 tenorem
321 2201 351 2270 et
363 2214 583 2271 continenciam
598 2213 805 2286 predictarum
822 2214 995 2271 litterarum
1008 2213 1105 2286 ipsius
1117 2213 1257 2284 magistri
1270 2213 1437 2282 Laurencii,

164 2319 317 2376 iudicium
349 2325 380 2376 et
402 2320 555 2377 iusticiam
582 2335 617 2376 ac
644 2319 856 2376 omnimodam
884 2318 1126 2376 satisfaccionem
1156 2321 1346 2392 postularent
1381 2335 1437 2392 per

164 2440 221 2481 nos
234 2425 400 2499 impertiri.
414 2425 535 2498 Quibus
547 2425 660 2483 auditis
672 2421 701 2482 et
718 2427 880 2499 perceptis,
897 2425 1094 2483 honorabiles
1116 2426 1175 2484 viri
1196 2426 1309 2483 Paulus
1321 2431 1436 2494 cantor,

163 2531 323 2602 Georgius
339 2529 472 2588 decanus
495 2539 524 2588 et
548 2533 694 2604 magister
717 2531 884 2604 Dyonisius
907 2533 1044 2589 canonici
1067 2532 1195 2590 ecclesie
1223 2532 1437 2604 zagrabiensis,

163 2645 229 2692 tam
253 2652 315 2710 pro
338 2653 371 2693 se
394 2638 469 2709 ipsis
494 2639 705 2712 personaliter,
730 2653 825 2710 quam
849 2653 906 2711 pro
923 2638 1016 2710 pleno
1031 2638 1170 2710 capitulo
1187 2639 1315 2695 ecclesie
1332 2654 1436 2710 zagra-

164 2744 282 2800 biensis
307 2759 380 2800 cum
409 2745 519 2802 litteris
543 2745 764 2818 procuratoriis
796 2743 965 2802 eorundem
996 2759 1101 2801 coram
1133 2745 1223 2801 nobis
1246 2748 1437 2816 exurgentes

164 2849 321 2922 quasdam
346 2849 464 2907 litteras
489 2851 617 2922 predicti
639 2851 755 2907 domini
780 2851 877 2908 nostri
901 2849 1047 2907 Lodouicl
1063 2851 1145 2922 regis
1162 2857 1308 2924 patentes,
1326 2850 1437 2906 maiori

164 2956 274 3026 sigillo
299 2971 356 3012 suo
379 2957 580 3029 consignatas
611 2956 768 3013 dominico
792 2956 842 3014 die
866 2957 1010 3030 proximo
1036 2963 1105 3030 post
1129 2955 1240 3012 festum
1265 2956 1347 3013 beati
1372 2956 1438 3026 My·

164 3063 283 3118 chaelis
308 3063 484 3134 archangeli
508 3077 588 3119 anno
610 3062 728 3119 domini
753 3062 861 3119 MCCC
878 3063 1136 3135 quinquagesimo
1152 3062 1259 3134 quinto
1276 3060 1437 3122 confectas.

164 3167 257 3224 nobis
282 3175 507 3241 presentarunt,
530 3169 560 3224 in
585 3183 718 3240 quarum
742 3169 901 3226 tenoribus
926 3167 1061 3224 vidimus
1084 3167 1241 3236 contineri,
1266 3166 1438 3239 quodlicet

165 3274 232 3348 ipse
257 3273 403 3331 dominus
426 3281 530 3332 noster
545 3291 598 3331 rex
616 3289 674 3348 pro
690 3274 886 3347 tranquiliori
902 3278 982 3330 statu
998 3274 1083 3345 regni
1101 3275 1148 3330 sui
1165 3273 1308 3330 universa
1323 3273 1437 3330 iudicia

164 3387 194 3436 et
217 3379 407 3436 iudiciorum
431 3380 540 3451 quevis
562 3381 752 3451 gravamina,
777 3394 910 3452 quorum
927 3379 1010 3436 mole
1036 3378 1192 3450 regnicole
1208 3379 1293 3450 regni
1310 3380 1357 3436 sui
1383 3395 1439 3452 per

165 3484 311 3542 diversos
327 3486 413 3556 regni
430 3487 477 3543 sui
494 3485 611 3542 iudices
626 3491 696 3543 ante
712 3501 826 3543 annum
843 3485 960 3542 domini
976 3485 1180 3542 millesimum
1193 3485 1271 3541 CCC
1287 3485 1437 3558 quinqua·

165 3593 324 3662 gesimum
344 3593 481 3663 primum
505 3593 710 3649 noscebantur
726 3591 898 3663 aggravari,
921 3607 978 3664 per
1002 3603 1073 3647 suas
1092 3591 1211 3647 litteras
1227 3590 1384 3647 evidentes
1399 3590 1437 3647 de

165 3697 280 3754 eodem
293 3713 374 3754 anno
386 3697 503 3754 domini
517 3698 654 3754 MCCCL
671 3698 775 3771 primo
791 3697 912 3754 infesto
929 3697 1141 3769 concepcionis
1157 3696 1286 3768 virginis
1302 3697 1437 3768 gloriose

167 3803 205 3860 de
230 3805 395 3861 voluntate
419 3813 448 3861 et
472 3804 666 3876 beneplacito
697 3803 821 3860 domine
853 3805 957 3875 regine
987 3795 1168 3879 genitrici(s)
1191 3817 1245 3858 sue
1267 3800 1436 3871 karissime,

165 3925 287 3967 necnon
320 3925 468 3967 consensu
500 3911 691 3983 prelatorum
723 3915 753 3966 et
785 3911 936 3966 baronum
968 3924 1096 3965 suorum
1120 3913 1285 3978 emanatas
1320 3907 1438 3966 eisdem

165 4017 336 4086 regnicolis
367 4017 430 4073 suis
460 4023 489 4074 et
521 4019 600 4074 inter
629 4017 754 4074 eosdem
785 4015 933 4073 fidelibus
955 4022 986 4071 et
1008 4013 1128 4071 devotis
1151 4015 1215 4070 suis
1237 4015 1385 4088 episcopo
1408 4024 1437 4072 et

165 4123 308 4195 capitulo
332 4123 458 4179 ecclesie
481 4123 688 4194 zagrabiensis
712 4123 815 4179 omnia
839 4122 913 4179 talia
937 4120 1110 4178 iudicorum
1131 4121 1312 4192 gravamina
1328 4121 1437 4178 annul·

167 4227 270 4298 lasset,
308 4231 444 4303 exceptis
467 4230 678 4287 solucionibus
701 4246 758 4303 per
782 4235 884 4302 partes
908 4229 986 4285 inter
1009 4244 1041 4284 se
1064 4227 1238 4284 voluntarie
1261 4229 1435 4300 assumptis

167 4337 311 4405 graciose
341 4335 544 4404 relaxaverit;
575 4342 679 4392 tamen
710 4337 783 4408 quia
811 4336 841 4392 in
875 4335 1019 4408 pretactis
1050 4333 1161 4390 litteris
1195 4334 1259 4391 suis
1289 4333 1436 4405 graciosis

167 4441 205 4498 de
234 4441 366 4515 speciali
397 4440 577 4512 gravamine
608 4441 755 4510 iudiciali,
786 4447 895 4514 utpute
926 4439 1104 4513 calumpnie
1139 4439 1189 4496 vel
1225 4439 1353 4496 alterius
1387 4455 1438 4510 ge-

167 4549 249 4604 neris
274 4547 396 4604 mencio
419 4547 449 4604 in
473 4547 576 4620 specle
599 4554 777 4619 expressata
804 4563 864 4604 non
889 4547 1032 4616 extiterit,
1065 4545 1134 4602 ideo
1157 4552 1221 4602 tam
1245 4545 1437 4616 litigancium

170 4654 310 4725 iulestuS,
342 4668 435 4726 quam
466 4653 563 4710 eciam
596 4652 734 4710 iudicum
766 4652 858 4709 dolus
889 4658 918 4709 et
949 4651 1110 4725 cupiditas,
1134 4651 1252 4708 litteras
1275 4667 1346 4707 suas
1369 4667 1438 4724 pre-

169 4768 265 4818 tactas
291 4759 446 4831 graciosas
469 4773 589 4815 cassare
611 4759 782 4816 niterentur
813 4765 843 4816 et
866 4759 987 4816 viribus
1017 4773 1157 4827 vacuare,
1186 4755 1328 4826 dicentes,
1353 4755 1437 4830 quod

169 4868 206 4924 ad
231 4874 299 4926 tam
330 4865 477 4939 specialia
509 4872 538 4921 et
569 4881 681 4937 magna
707 4866 891 4924 iudiciorum
920 4866 1100 4936 gravamina
1124 4865 1202 4922 sicut
1225 4865 1438 4938 calumpnian-

169 4975 252 5031 ciurn
265 4973 317 5029 vel
334 4970 484 5028 similium
500 4979 603 5028 reatus
619 4972 753 5044 exigunt,
766 4987 798 5028 se
814 4987 875 5029 non
891 4971 1089 5028 extenderent
1107 4972 1207 5028 littere
1232 4987 1284 5028 sue
1300 4965 1440 5042 graciose
