3600 5804
570 570 644 628 Dor.
666 582 716 645 91.
744 603 781 612 —
807 570 863 628 An.
887 583 977 647 13⁰⁰·
1367 587 1405 644 ῃ

58 771 63 788 ·
160 771 220 827 tatis
244 774 440 842 augmentum
472 784 544 828 cum
575 768 788 828 benedictione
815 778 950 844 patema.
974 770 1119 829 Relatum
1143 777 1188 828 est
1210 771 1300 830 nobis
1324 771 1408 846 quod

159 873 289 946 Ganinus,
312 875 498 932 castellanus
521 873 559 932 de
583 873 724 946 Medum,
750 891 770 933 a
791 877 882 934 vobis
905 881 1023 951 peteret
1048 877 1203 948 victualia,
1227 877 1308 936 unde
1336 894 1407 936 cum

158 981 304 1038 ecclesiam
334 987 471 1038 nostram
495 981 556 1039 sibi
579 981 631 1038 vel
654 981 765 1055 cuique
788 982 878 1039 alteri
905 982 1049 1040 tributari
1072 998 1133 1040 non
1157 983 1291 1041 velimus
1314 985 1408 1042 devo-

158 1087 227 1144 cioni
249 1093 347 1144 vestre
369 1087 578 1146 universitatis
601 1086 786 1146 mandamus
810 1089 840 1145 in
864 1088 1069 1162 presentibus,
1092 1094 1243 1161 quatenus
1259 1089 1344 1147 dicto
1360 1105 1409 1148 ca·

157 1193 275 1250 stellano
308 1190 346 1250 de
382 1193 514 1250 Medued
545 1192 584 1252 de
618 1193 807 1252 victualibus
842 1194 979 1252 breviter
1013 1195 1109 1253 nichil
1144 1195 1223 1253 detis
1257 1211 1312 1253 nec
1341 1196 1409 1254 dari

157 1297 268 1356 faciatis,

233 1415 312 1466 Liber
331 1417 455 1483 privileg.
475 1423 586 1482 eppatus
610 1417 713 1483 zagrab.
738 1434 763 1483 p.
788 1419 829 1468 66.
850 1417 880 1468 In
898 1419 969 1470 arch.
989 1419 1179 1485 archiepiscop.
1201 1419 1304 1484 zagrab.
1332 1421 1406 1486 Joau.

157 1503 261 1554 Thalete.
280 1505 348 1555 Mon.
368 1505 429 1555 bist.
449 1505 527 1570 episc.
547 1507 653 1570 zagrab.
673 1505 694 1556 I.
714 1521 739 1572 p.
759 1517 817 1568 240.

742 1703 800 1769 al.

248 1827 322 1876 Auno
344 1835 418 1885 t300,
437 1827 477 1876 28.
497 1827 619 1892 Augusti.
639 1826 736 1877 Budare.

155 1935 277 1993 Andreas
299 1937 359 1994 ΙΙΙ.
384 1937 562 2010 Hungariae
584 1945 631 1995 etc.
655 1955 719 2004 rex,
742 1937 815 1994 cives
844 1935 1022 1996 Grecienses
1044 1955 1064 1993 a
1085 1937 1287 2012 praestatione
1312 1957 1410 1998 census

480 2045 606 2118 impositi
626 2044 663 2101 ab
685 2044 833 2101 Albertino
861 2043 938 2112 riute,
960 2043 1077 2102 relevat.

236 2168 294 2226 Nos
317 2169 457 2226 Andreas
481 2169 530 2227 dei
560 2170 663 2241 gracia
694 2187 748 2228 rex
779 2171 944 2242 Hungarie.
976 2169 1193 2242 significamus
1220 2171 1334 2244 quibus
1358 2187 1410 2232 er:

156 2274 235 2348 pedit
255 2275 405 2332 universis
429 2277 623 2350 presencium
648 2291 703 2350 per
719 2283 866 2346 tenorem.
884 2275 967 2349 quod
986 2276 1141 2334 Barnabas
1157 2278 1234 2335 civis
1250 2277 1288 2336 de
1306 2285 1409 2336 monte

154 2379 300 2438 Greciensi
330 2397 401 2438 cum
433 2381 544 2439 litteris
575 2381 693 2450 iudicis,
723 2382 894 2440 iuratorum
925 2397 961 2438 ac
989 2383 1198 2441 universitatis
1230 2383 1346 2442 civium
1371 2384 1409 2442 de

153 2487 216 2558 ipso
244 2493 344 2544 monte
378 2487 545 2556 Greciensi,
575 2487 614 2544 ad
645 2492 782 2545 nostram
807 2487 1010 2561 personaliter
1032 2487 1179 2546 accedens
1209 2490 1409 2564 presenciam,

153 2591 326 2664 significavit
348 2594 438 2651 nobis
461 2607 587 2650 omnem
610 2593 821 2651 necessitatem
844 2607 897 2649 seu
928 2595 1102 2666 angustiam
1135 2596 1280 2653 hacteuus
1308 2594 1409 2652 diver·

153 2698 263 2756 simode
285 2697 396 2757 tactam
417 2715 511 2772 super
534 2700 626 2773 ipsos,
650 2707 680 2757 et
704 2700 781 2758 dixit
812 2699 910 2769 nobis,
935 2699 1018 2772 quod
1050 2699 1194 2758 dominus
1220 2701 1408 2768 Albertinus

153 2803 209 2862 dux
231 2807 326 2863 tocius
348 2804 510 2864 Sclauonie
534 2811 563 2863 et
586 2821 690 2864 comes
720 2805 759 2863 de
789 2806 917 2880 Posoga‚
950 2805 1129 2864 karissimus
1160 2807 1332 2865 avunculus
1356 2823 1409 2865 no·

153 2917 214 2980 ster,
237 2911 317 2969 ultra
340 2911 476 2970 sormam
499 2913 651 2970 libertatis
675 2914 824 2986 ipsorum,
848 2919 953 2970 nostro
977 2913 1143 2986 privilegio
1167 2911 1329 2982 mediante,
1353 2929 1410 2986 per

153 3031 201 3073 uos
223 3017 337 3074 eisdem
361 3033 545 3088 concessam,
578 3035 703 3077 censum
736 3035 789 3076 seu
822 3019 985 3093 pecuniam
1017 3025 1135 3092 peteret
1165 3027 1194 3076 et
1226 3025 1410 3092 extorquere

153 3122 238 3180 vellet
260 3115 354 3198 super
376 3126 469 3199 ipsos,
493 3127 571 3183 sicut
594 3126 625 3183 in
648 3126 760 3183 litteris
783 3126 881 3183 eciam
912 3125 1053 3199 ipsorum
1076 3125 1192 3184 civium
1217 3127 1339 3200 plenius
1362 3125 1408 3183 vi·

153 3226 245 3286 dimus
268 3231 424 3289 contineri.
449 3231 537 3291 Unde
560 3247 632 3290 cum
663 3249 718 3291 nos
748 3233 850 3306 ipsam
880 3232 1038 3289 civitatem
1068 3231 1147 3289 inter
1169 3231 1246 3289 alias
1270 3232 1409 3290 civitates

152 3335 229 3406 regni
248 3337 343 3394 nostri
367 3335 440 3410 plus
463 3335 590 3395 fidelem
613 3337 703 3395 nobis
727 3337 793 3395 fore
816 3337 1021 3409 dinoscamus,
1044 3343 1074 3395 et
1097 3353 1222 3396 omnem
1245 3338 1408 3412 pecuniam

153 3439 234 3498 adie
255 3443 465 3500 coronacionis
495 3451 598 3501 nostre
620 3459 719 3517 usque
746 3442 841 3502 modo
872 3450 1001 3518 propter
1031 3443 1213 3502 fidelitatem
1245 3445 1334 3502 nobis
1357 3443 1410 3501 de·

153 3544 240 3604 bitam
262 3547 387 3605 eosdem
410 3549 543 3607 sciamus
567 3550 737 3620 tollerasse,
760 3565 798 3607 ex
821 3551 925 3622 gracia
947 3551 1044 3624 regali
1068 3558 1097 3608 et
1121 3549 1289 3608 dileccioue
1312 3565 1348 3607 ac
1364 3549 1408 3606 ta·

154 3663 219 3709 vore
240 3654 367 3726 speciali
390 3653 430 3711 ad
453 3656 693 3714 retribucionem
717 3655 875 3714 fidelitatis
906 3657 1055 3730 ipsorum,
1079 3655 1160 3714 facta
1183 3655 1409 3714 deliberacione

153 3765 245 3816 nostra
279 3759 483 3828 decrevimus
507 3761 590 3834 quod
616 3761 709 3820 iidem
733 3762 816 3820 cives
840 3761 878 3820 de
909 3769 1013 3820 monte
1040 3761 1207 3830 Greciensi,
1229 3777 1285 3819 nec
1308 3761 1408 3819 eidem

154 3860 267 3923 domino
290 3867 462 3936 Albertin0,
486 3883 541 3925 nec
564 3867 663 3924 eciam
686 3869 778 3926 alicui
802 3867 912 3926 baroni
936 3867 974 3925 de
997 3883 1093 3941 regno
1116 3875 1226 3926 nostro
1250 3869 1300 3924 vel
1324 3867 1409 3924 exhi·

154 3967 236 4028 bitori
256 3973 430 4030 litterarum
454 3979 629 4030 nostrarum
654 3974 791 4046 aliquem
816 3989 941 4032 censum
966 3991 1018 4032 seu
1043 3975 1240 4032 exaccionem
1265 3973 1315 4031 vel
1346 3973 1409 4031 col·

154 4073 253 4134 lectam
276 4079 399 4136 solvere
422 4086 581 4136 teneantur
605 4079 702 4137 donec
733 4079 803 4137 anui
835 4097 888 4138 seu
921 4087 1062 4154 tempora
1089 4081 1243 4138 libertatis
1268 4079 1408 4153 ipsorum

154 4177 187 4236 de
207 4189 307 4242 nostra
330 4186 497 4252 maiestate,
521 4185 675 4243 mediante
706 4187 872 4259 privilegio
905 4193 1018 4256 nostr0,
1044 4187 1178 4243 concessi
1201 4191 1356 4242 transeant
1378 4192 1409 4242 et

154 4287 296 4360 expirent;
319 4291 392 4362 quia
416 4291 539 4348 eosdem
565 4293 595 4348 in
620 4293 687 4364 ipsa
710 4293 854 4350 libertate
885 4291 1093 4366 indempniter
1117 4293 1263 4348 volumus
1287 4305 1408 4348 conser-

154 4403 233 4461 vare;
254 4405 283 4452 et
306 4397 332 4453 si
363 4397 550 4469 quicumque
581 4397 707 4456 eosdem
737 4399 819 4456 ultra
852 4397 986 4456 sormam
1018 4399 1171 4460 libertatis
1201 4399 1341 4471 ipsorum
1368 4395 1406 4454 ad

155 4497 326 4558 solvendum
349 4503 487 4575 aliquem
517 4519 642 4561 censum
673 4505 770 4562 vellet
800 4512 964 4574 coarctare,
989 4505 1091 4578 placet
1119 4504 1216 4574 nobis,
1244 4511 1277 4560 ut
1300 4518 1332 4560 se
1356 4501 1407 4559 de·

155 4601 267 4664 tendant
289 4608 421 4666 viriliter
444 4610 624 4668 auctoritate
647 4617 677 4668 et
693 4611 852 4668 voluntate
868 4619 971 4668 nostre
989 4611 1164 4669 maiestatis.
1182 4611 1298 4668 Datum
1316 4609 1407 4680 Bude,

156 4707 297 4770 dominica
320 4715 464 4788 proxima
488 4723 557 4788 post
581 4715 696 4774 testum
726 4717 807 4774 beati
839 4717 1050 4775 Bartholomei
1073 4716 1215 4791 apostoli.
1241 4717 1329 4774 Anno
1354 4714 1408 4773 do-

156 4819 222 4876 mini
243 4820 358 4879 MCCC.

233 4937 369 5004 Originale
388 4939 415 4989 in
433 4941 591 4992 membrana.
611 4944 634 4991 Α
653 4948 730 5006 tergo
750 4941 891 5008 vestigium
910 4939 998 5007 magni
1017 4941 1102 5007 sigilli
1122 4943 1200 5007 regis.
1220 4941 1250 4990 In
1269 4941 1338 4990 arch.
1355 4941 1405 4991 lib.

156 5035 203 5088 reg.
220 5025 266 5076 civ.
284 5030 387 5095 zagrab.
409 5057 440 5068 -
461 5029 617 5095 Programm
634 5031 679 5080 des
699 5029 724 5079 k.
744 5030 768 5079 lr.
789 5031 974 5098 Gymnasiums
992 5045 1024 5080 zu
1042 5033 1149 5096 Agram.
1172 5030 1247 5088 1858,
1266 5043 1291 5096 p.
1316 5038 1355 5093 19.
