3728 5806
576 535 648 591 Doc.
671 546 742 612 274.
765 545 832 611 275.
860 566 895 574 —
914 532 970 590 An.
993 543 1077 610 1377.

789 729 877 796 2⁷4.

306 871 382 919 Anno
404 877 477 930 1377,
502 877 540 924 17.
560 869 685 921 octobris.
704 868 858 936 Zagrabiae.

197 996 320 1072 Judices
342 998 477 1054 nobilium
499 1000 648 1056 comitatus
669 999 786 1072 zagrob.
809 1017 902 1072 regem
925 999 1100 1056 Ludooicum
1119 1001 1261 1074 facinora
1291 1018 1310 1054 a
1341 1001 1465 1073 capitulo

300 1105 417 1177 zagrab.
441 1105 471 1161 in
494 1107 567 1163 ciues
594 1105 768 1164 Grecltcnses
791 1114 866 1176 octa,
888 1124 946 1163 esse
968 1124 1048 1174 ocra,
1074 1107 1218 1164 certiorem
1241 1106 1369 1163 reddunt.

287 1248 556 1308 Excellentissimo
580 1250 707 1308 domino
731 1267 840 1308 eorum
871 1251 1036 1320 lodouico,
1060 1250 1109 1308 dei
1131 1250 1235 1322 gracia
1262 1251 1377 1308 illustri
1399 1251 1466 1324 regi

196 1355 362 1428 Hungarie,
386 1354 568 1429 Stephanus,
592 1357 677 1414 filius
700 1356 840 1430 Mykech,
864 1357 1043 1429 Gregorius,
1059 1356 1143 1414 filius
1160 1357 1280 1427 lretlen‚
1296 1357 1459 1440 Johannes,

196 1460 280 1518 filius
303 1460 429 1534 Georgii
459 1469 488 1520 et
521 1463 659 1536 Mykech,
687 1463 771 1521 filius
805 1463 955 1532 Cerhenlr,
979 1461 1094 1520 iudices
1121 1463 1273 1520 nobilium
1297 1463 1461 1520 comitatus

197 1567 413 1638 zagrabiensis,
437 1568 563 1626 domino
595 1570 734 1643 ipsorum
764 1571 898 1627 naturali
929 1570 1163 1628 inclinacionem
1187 1569 1363 1627 continuam
1389 1585 1460 1626 cum

197 1679 349 1746 perpetua
371 1673 528 1733 fidelitate.
552 1675 680 1733 Noverit
703 1683 806 1733 vestra
828 1677 974 1734 serenitas
997 1692 1053 1734 nos
1077 1676 1227 1750 recepisse
1250 1677 1368 1734 litteras
1396 1691 1461 1733 ma-

197 1780 284 1850 gistri
309 1778 430 1837 Nicolai
453 1779 491 1837 de
515 1781 636 1854 Vertus,
661 1783 782 1840 comitis
806 1783 1020 1855 zagrabiensis,
1045 1783 1161 1839 honore
1178 1781 1363 1852 condecenti,
1380 1783 1461 1839 hunc

199 1891 338 1942 tenorem
361 1887 566 1944 continentes:
590 1881 664 1966 (vid.
688 1905 731 1945 nr.
759 1903 828 1961 273.
852 1904 898 1946 an.
919 1902 1010 1961 1377,
1035 1905 1062 1964 9.
1079 1881 1234 1964 octobris).
1258 1887 1321 1944 Nos
1337 1903 1461 1960 quoque

199 1992 404 2065 peticionibus
426 1993 525 2067 ipsius
541 1994 681 2066 magistri
698 1995 817 2052 Nicolai
834 1995 955 2052 comitis
971 1993 1177 2066 zagrabiensis
1193 1998 1367 2064 annuentes,
1384 1993 1462 2051 duos

199 2113 236 2154 ex
260 2098 351 2154 nobis
374 2097 519 2156 videlicet
540 2098 735 2171 Goegortnm,
752 2099 852 2157 filium
876 2100 987 2156 lret'len
1003 2105 1033 2156 et
1049 2097 1187 2171 Mykech,
1203 2098 1304 2155 filium
1322 2097 1465 2156 Cerhenk

198 2203 237 2260 ad
278 2204 429 2276 premissa
459 2203 618 2262 rescienda
647 2220 705 2278 pro
733 2206 908 2263 testimonio
938 2204 1083 2262 duximus
1122 2205 1381 2274 transmittendos,
1412 2206 1465 2277 qui

199 2307 327 2366 demum
351 2309 389 2366 ad
413 2325 469 2367 nos
492 2311 607 2368 reversi
631 2311 720 2368 nobis
744 2311 937 2369 concorditer
952 2312 1131 2384 retulerunt,
1149 2311 1232 2385 quod
1256 2311 1315 2386 ipsi
1339 2311 1466 2368 infesto

199 2415 281 2472 beati
306 2414 391 2472 Galli
414 2415 597 2475 confessoris
621 2417 660 2474 ad
691 2417 862 2492 predictam
894 2419 1051 2476 civitatem
1079 2418 1263 2476 Grecensem
1288 2417 1379 2476 etad
1404 2419 1466 2476 alia

199 2522 268 2578 loca
290 2523 462 2579 necessaria
485 2523 703 2596 processissent
735 2529 765 2580 et
796 2525 1017 2582 consciensiose
1047 2525 1087 2582 ab
1110 2525 1255 2582 omnibus
1278 2525 1392 2597 quibus
1415 2524 1467 2582 de·

200 2628 313 2686 coisset
336 2633 366 2685 et
388 2628 524 2686 licuisset
540 2629 647 2702 palam
663 2635 693 2686 et
709 2630 811 2688 oculte
832 2629 1045 2702 investigando
1069 2631 1229 2688 scivissent
1252 2630 1467 2688 omnimodam

199 2735 372 2806 veritatem,
396 2740 430 2791 ut
452 2741 497 2792 est
520 2735 550 2792 in
582 2736 692 2793 litteris
725 2735 870 2810 predictis
902 2736 999 2810 ipsius
1030 2736 1170 2808 magistri
1204 2735 1323 2793 Nicolai
1347 2737 1468 2794 comitis

202 2841 411 2914 zagrabiensis
435 2840 473 2898 de
497 2843 594 2898 verbo
617 2842 655 2899 ad
680 2843 813 2900 verbum
835 2858 1025 2916 expressum,
1054 2847 1232 2914 asserentes,
1257 2842 1340 2916 quod
1364 2841 1468 2916 fruges

201 2947 232 3004 in
255 2962 369 3020 magna
400 2948 569 3020 quantitate
601 2947 729 3006 fuissent
757 2949 927 3020 combuste‚
958 2948 1010 3006 sed
1043 2948 1081 3006 de
1113 2964 1243 3006 numero
1274 2950 1468 3022 capeciarum

201 3054 340 3126 ipsarum
364 3052 489 3126 frugum
524 3053 646 3127 penitus
668 3070 832 3112 numerum
855 3055 920 3112 fore
946 3055 1142 3128 ignorassent.
1171 3055 1288 3111 Datum
1312 3053 1469 3126 Zagrabie,

202 3161 334 3218 sabbato
358 3161 503 3234 proximo
526 3165 597 3234 post
620 3160 794 3234 predictum
818 3161 931 3218 festum
955 3162 1038 3218 beati
1061 3161 1147 3219 Galli
1170 3160 1360 3218 contessoris,
1379 3161 1468 3217 Anno

206 3265 324 3323 domini
347 3267 489 3340 superius
512 3266 602 3324 dicto.
1132 3263 1134 3266 ’

294 3383 435 3448 Originale
448 3383 475 3433 in
489 3384 587 3444 charta,
601 3400 617 3433 a
631 3391 706 3450 tergo
721 3385 772 3435 tria
785 3385 912 3450 impressa
925 3385 1016 3450 sigilla
1028 3383 1058 3434 In
1071 3384 1169 3434 archiv.
1180 3385 1227 3433 lib.
1240 3399 1295 3449 reg.
1307 3383 1356 3434 civ.
1366 3384 1464 3448 zagrab
1546 3405 1547 3408 ¹

798 3636 881 3704 275.

292 3761 369 3808 Anno
391 3765 465 3816 1377,
485 3768 524 3816 31.
545 3759 669 3809 octobris.
689 3760 763 3809 Zelii.

205 3885 368 3943 Ludout'cus
390 3886 568 3959 Hungoreue
589 3895 636 3944 etc.
660 3907 714 3945 rex
736 3889 768 3946 in
790 3889 871 3944 civili
891 3888 1063 3945 ‹lissensione
1085 3890 1161 3945 mter
1181 3890 1338 3963 episcopum
1353 3890 1470 3962 zogrub.

250 3993 364 4066 eiusque
386 3992 543 4065 capitulum
565 4001 593 4050 et
613 3993 686 4050 cives
717 3993 898 4064 Grecltcnses,
921 4013 967 4051 eos
987 3993 1031 4052 od
1044 4003 1146 4068 pacem
1168 4013 1303 4053 revocure
1324 3995 1422 4053 smdet.

294 4136 468 4193 lodouicus
491 4137 541 4194 dei
564 4138 667 4209 gracia
690 4155 745 4195 rex
768 4139 935 4211 Hungarie‚
959 4138 1094 4209 Polonie,
1118 4137 1278 4195 Dalmacie
1301 4145 1355 4196 etc.
1372 4139 1471 4197 Fideli

206 4259 262 4300 suo
293 4243 409 4300 dilecto
441 4244 613 4301 venerabili
645 4244 675 4302 in
706 4245 830 4302 Christo
861 4245 950 4318 patri,
984 4244 1110 4302 domino
1134 4245 1301 4316 Demetrio,
1326 4246 1471 4319 episcopo

206 4349 404 4422 zagrabiensi‚
439 4349 510 4405 aule
537 4365 592 4406 sue
623 4366 769 4424 sumpmo
797 4351 990 4422 cancellario,
1013 4351 1145 4408 salutem
1170 4356 1200 4409 et
1222 4351 1367 4423 graciam.
1388 4352 1472 4408 Licet

206 4455 315 4513 fideles
338 4456 420 4512 cives
443 4459 473 4511 et
499 4455 636 4528 hospites
658 4458 755 4514 nostri
778 4456 968 4515 Grechenses
992 4457 1030 4514 de
1053 4455 1204 4529 Zagrabia
1228 4461 1334 4514 contra
1356 4472 1413 4513 vos
1442 4463 1472 4513 et
1494 4470 1496 4474 ’

207 4561 378 4634 capitulum
411 4569 550 4618 vestrum
582 4571 612 4618 et
640 4577 657 4618 e
689 4577 838 4620 converso
873 4562 997 4621 discreti
1030 4563 1091 4620 viri
1122 4562 1241 4620 Blasius
1273 4569 1302 4619 et
1333 4562 1472 4620 Andreas

208 4666 415 4724 archidiaconi
450 4667 578 4724 ecclesie
614 4668 828 4740 zagrabiensis,
864 4675 966 4726 vestra
992 4673 1023 4725 et
1046 4669 1143 4742 ipsius
1173 4668 1303 4742 capituli
1332 4668 1472 4742 personis

208 4777 314 4829 contra
343 4773 530 4830 alterutrum
558 4787 669 4846 graves
700 4775 893 4847 porrexerint
927 4775 1069 4847 querelas
1099 4789 1193 4848 super
1223 4773 1354 4832 diversis
1384 4772 1473 4830 factis

208 4882 237 4935 et
259 4878 380 4936 actibus
406 4879 622 4958 'potenciariis;
652 4885 755 4936 tamen
786 4881 859 4952 quia
890 4879 1077 4938 confidentes
1107 4879 1145 4937 de
1177 4885 1278 4938 vestra
1313 4879 1471 4949 fidelitate,

210 4989 244 5042 ut
265 4983 382 5042 sactum
406 4985 586 5044 huiusmodi
611 4985 782 5045 reformare
805 4992 835 5044 et
858 4986 897 5043 ad
919 4987 1050 5060 pristine
1072 4987 1157 5061 pacis
1180 4987 1326 5044 unionem
1348 4985 1472 5044 reduce-
