3600 5804
796 515 869 573 Dor.
894 526 961 590 159.
987 512 1057 572 160.
1084 548 1118 557 —
1147 513 1202 572 An.
1229 529 1314 591 1333.

1010 709 1093 775 159.

529 833 603 881 Anno
626 841 699 890 1333,
720 843 760 894 29.
783 831 885 896 aprilis.
906 831 937 881 In
956 831 1123 896 Kaproucha.

422 943 522 999 Mikr'c'
539 943 624 999 totius
648 941 805 999 Slooonioe
828 943 928 1013 banus,
958 944 1032 1000 cloes
1061 942 1235 1000 Grechenres
1257 961 1276 998 o
1299 943 1433 999 solvendo
1457 943 1533 997 lucro
1557 959 1665 998 camerac

787 1048 926 1106 derebus
948 1057 977 1106 ct
997 1049 1192 1118 mercimoniis,
1214 1049 1323 1106 liberat.

507 1175 571 1232 Nos
606 1175 718 1247 Mykch
743 1175 839 1233 tocius
863 1175 1026 1234 Sclauonie
1049 1176 1156 1233 banus.
1188 1175 1336 1232 Memoris
1363 1173 1612 1244 commendantes,
1633 1181 1667 1230 te

420 1296 495 1338 nore
518 1283 713 1355 presencium
748 1282 958 1354 significamus
982 1283 1095 1356 quibus
1127 1280 1254 1354 expedit
1280 1281 1440 1338 universis.
1467 1279 1612 1352 Quoniam
1632 1295 1667 1346 ea,

420 1403 480 1459 que
503 1393 653 1459 geruntur
676 1388 706 1444 in
730 1393 879 1462 tempore,
910 1405 948 1445 ne
977 1388 1009 1445 in
1042 1393 1201 1461 posterum
1233 1385 1375 1443 diffluant
1398 1401 1470 1443 cum
1495 1392 1625 1458 tempore
1644 1395 1666 1441 et

422 1493 574 1564 labantur,
599 1493 638 1550 ad
662 1493 816 1550 cautelam
838 1493 946 1567 scripti
968 1494 1068 1551 solent
1090 1493 1262 1566 patrocinio
1293 1493 1501 1565 perempnari.
1531 1491 1603 1548 Hinc
1623 1496 1666 1559 est,

421 1597 503 1672 quod
528 1603 695 1672 postquam
718 1599 841 1656 volente
872 1599 999 1656 domino
1030 1599 1097 1668 celi,
1129 1603 1311 1655 cunctorum
1342 1597 1510 1668 conditore,
1532 1613 1568 1654 ex
1589 1597 1667 1653 dilec-

419 1704 506 1761 cione
529 1704 717 1762 serenissimi
741 1705 891 1779 principis
914 1705 1033 1762 domini
1057 1705 1173 1772 Karoli‚
1198 1703 1247 1760 dei
1271 1703 1375 1776 gracia
1391 1703 1491 1760 incliti
1506 1703 1583 1775 regis
1599 1702 1667 1758 Hun-

419 1811 513 1882 garie,
536 1809 655 1867 domini
686 1811 784 1868 nostri
815 1811 973 1882 naturalis,
1006 1811 1037 1868 in
1055 1811 1203 1868 banatum
1235 1809 1398 1868 Sclauonie
1425 1810 1559 1866 mansuri
1591 1809 1668 1865 intra-

420 1917 531 1986 vimus,
555 1916 706 1974 continuis
730 1917 843 1974 nostris
867 1916 1121 1989 inquisicionibus
1138 1921 1168 1973 et
1184 1916 1476 1987 investigacionibus
1497 1915 1667 1987 agnovimus,

419 2027 453 2079 ut
476 2022 560 2080 cives
583 2021 622 2080 de
645 2028 750 2080 monte
774 2021 928 2093 Grecensi,
959 2022 1176 2080 universaliter
1207 2027 1236 2078 et
1265 2022 1465 2094 singulariter
1488 2020 1525 2078 de
1547 2021 1668 2094 ipsorum

420 2129 508 2186 bonis
532 2133 562 2185 et
584 2129 678 2185 rebus
701 2129 894 2201 quibuslibet
920 2129 1042 2186 lucrum
1066 2143 1187 2184 camere
1211 2143 1265 2184 seu
1288 2126 1408 2200 aliquid
1439 2143 1497 2200 pro
1524 2128 1607 2183 lucro
1630 2140 1668 2182 m-

423 2249 508 2291 mere
531 2233 697 2291 comitibus
726 2233 866 2308 ipsarum
897 2235 949 2292 vel
982 2249 1090 2292 eorum
1123 2233 1311 2291 officialibus
1334 2247 1393 2306 pro
1417 2240 1556 2307 tempore
1576 2231 1668 2288 consti·

421 2339 550 2410 tuendis,
567 2339 663 2397 nullis
686 2345 865 2414 temporum
889 2341 1061 2410 curriculis,
1079 2341 1108 2397 in
1125 2341 1213 2397 nullo
1229 2339 1371 2397 locorum
1394 2340 1426 2396 in
1450 2339 1584 2397 terminis
1598 2337 1668 2410 regui

420 2446 579 2518 Hungarie
599 2451 629 2503 et
651 2444 815 2504 Sclauonie
839 2446 1042 2503 existencium
1072 2447 1251 2503 habitaculo
1286 2445 1442 2504 dedissent
1466 2453 1496 2503 et
1517 2445 1668 2512 solvisseut,

418 2568 474 2610 nec
497 2553 579 2609 enim
602 2568 658 2610 nos
680 2552 793 2610 nostris
816 2552 847 2608 in
869 2553 1063 2626 temporibus
1092 2551 1217 2609 eosdem
1233 2552 1316 2610 cives
1332 2551 1501 2610 Grecenses
1517 2553 1565 2609 vel
1580 2564 1670 2624 quem·

419 2658 496 2715 libet
528 2673 636 2715 eorum
668 2657 715 2715 ad*
737 2657 923 2716 solvendum
955 2658 1060 2732 ipsum
1091 2659 1215 2716 lucrum
1246 2675 1368 2716 camere
1399 2665 1503 2716 nostre
1525 2657 1669 2716 comitibus

419 2763 599 2821 earumdem
623 2765 675 2821 vel
697 2765 838 2837 ipsorum
860 2762 1049 2821 officialibus
1072 2771 1124 2822 aut
1148 2765 1267 2837 aliquid
1291 2781 1349 2838 pro
1373 2764 1484 2822 eodem
1507 2766 1590 2822 lucro
1610 2763 1670 2862 dap·

422 2870 498 2927 dum
521 2877 551 2927 et
575 2869 776 2927 tribuendum
799 2869 945 2928 duximus
968 2870 1170 2941 coercendos;
1194 2870 1247 2928 sed
1272 2883 1305 2927 ut
1329 2871 1359 2928 in
1383 2877 1542 2944 posterum
1566 2886 1616 2942 per
1628 2883 1670 2924 no·

421 2985 501 3035 stros
525 2992 715 3034 successores
739 2977 791 3034 vel
817 2992 925 3034 eorum
949 2977 1099 3034 officiales
1123 2978 1288 3035 memorati
1315 2979 1398 3034 cives
1433 2977 1597 3035 Grecenses
1616 2975 1669 3031 uni·

422 3084 584 3142 versaliter
606 3089 636 3140 et
659 3083 858 3156 singulariter
880 3083 912 3140 in
935 3082 1015 3141 facto
1039 3085 1136 3157 ipsius
1161 3084 1238 3142 lucri
1262 3099 1384 3141 camere
1399 3085 1432 3140 in
1448 3083 1585 3140 terminis
1599 3080 1669 3153 regui

421 3189 582 3248 Sclauonie
606 3190 637 3247 in
661 3191 802 3263 quolibet
821 3205 882 3247 non
904 3193 1022 3264 possint
1054 3191 1084 3247 in
1116 3191 1254 3263 ipsorum
1288 3191 1382 3246 rebus
1405 3196 1435 3246 et
1459 3190 1548 3246 bonis
1569 3188 1670 3260 aliqua·

420 3297 491 3353 liter
513 3297 643 3354 lacerari
666 3303 696 3352 et
719 3295 951 3369 condempnari,
977 3311 1096 3370 proco
1120 3296 1341 3366 commisimus,
1365 3295 1449 3367 quod
1486 3291 1670 3368 prenominati

422 3403 504 3459 cives
527 3402 696 3461 Grecenses
721 3403 937 3460 universaliter
960 3407 990 3460 et
1012 3401 1211 3474 singulariter
1234 3417 1306 3458 curn
1322 3401 1412 3458 bonis
1428 3406 1459 3458 et
1474 3402 1565 3458 rebus
1580 3411 1670 3456 eorum

422 3509 708 3565 mercimoni-alibus
728 3509 879 3566 universis
895 3509 926 3565 in
943 3507 1023 3566 facto
1039 3508 1137 3582 ipsius
1153 3508 1231 3565 lucri
1248 3523 1369 3565 camere
1386 3507 1447 3564 sint
1464 3508 1553 3564 liberi
1569 3505 1671 3580 penitus

422 3619 452 3670 et
475 3615 611 3687 exempti
636 3615 748 3688 iugiter
771 3621 801 3671 et
823 3614 855 3671 in
871 3630 973 3685 evum,
994 3614 1136 3672 locorum
1152 3615 1293 3687 quolibet
1309 3615 1490 3672 habitaculo
1505 3615 1535 3671 in
1551 3609 1671 3670 terminis

420 3721 506 3792 regni
523 3718 685 3778 Sclauonie
698 3721 890 3778 situatorum.
914 3721 947 3777 ln
960 3721 1046 3778 cuius
1058 3720 1102 3778 rei
1122 3721 1333 3778 testimonium
1349 3721 1525 3778 uberiorem
1537 3719 1572 3776 ad
1586 3725 1671 3774 caute·

423 3827 487 3884 lam
510 3831 667 3900 presentes
692 3827 897 3884 concessimus
915 3827 1032 3884 litteras
1053 3833 1173 3884 nostras
1189 3827 1350 3900 pendentis
1365 3827 1463 3899 sigilli
1479 3826 1571 3882 nostri
1586 3821 1671 3880 muni·

423 3933 505 3989 mine
521 3933 690 3989 roboratas.
709 3932 825 3989 Datum
841 3933 872 3990 in
890 3932 1084 4005 Koproncha,
1102 3933 1209 4005 quinta
1232 3931 1307 3990 feria
1323 3933 1468 4006 proxima
1485 3939 1553 4005 post
1575 3928 1670 3986 festum

421 4039 504 4096 beati
513 4038 640 4110 Georgii
653 4039 796 4096 martiris.
808 4039 895 4095 Anno
908 4039 948 4095 ab
958 4039 1169 4096 incarnacione
1179 4039 1296 4096 domini
1307 4037 1416 4094 MCCC
1425 4038 1576 4096 tricesimo
1585 4033 1672 4092 tercio.

512 4154 651 4221 Originale
671 4155 697 4206 in
718 4156 876 4214 membrana,
902 4155 1034 4205 esericca
1059 4157 1142 4205 rubra
1166 4163 1193 4206 ct
1218 4155 1298 4206 viridi
1318 4170 1390 4212 zona,
1414 4155 1544 4220 pendebat
1561 4151 1671 4218 sigillum

422 4245 452 4294 In
471 4244 580 4294 archivo
600 4244 646 4294 lib.
666 4261 720 4311 reg.
741 4244 813 4295 civit.
832 4245 937 4311 zagrab.

1010 4458 1097 4524 160.

530 4513 605 4560 Anno
629 4520 702 4569 1333,
725 4521 763 4560 12.
779 4510 849 4560 maii.

488 4623 563 4678 Mlti
582 4621 730 4678 cuiusdam
753 4621 857 4690 Blasii,
881 4623 993 4678 oriteom
1017 4622 1047 4676 in
1070 4628 1162 4677 monte
1191 4619 1286 4677 Grrclr
1309 4622 1393 4677 silom
1416 4621 1617 4692 consanguineo

715 4745 767 4784 suo
789 4728 894 4794 Paulo,
917 4729 1018 4786 comiti
1037 4727 1173 4795 terrestri}
1196 4726 1268 4782 ‹lono
1291 4726 1398 4784 cedunt.

516 4853 578 4910 Nos
602 4869 704 4911 comes
728 4854 885 4911 Dionisius
908 4859 939 4910 et
962 4860 1095 4927 quatuor
1117 4855 1233 4913 iudices
1263 4856 1427 4925 nobilium,
1450 4854 1605 4912 videlicet:
1628 4848 1676 4904 lli·

426 4961 558 5031 rozlaus
583 4959 737 5030 Nicolaus,
771 4961 921 5018 Martinus
952 4965 981 5018 et
1011 4961 1128 5032 Petrus,
1158 4961 1243 5020 filius
1274 4961 1375 5020 Blasii
1406 4962 1524 5020 Damus
1550 4968 1676 5032 prome
