3728 5806
396 541 456 616 296
817 508 889 598 Dor.
908 556 979 618 311.
1007 576 1043 583 -
1070 542 1125 598 An.
1151 539 1264 628 1382„

395 751 485 793 causa
508 736 538 792 in
562 737 713 810 premissa
736 738 815 795 inter
837 745 941 812 partes
963 739 1131 798 antedictas
1154 739 1249 798 finem
1273 740 1445 800 decisivum
1468 743 1552 800 bono
1568 743 1660 800 modo

397 839 497 899 facere
527 857 587 899 non
620 843 836 916 potuissemus,
868 844 1022 918 predictas
1052 845 1172 904 litteras
1202 848 1234 905 in
1265 848 1440 922 crapellum
1464 848 1660 920 includendo,

396 949 455 1005 sub
478 947 681 1021 impressione
703 950 812 1024 eapitis
834 951 930 1024 sigilli
952 952 1057 1024 nostri,
1076 969 1133 1026 per
1155 953 1288 1012 eundem
1312 953 1474 1012 dominum
1491 955 1660 1038 Johannem

397 1055 487 1112 vobis
510 1055 754 1128 transmittendo
778 1057 960 1114 litteratorie
983 1058 1074 1116 vobis
1098 1059 1271 1131 scribendo,
1293 1060 1378 1133 regia
1402 1060 1433 1118 in
1456 1076 1589 1134 persona
1609 1076 1661 1117 uo

396 1167 521 1234 straque
544 1163 725 1220 auctoritate
743 1163 904 1222 iudiciaria
929 1163 1083 1223 mediante
1107 1165 1207 1224 firmis
1231 1165 1424 1224 dedissemus
1445 1167 1477 1224 in
1500 1166 1660 1237 mandatis,

396 1267 479 1341 quod
503 1273 598 1342 prout
620 1269 711 1328 vobis
734 1269 773 1328 de
795 1271 992 1328 emanacione
1015 1270 1171 1329 dictarum
1196 1272 1371 1330 litterarum
1387 1278 1563 1330 vestrarum
1578 1271 1661 1329 vide·

396 1373 469 1430 licet
498 1374 530 1430 in
561 1379 670 1447 quarta
699 1376 861 1450 scriptura,
893 1391 963 1434 cera
994 1381 1024 1434 et
1050 1377 1147 1450 sigilli
1170 1378 1309 1435 scultura
1343 1394 1378 1434 ac
1401 1379 1499 1435 eciam
1522 1377 1561 1434 de
1584 1393 1661 1434 anno

396 1485 427 1537 et
457 1485 597 1554 tempore
629 1481 835 1540 emanacionis
866 1481 1047 1540 earumdem
1082 1489 1235 1542 constaret
1269 1483 1421 1541 certitudo
1450 1485 1597 1554 veritatis,
1623 1483 1661 1540 ad

397 1591 554 1659 presentes
582 1591 706 1644 octavas
738 1585 809 1645 festi
840 1588 923 1646 beati
953 1587 1062 1672 Jacobi
1085 1589 1220 1662 apostoli
1244 1590 1411 1647 simulcum
1434 1590 1663 1647 transmissione

398 1691 551 1748 dictarum
581 1693 756 1750 litterarum
786 1699 964 1752 nostrarum
994 1701 1024 1751 et
1056 1694 1130 1752 dicti
1152 1695 1248 1752 vestri
1272 1695 1430 1770 privilegii
1453 1711 1509 1769 per
1532 1695 1663 1752 eundem

398 1796 560 1854 dominum
590 1798 762 1880 Johannem
792 1799 851 1857 sub
885 1805 989 1857 vestro
1021 1801 1126 1873 sigillo
1157 1801 1247 1858 nobis
1269 1801 1537 1876 reportandamm,
1560 1810 1663 1858 utrum

397 1918 473 1960 vero
497 1907 527 1960 et
549 1903 630 1961 iusto
653 1903 747 1960 modo
771 1909 870 1962 essent
893 1911 1040 1977 emanate,
1064 1923 1122 1981 per
1145 1913 1265 1965 vestras
1288 1907 1407 1965 litteras
1429 1908 1519 1965 nobis
1539 1922 1664 1981 respon·

399 2007 473 2066 dere
496 2008 688 2080 debuissetis,
710 2016 803 2083 prout
826 2011 922 2068 eciam
947 2011 986 2069 de
1009 2013 1170 2086 premissis
1193 2013 1284 2070 nobis
1306 2018 1426 2070 constat
1446 2012 1597 2070 certitudo
1615 2029 1664 2069 ve-

399 2114 516 2184 ritatis;
539 2130 657 2188 vosque
680 2115 808 2189 prefatis
830 2117 941 2175 litteris
965 2119 1077 2176 nostris
1110 2119 1314 2192 parvipensis,
1345 2117 1468 2175 easdem
1499 2119 1665 2175 simulcum

399 2219 546 2294 predictis
577 2221 688 2278 litteris
721 2225 831 2281 vestris
861 2224 1112 2297 privilegialibus
1144 2225 1234 2282 vobis
1265 2225 1304 2282 ad
1331 2231 1480 2294 vestrum,
1508 2231 1542 2282 ut
1564 2224 1666 2300 predi·

399 2326 487 2396 citur,
511 2343 640 2384 examen
664 2329 859 2400 transmissis,
883 2345 957 2402 erga
978 2345 1034 2388 vos
1054 2331 1242 2388 reservando
1265 2331 1302 2389 ad
1322 2337 1463 2389 contenta
1486 2331 1665 2389 earumdem

399 2433 520 2490 nullam
539 2433 755 2506 responsivam
770 2450 825 2491 nec
841 2441 982 2492 oretenus
999 2451 1054 2492 nec
1070 2437 1181 2494 vestris
1199 2437 1310 2494 litteris
1327 2435 1534 2494 mediantibus
1551 2437 1581 2493 in
1597 2452 1666 2509 pre·

400 2537 548 2596 iudicium
579 2539 676 2596 nostri
706 2539 857 2597 iudicatus
892 2540 966 2597 dare
997 2547 1027 2598 et
1058 2542 1247 2615 respondere
1278 2543 1447 2600 curassetis.
1472 2541 1570 2612 Unde,
1595 2543 1667 2614 quia

402 2645 478 2702 tales
511 2647 761 2719 presumpciosos
792 2651 822 2703 et
852 2647 1016 2720 nepharios
1048 2664 1190 2705 excessus
1214 2665 1250 2705 ac
1273 2649 1370 2706 eciam
1395 2649 1665 2722 parvipensionem

401 2749 574 2806 litterarum
610 2757 785 2806 nostrarum
820 2752 966 2808 nolumus
1004 2753 1093 2809 inane
1128 2755 1325 2826 pertransire,
1353 2755 1546 2812 universitati
1573 2755 1668 2826 igitur

400 2860 502 2912 vestre
535 2855 601 2912 vice
632 2856 749 2927 iterata,
779 2857 863 2929 regia
894 2858 924 2914 in
949 2873 1079 2930 persona
1107 2864 1275 2932 nostraque
1304 2861 1484 2917 auctoritate
1507 2860 1667 2917 iudiciaria

401 2961 556 3020 mediante
586 2961 686 3019 firmis
716 2962 826 3020 damus
856 2964 887 3020 in
918 2963 1079 3034 mandatis,
1107 2971 1258 3038 quatenus
1293 2973 1385 3039 prout
1408 2967 1500 3023 vobis
1522 2966 1561 3022 de
1584 2982 1667 3023 ema·

400 3069 528 3128 nacione
551 3069 703 3126 dictarum
728 3069 902 3126 litterarum
926 3076 1101 3127 vestrarum
1125 3071 1369 3144 privilegialium
1395 3072 1533 3130 veritatis
1549 3079 1668 3129 constat

402 3175 562 3246 certitudo
585 3181 691 3232 utrum
714 3191 789 3232 vero
813 3175 920 3232 eedem
945 3177 1047 3234 littere
1069 3183 1172 3234 vestre
1195 3178 1256 3234 sint
1278 3184 1308 3234 et
1328 3184 1440 3248 extant,
1456 3194 1494 3234 an
1511 3195 1557 3248 ne,
1573 3179 1669 3235 simul

402 3297 473 3338 cum
498 3281 727 3338 transmissione
750 3281 930 3338 earumdem
954 3283 1013 3339 sub
1036 3287 1141 3339 vestro
1164 3283 1270 3354 sigillo
1292 3299 1396 3340 coram
1421 3285 1596 3341 testimonio
1619 3300 1670 3340 ca-

403 3386 496 3462 pituli
524 3387 652 3444 ecclesie
681 3387 896 3460 zagrabiensiS,
927 3388 1010 3461 quod
1042 3404 1098 3462 per
1132 3389 1237 3462 ipsum
1268 3390 1440 3464 capitulum
1472 3389 1509 3447 ad
1535 3389 1564 3446 id
1590 3391 1670 3448 serie

403 3493 597 3567 presencium
630 3493 837 3551 amicabiliter
867 3495 1074 3552 transmittere
1105 3495 1309 3567 postulamus,
1337 3496 1448 3553 litteris
1471 3497 1582 3554 vestris
1605 3512 1671 3553 me-

404 3599 560 3656 diantibus
583 3615 640 3672 per
663 3599 765 3672 ipsum
790 3599 952 3657 dominum
974 3600 1147 3684 Johannem
1163 3601 1253 3658 nobis
1268 3601 1464 3675 reportandis
1481 3602 1671 3676 respondere

405 3705 543 3783 debeatis
566 3720 677 3762 recusa
699 3713 729 3762 et
746 3721 834 3763 mora
850 3707 968 3779 absque
984 3707 1077 3764 omni.
1095 3707 1155 3764 Pro
1177 3707 1298 3780 prelata
1320 3713 1423 3765 autem
1439 3714 1542 3766 vestra
1565 3717 1673 3766 contu-

404 3811 503 3869 macia
526 3817 556 3869 et
586 3812 757 3869 rebellione
788 3813 819 3869 in
851 3813 968 3870 octavis
999 3813 1069 3869 festi
1090 3812 1174 3870 beati
1197 3813 1366 3885 Mychaelis
1389 3813 1566 3886 archangeli
1589 3830 1673 3872 nunc

404 3918 549 3986 venturis,
573 3917 638 3974 sine
662 3919 890 3987 crastinacione‚
922 3920 1127 3992 personaliter
1157 3926 1187 3976 et
1216 3935 1278 3976 non
1301 3935 1357 3992 per
1380 3925 1615 3993 procuratorem
1640 3921 1672 3977 in

404 4023 491 4081 curia
512 4023 597 4095 regia
620 4024 651 4081 in
674 4025 833 4096 presencia
865 4030 1012 4097 tanquam
1043 4027 1164 4084 evocati
1194 4026 1399 4100 compareatis
1421 4026 1576 4084 racionem
1600 4042 1673 4099 pre·

405 4130 570 4186 missorum
594 4128 746 4187 reddituri
770 4129 929 4188 efficacem
951 4137 981 4188 et
1003 4137 1074 4204 post
1096 4133 1153 4189 hec
1177 4133 1276 4191 tocius
1299 4131 1371 4190 facti
1390 4133 1512 4203 seriem,
1528 4139 1562 4188 ut
1576 4131 1674 4190 fuerit

405 4235 580 4309 expediens,
612 4235 651 4292 ad
684 4235 779 4292 dictas
810 4242 934 4294 octavas
964 4237 996 4294 in
1026 4238 1138 4296 litteris
1168 4237 1242 4297 dicti
1263 4239 1392 4312 capituli
1415 4237 1542 4296 domino
1565 4244 1674 4296 nostro

405 4342 470 4415 regi
494 4342 641 4399 volumus
664 4342 831 4415 reportari;
868 4348 1025 4416 presentes
1048 4359 1124 4401 vero
1147 4350 1219 4418 post
1241 4345 1391 4402 lecturam
1415 4343 1505 4401 reddi
1528 4345 1675 4402 iubemus

406 4448 600 4524 presentanti.
625 4449 740 4504 Datum
764 4448 794 4504 in
818 4447 1006 4521 Wissegrad,
1030 4449 1181 4521 vigesimo
1205 4456 1315 4508 octavo
1339 4449 1388 4506 die
1404 4455 1586 4506 octavarum
1602 4449 1674 4508 t'esti

406 4555 490 4616 beati
512 4555 620 4638 Jacobi
643 4553 777 4627 apostoli
800 4553 1018 4628 predictarum.
1043 4557 1132 4613 Anno
1154 4556 1272 4614 domini
1287 4555 1513 4613 MCCCLXXX
1529 4556 1673 4614 secundo.

497 4689 636 4756 Originale
655 4688 683 4739 in
702 4665 800 4746 charta,
821 4704 835 4738 a
855 4693 930 4756 tergo
950 4689 1108 4754 impressum
1128 4696 1167 4740 est
1190 4690 1315 4757 sigillum.
1342 4691 1372 4740 ln
1391 4689 1461 4740 arch.
1480 4690 1527 4740 lib.
1547 4706 1602 4756 reg.
1622 4691 1674 4742 civ.

408 4780 512 4846 zagrab.
