3728 5806
602 569 675 626 Dor.
698 581 767 646 253.
794 602 831 612 -
857 570 913 626 An.
937 579 1023 646 1371.
1386 587 1445 647 239

179 767 297 826 eisdem
329 771 412 827 veris
446 769 559 842 sigillis
589 769 821 828 machinacione
852 773 881 826 et
911 775 977 828 arte
1008 769 1173 842 dyabolica
1203 769 1394 827 conficiendo
1417 775 1447 826 et

178 876 317 932 emanarl
347 875 552 948 procurando,
583 891 619 934 ac
650 875 747 934 eciam
772 875 855 932 mala
877 875 969 934 malis
992 875 1218 934 accumulando
1241 875 1281 932 ad
1304 875 1448 934 similitu-

178 979 283 1038 dinem
307 982 374 1040 veri
397 982 502 1054 sigilli,
527 981 650 1054 falsum,
675 983 814 1056 iniquum
839 987 869 1040 et
892 983 1037 1040 dolosum
1060 983 1200 1055 sigillum
1224 982 1395 1057 sculpendo
1418 989 1449 1040 et

177 1087 280 1160 sculpi
304 1085 444 1145 faciendo
467 1087 695 1162 dampnassent,
719 1089 883 1146 violassent
906 1094 936 1146 et
952 1087 1167 1146 falsificassent
1184 1089 1216 1146 in
1232 1087 1447 1162 preludieium,

176 1190 376 1265 dispendium
407 1201 439 1251 et
468 1195 619 1252 iacturam
642 1200 779 1252 nostram
815 1201 845 1252 et
880 1194 1108 1266 regnicolarum
1124 1180 1127 1186 ’
1144 1201 1320 1252 nostrorum
1355 1193 1448 1252 valde

177 1313 334 1372 magnam.
366 1298 562 1374 Quequidem
593 1301 711 1358 scelera
742 1307 772 1358 et
798 1299 1018 1358 nefandissima
1041 1315 1076 1357 ac
1100 1300 1287 1358 execrabilia
1310 1299 1447 1358 facinora

177 1411 262 1462 certo
285 1406 402 1464 cercius
426 1405 504 1464 adeo
527 1408 585 1464 sub
609 1407 714 1480 sigillo
735 1407 926 1464 honorabilis
942 1407 1071 1480 capituli
1088 1406 1215 1464 ecclesie
1231 1407 1446 1479 zagrabiensls,
1490 1431 1494 1438 ·

177 1527 237 1584 que
261 1511 387 1569 innoxia
411 1511 553 1586 diligenti
575 1513 724 1571 scrutinio
749 1529 804 1588 per
826 1529 882 1572 nos
905 1512 1015 1571 exinde
1038 1513 1203 1587 prehabito
1226 1517 1386 1586 comperta
1401 1518 1448 1570 est

175 1623 206 1674 et
228 1619 365 1676 inmunis
392 1635 448 1676 nec
471 1620 613 1693 eclipsim
636 1620 701 1693 pati
724 1618 890 1678 videbatur
912 1620 943 1677 ln
966 1619 1025 1676 hoc
1048 1634 1121 1676 casu
1143 1619 1321 1693 aliqualem,
1341 1633 1447 1676 coram

176 1725 293 1782 nostris
323 1725 417 1798 reglis
447 1726 609 1784 obtutibus
639 1732 669 1783 et
698 1727 817 1784 cunctis
848 1725 1013 1798 regnicolis
1044 1725 1156 1784 nostris
1178 1725 1345 1783 scientibus
1377 1730 1447 1782 sunt

175 1828 370 1904 deprehensa
392 1837 423 1889 et
446 1833 573 1904 notoria,
598 1833 682 1905 quod
704 1833 792 1890 nulla
816 1838 945 1907 possunt
968 1832 1224 1904 tergiversaclone
1247 1831 1350 1888 celari.
1381 1830 1445 1888 Nos

175 1935 290 2009 itaque,
315 1939 402 1994 cuius
425 1938 551 1996 interest
574 1955 612 1996 ex
635 1937 741 1996 officio
764 1939 973 2012 preassumpti
999 1938 1158 2010 regiminis
1181 1937 1278 1995 nostri
1302 1944 1332 1994 et
1354 1937 1445 1994 mini·

175 2043 270 2099 sterio
293 2045 384 2101 nobis
414 2044 563 2102 divinitus
593 2045 711 2102 credito
742 2044 899 2116 iudicium,
930 2045 1093 2101 veritatem
1122 2049 1151 2101 et
1179 2043 1341 2114 iusticiam,
1365 2058 1444 2116 quas

173 2149 275 2205 honor
305 2152 419 2222 regalis
449 2159 553 2209 nostre
584 2152 752 2210 malestatis
782 2151 966 2226 prophetico
995 2151 1140 2208 edocente
1172 2150 1298 2224 eloquio
1331 2149 1444 2221 iugiter

173 2251 268 2312 debet
292 2257 431 2328 protuerl
455 2263 485 2314 et
507 2258 658 2332 premissa
688 2259 806 2316 scelera
827 2263 857 2315 et
880 2257 1078 2330 dispendiosa
1102 2256 1238 2314 facinora
1272 2257 1364 2314 saluti
1388 2257 1442 2313 ho-

172 2361 296 2418 minum
326 2363 449 2436 penitus
479 2363 597 2434 nociva,
629 2380 689 2438 que
719 2379 780 2422 non
809 2379 828 2421 a
854 2363 1026 2421 diseccione
1049 2369 1151 2420 nostre
1174 2363 1325 2420 virtutum
1348 2361 1443 2419 seda

171 2481 308 2524 noverca
332 2469 451 2526 iusticie
474 2477 505 2527 et
527 2477 628 2528 satore
651 2472 763 2529 zizanie
788 2471 963 2528 voluntaria
985 2471 1102 2527 scillcet
1125 2469 1365 2542 malignancium
1383 2467 1442 2526 iul·

173 2573 349 2632 minacloue
372 2581 401 2633 et
425 2576 549 2634 malicia
571 2593 737 2651 perperam
761 2581 930 2634 noscuntur
952 2575 1128 2650 profecisse,
1160 2575 1287 2632 abolere
1309 2581 1339 2632 et
1362 2573 1443 2630 radl-

172 2677 251 2735 citus
275 2680 442 2754 extirpare,
466 2688 495 2739 et
518 2683 559 2739 ob
590 2683 649 2740 hoc
677 2682 825 2754 comodis,
856 2681 1074 2755 tranquillitati
1101 2687 1278 2738 nostrorum
1304 2681 1442 2753 regnico-

172 2783 276 2841 larum
313 2785 511 2860 intendentes,
546 2788 649 2847 lutura
679 2789 827 2864 pericula,
862 2787 1042 2848 discrimina
1076 2803 1111 2844 ac
1137 2786 1299 2862 dispendia
1334 2801 1441 2844 eorum

171 2904 342 2948 exonerare
377 2891 589 2953 desideramus
623 2896 740 2954 interne
770 2901 874 2953 nostre
904 2895 1015 2952 mentis
1050 2894 1210 2952 conamine
1241 2897 1334 2966 atque
1363 2893 1441 2950 nisu.

170 2993 371 3055 Confidenter
394 2999 498 3072 itaque
522 3002 699 3074 appetimus
726 3002 867 3076 ipsorum
891 3007 1068 3058 nostrorum
1091 3001 1303 3057 subiectorum
1326 3003 1441 3056 statum

170 3101 359 3176 uberiorem,
390 3111 425 3162 ut
452 3106 484 3164 in
514 3106 724 3181 pulcritudine
754 3107 838 3181 pacis
869 3105 1002 3177 sedeant,
1038 3107 1068 3164 ln
1098 3105 1210 3163 fiducie
1233 3104 1440 3162 tabemaculls

169 3206 312 3266 habitent
336 3217 366 3268 et
390 3211 421 3268 ln
444 3213 551 3286 requie
574 3213 721 3288 opulenta
744 3215 968 3288 conquiescant,
996 3228 1057 3271 non
1081 3213 1282 3284 ambigentes,
1307 3210 1440 3284 quodsi

170 3312 201 3370 in
230 3315 405 3374 securitatis
429 3318 544 3376 virtute
574 3335 636 3394 pax
667 3319 729 3392 fiat,
762 3336 822 3378 non
846 3321 950 3378 solum
973 3322 1003 3378 ln
1028 3319 1166 3378 turribus
1189 3317 1283 3376 seculi
1307 3317 1440 3375 labentis

170 3419 387 3480 habundancia
410 3425 495 3497 pacis
518 3426 664 3499 sequitur.
688 3442 800 3484 verum
822 3427 920 3484 eciam
943 3427 1082 3485 minores
1106 3424 1319 3483 habundancie
1342 3424 1440 3498 ipsius

170 3526 328 3601 principes
344 3529 456 3602 quletis
472 3546 532 3588 non
548 3532 762 3606 relinquentur
777 3537 927 3607 expertes,
944 3532 1153 3607 operibusque
1170 3531 1293 3604 pletatis
1309 3529 1439 3587 liberius

169 3639 199 3688 et
221 3633 382 3692 salubrius
404 3650 440 3693 ac
462 3637 556 3695 saluti
579 3637 735 3696 efficacius
752 3638 920 3696 intenditur
935 3638 1110 3695 animarum
1121 3655 1128 3706 ;
1148 3635 1290 3709 illudque
1306 3635 1438 3693 nimium

169 3745 381 3813 precaventes,
413 3742 495 3816 quod
527 3760 584 3818 per
614 3744 756 3802 fraudem
787 3743 953 3802 subdolam
985 3749 1014 3801 et
1044 3743 1220 3816 nequiciam
1244 3741 1438 3799 subiciuntur

169 3847 275 3904 omnia
298 3849 444 3922 vastitati,
466 3857 746 3926 consumpmuntur
769 3852 859 3922 bona,
883 3850 1006 3924 corpori
1031 3850 1119 3922 quies
1134 3848 1334 3918 subtrahitur,
1351 3861 1438 3904 mens

169 3951 284 4026 iniquis
306 3955 571 4016 sollicitudinibus
594 3965 763 4033 occupatur
785 3959 921 4016 humana
945 3963 975 4014 et
998 3971 1060 4029 quo
1083 3955 1183 4027 magis
1202 3953 1437 4012 adversancium

169 4057 338 4120 disscensio
361 4078 394 4119 se
416 4064 536 4136 ingerit,
560 4080 596 4121 eo
619 4065 719 4124 maior
741 4064 913 4136 iurgiorum
937 4077 1028 4120 causa
1044 4061 1228 4130 suborritur,
1244 4060 1344 4116 unitas
1359 4059 1437 4115 scin·

168 4163 253 4223 ditur
276 4167 421 4241 caritatis,
437 4185 580 4228 rancores
596 4177 744 4242 crescunt,
760 4170 831 4228 odia
847 4169 1033 4240 nutriuntur,
1050 4167 1102 4241 pia
1118 4165 1317 4237 negliguntur
1333 4179 1435 4238 opera,

168 4272 290 4330 insidiis
313 4273 482 4334 intenditur
505 4283 534 4335 et
557 4279 659 4336 anime
682 4277 829 4352 periculis
860 4281 1063 4350 exponuntur.
1095 4273 1160 4330 Hec
1183 4277 1213 4329 et
1236 4272 1297 4329 alla
1320 4271 1435 4328 incom-

167 4377 262 4435 moda
285 4378 439 4440 defectiva
461 4388 491 4439 et
514 4382 675 4457 dispendia
698 4385 808 4441 nociva
843 4383 983 4456 ipsorum
1006 4379 1234 4452 regnicolarum
1256 4383 1434 4435 nostrorum

167 4483 349 4544 reducentes
367 4487 407 4544 ad
422 4495 528 4547 exacte
544 4489 800 4548 consideracionis
815 4503 944 4546 examen
960 4503 995 4544 ac
1012 4485 1093 4544 inira
1107 4485 1242 4560 pectoris
1265 4483 1434 4540 claustrum

167 4591 311 4649 sollerter
342 4595 547 4667 revolventes,
578 4601 721 4654 caventes
751 4610 873 4669 nempe,
904 4610 942 4651 ne
970 4599 1077 4667 partus
1101 4591 1253 4649 dictarum
1279 4588 1433 4660 fraudum,

168 4703 383 4769 pretensarum
407 4705 437 4759 et
459 4707 586 4760 actuum
607 4701 850 4760 facinorosorum
866 4701 956 4758 nobis
972 4707 1002 4756 et
1017 4697 1182 4770 regnicolis
1198 4697 1310 4754 nostris
1326 4710 1434 4768 supra·

167 4802 258 4861 dictis
288 4805 349 4863 sint
379 4806 547 4866 deteriores
577 4815 630 4866 aut
661 4809 835 4882 periculosi,
862 4807 888 4864 sl
919 4807 1058 4879 ipsorum
1091 4803 1269 4874 inefficacia,
1301 4815 1433 4874 precone

167 4909 286 4968 iusticia
310 4912 341 4970 in
364 4914 527 4986 publicum
550 4930 611 4973 non
635 4915 781 4988 prodiret.
805 4913 952 4970 Volentes
974 4910 1193 4968 nichilominus
1216 4913 1246 4965 et
1269 4907 1432 4964 exanimo

167 5017 325 5090 cupientes
354 5027 461 5080 contra
490 5021 668 5081 huiusmodi
699 5036 791 5078 ausus
821 5027 851 5077 et
883 5017 1043 5076 conamina
1075 5016 1128 5072 tali
1159 5015 1205 5071 uti
1228 5011 1374 5080 remedl0,
1398 5019 1432 5070 ut
