3854 5806
719 543 868 602 Addcnda.
896 577 932 586 —
958 543 1014 600 An.
1041 537 1129 620 1376.
1491 559 1552 622 455

294 650 601 658 *-
607 650 895 657 ———-—-
902 649 1074 656 ——-.-.-

906 735 941 802 8.

359 881 435 928 Anno
458 878 531 936 1376.
555 888 592 938 14.
612 877 770 928 novembris,
791 878 942 944 Zagrabiae.

287 1005 476 1062 &ustachius
499 1006 626 1062 vicanos
645 1007 792 1078 generales
815 1007 900 1078 regni
921 1005 1078 1063 Slovonioc
1100 1007 1132 1064 in
1155 1008 1389 1080 congregratione
1418 1007 1554 1063 nobilium

376 1113 462 1184 regui
482 1108 615 1169 balneum
639 1112 669 1167 in
691 1113 756 1168 vicu
779 1113 900 1184 capituli
919 1114 1013 1182 situm,
1035 1114 1096 1169 eccl.
1121 1113 1144 1169 b.
1170 1114 1282 1185 vt'rgr'm'
1307 1113 1463 1171 adiudicat.

376 1253 438 1310 Nos
462 1248 659 1310 Leustachius
685 1255 817 1312 vicarius
841 1257 939 1312 tocius
962 1256 1049 1326 regni
1072 1255 1234 1312 Sclauonie
1257 1257 1410 1327 generalis
1428 1272 1488 1329 per
1500 1256 1553 1312 do·

287 1361 407 1417 minum
432 1359 623 1417 Lodouicum
648 1360 697 1417 dei
719 1363 823 1432 gracia
847 1362 988 1419 inclitum
1004 1377 1111 1433 regem
1128 1362 1284 1434 Hungarie
1301 1361 1473 1435 deputatus.
1491 1365 1553 1420 ltle-

288 1467 385 1522 morie
409 1465 664 1523 commendamus
688 1472 793 1525 tenore
820 1468 1014 1540 presencium
1045 1469 1159 1540 quibus
1191 1467 1316 1541 expedit
1347 1467 1553 1540 significantes

287 1572 446 1642 universis
470 1571 554 1644 quod
578 1588 650 1629 cum
675 1573 834 1646 predictus
858 1573 1001 1630 dominus
1025 1581 1128 1630 noster
1151 1590 1206 1630 rex
1231 1575 1384 1646 perceptis
1398 1575 1551 1645 querimo-

286 1679 344 1735 niis
366 1678 504 1750 religiosi
533 1679 591 1736 viri
620 1679 724 1736 fratris
757 1679 894 1737 Honoldi
922 1681 1044 1736 abbatis
1075 1679 1201 1736 ecclesie
1235 1681 1323 1736 beate
1354 1679 1483 1751 virginis
1514 1679 1552 1737 de

286 1783 437 1857 Zagrabia
460 1791 565 1842 contra
589 1783 747 1856 Gerynum
772 1787 873 1843 civem
898 1786 1031 1843 civitatis
1052 1783 1213 1842 Grecensis
1233 1801 1327 1858 super
1343 1799 1387 1856 e0,
1405 1790 1437 1841 ut
1454 1785 1550 1856 quod-

286 1891 358 1948 dam
383 1891 531 1947 balneum
548 1890 628 1948 dicte
644 1893 771 1948 ecclesie
791 1908 853 1962 sue,
870 1891 1028 1964 Zagrabie,
1049 1907 1146 1965 prope
1163 1893 1262 1965 ipsam
1279 1891 1441 1948 ecclesiam
1465 1894 1551 1949 beate

287 1997 415 2069 virginis
446 2013 533 2054 secus
564 1998 667 2054 rivum
703 1997 805 2056 Grech
833 1999 984 2066 habitum,
1016 2014 1073 2071 per
1104 1999 1207 2071 ipsum
1238 1996 1398 2068 Gerynum
1426 1998 1456 2054 in
1483 2013 1549 2070 pre·

285 2104 434 2162 iudicium
455 2103 535 2161 dicte
558 2105 685 2162 ecclesie
711 2105 797 2161 beate
821 2105 949 2176 virginis
977 2104 1164 2162 detineretur
1181 2111 1374 2177 occupatum,
1391 2104 1451 2176 ipsi
1468 2104 1551 2175 regie

285 2210 445 2267 humiliter
472 2211 622 2283 porrectis
650 2211 810 2279 maiestati,
845 2210 1065 2267 discussionem
1099 2209 1276 2267 huiusmodi
1313 2224 1403 2266 cause
1434 2209 1551 2266 eteius

285 2315 411 2372 finalem
440 2315 697 2373 adiudicationem
730 2316 760 2372 in
792 2316 909 2373 octavis
941 2315 1011 2372 festi
1048 2315 1269 2384 penthecostes
1301 2332 1381 2372 nunc
1408 2315 1551 2388 proxime

285 2423 448 2494 preteritis
465 2437 522 2494 per
537 2437 607 2478 suas
623 2421 742 2478 litteras
759 2423 877 2493 regales
901 2429 1006 2479 nostro
1022 2422 1135 2479 iudicio
1151 2423 1329 2494 preceptive
1345 2422 1551 2478 commisisset

285 2526 519 2584 terminandam.
543 2526 638 2583 Cuius
662 2543 752 2584 cause
775 2527 878 2585 finalis
902 2529 1080 2586 terminacio
1105 2528 1176 2584 licet
1203 2529 1244 2583 ab
1275 2528 1384 2584 eodem
1410 2529 1550 2598 termine,

285 2641 414 2706 propter
436 2627 592 2690 nobilium
615 2635 701 2705 regni
725 2635 888 2691 nobiseum
913 2634 1160 2691 adiudicancium
1188 2635 1383 2706 paucitatem.
1416 2649 1474 2706 pro
1498 2635 1551 2690 ha-

286 2739 385 2796 benda
410 2739 586 2796 huiusmodi
610 2756 700 2796 cause
717 2741 879 2797 maturiori
899 2741 1125 2797 deliberacione
1142 2740 1179 2803 ad
1198 2739 1367 2812 quindenas
1383 2739 1551 2796 residencie

285 2847 436 2902 exercitus
459 2847 535 2917 regii
553 2848 695 2918 proxime
713 2846 933 2919 proclamande
950 2863 1005 2918 per
1017 2861 1073 2903 nos
1090 2854 1256 2918 prorogata
1272 2847 1413 2902 extiterit.
1431 2845 1548 2903 Tamen

284 2953 426 3024 partibus
449 2960 573 3025 recepto
597 2969 690 3026 snper
714 2968 751 3009 eo
774 2954 902 3025 speciali
924 2954 1010 3024 regio
1035 2952 1189 3020 mandat0,
1215 2963 1245 3008 ut
1268 2959 1381 3025 partes,
1410 2967 1471 3009 non
1495 2953 1549 3009 ob-

285 3059 437 3116 stantibus
460 3059 530 3115 aliis
554 3059 665 3115 litteris
688 3059 801 3115 nostris
821 3059 1052 3130 prorogatoriiS‚
1076 3074 1148 3115 cum
1172 3059 1318 3116 omnibus
1347 3059 1409 3114 suis
1439 3059 1550 3115 instru-

284 3165 396 3221 mentis
420 3165 450 3221 in
471 3172 608 3221 nostram
632 3166 796 3221 convocari
818 3163 958 3220 iaciendo
975 3165 1176 3236 presenciam,
1194 3164 1342 3220 iudicium
1359 3179 1453 3236 super
1469 3162 1549 3220 lacto

285 3269 359 3326 dicti
383 3271 486 3327 balnei
510 3271 638 3342 equitati
661 3286 832 3342 congruens
858 3271 943 3327 iuxta
975 3271 1115 3343 parcium
1147 3271 1282 3342 allegata
1305 3276 1334 3326 et
1367 3269 1550 3326 eorumdem

284 3376 560 3432 instrumentorum
584 3377 695 3434 seriem
718 3378 796 3434 inter
813 3377 937 3433 easdem
954 3375 1133 3433 faceremus.
1151 3377 1239 3433 Feria
1255 3376 1388 3432 secunda
1404 3375 1549 3448 proxima

284 3488 355 3554 post
376 3481 488 3538 festum
512 3483 726 3555 apostolorum
755 3482 899 3554 Symonis
923 3491 953 3539 et
983 3482 1062 3564 Jude
1095 3483 1264 3551 beatorum,
1295 3498 1376 3538 nunc
1407 3481 1550 3554 proxime

285 3591 482 3658 transactum,
507 3590 592 3646 iuxta
616 3590 736 3662 regium
761 3589 949 3659 mandatum,
974 3605 1030 3662 per
1053 3596 1191 3646 nostram
1215 3590 1413 3646 vocacionem
1444 3602 1549 3644 coram

285 3695 382 3764 nobis,
408 3695 597 3768 prelatisque
621 3703 650 3751 et
675 3696 843 3752 baronibus
867 3698 953 3768 regni
977 3697 1237 3768 comparentibus
1253 3695 1403 3752 discretus
1419 3695 1468 3752 vir
1484 3709 1547 3751 ma·

284 3799 379 3870 gister
405 3799 527 3870 Paulus,
551 3802 715 3858 canonicus
738 3809 768 3856 et
791 3808 897 3858 cantor
921 3803 1049 3859 ecclesie
1073 3803 1288 3872 aagrabiensis,
1312 3802 1457 3873 legittimi
1476 3816 1548 3873 pro-

284 3906 429 3961 curatorii
453 3903 582 3976 iungens
605 3905 718 3977 officio,
742 3922 800 3978 pro
827 3908 895 3979 ipso
923 3907 1018 3964 fratre
1042 3905 1187 3964 Honoldo
1218 3907 1331 3963 abbate
1362 3907 1548 3978 exurgendo,

284 4011 458 4083 predictum
486 4013 631 4069 balneum
656 4013 826 4084 litigiosum
851 4013 890 4069 ad
914 4013 1030 4070 dictam
1053 4014 1215 4070 ecclesiam
1246 4013 1333 4068 beate
1360 4014 1489 4086 virginis
1510 4013 1549 4072 de

283 4117 349 4174 iure
373 4117 526 4188 pertinere
550 4119 695 4190 allegans,
720 4117 837 4176 ibidem
867 4118 1017 4190 quasdam
1046 4120 1163 4175 litteras
1197 4119 1388 4176 honorabilis
1420 4121 1549 4192 capituli

284 4223 364 4280 dicte
391 4223 518 4280 ecclesie
541 4225 746 4297 zagrabiensis
764 4230 909 4296 patentes
927 4225 1054 4296 antiquo
1070 4225 1174 4298 sigillo
1191 4225 1330 4282 eiusdem
1346 4227 1547 4298 consignatas,

283 4347 363 4388 anno
386 4330 505 4388 domini
520 4332 689 4388 millesimo
705 4331 916 4388 ducentesimo
928 4332 1126 4403 nonagesimo
1144 4333 1246 4404 primo
1262 4330 1425 4399 confectas,
1442 4338 1548 4389 nostro

283 4437 445 4496 iudiciario
468 4439 602 4494 examini
626 4439 822 4510 presentavit,
847 4439 1051 4495 continentes:
1076 4437 1157 4510 quod
1186 4453 1257 4494 cum
1281 4438 1358 4494 olim
1382 4439 1461 4494 inter
1484 4453 1548 4494 ma-

282 4545 415 4616 gistrum
438 4543 564 4600 Petrum
587 4544 768 4600 canonicum
794 4543 912 4616 prefate
935 4543 1062 4600 ecclesie
1087 4544 1293 4614 zagrabiensis
1309 4544 1350 4600 ab
1367 4559 1434 4613 una,
1451 4543 1548 4602 abba·

284 4655 409 4722 temque
432 4649 470 4706 de
493 4649 594 4706 insula
617 4650 712 4706 sancti
735 4650 844 4731 Jacobi
868 4656 897 4706 et
921 4651 986 4706 eius
1010 4648 1119 4706 fratres
1145 4657 1231 4720 parte
1255 4665 1292 4704 ex
1316 4649 1414 4706 altera
1431 4651 1460 4706 in
1478 4665 1547 4722 pre·

283 4756 384 4812 sencia
407 4756 595 4812 venerabilis
612 4757 707 4829 patris
724 4755 843 4812 domini
857 4756 1006 4838 Johannis
1029 4754 1160 4811 condam
1179 4759 1404 4827 prememorate
1419 4756 1547 4814 ecclesie

282 4862 489 4933 zagrabiensis
505 4862 652 4936 episcopi,
669 4878 764 4935 super
781 4861 862 4919 lacto
878 4860 966 4918 fundi
983 4878 1034 4918 seu
1053 4861 1111 4918 loci
1135 4861 1292 4918 cuiusdem
1312 4861 1416 4918 balnei
1432 4861 1463 4920 in
1479 4862 1547 4920 rivo

283 4966 393 5038 Grech,
417 4967 525 5023 subtus
549 4967 666 5024 curiam
694 4969 790 5042 ipsius
818 4968 959 5040 magistri
983 4968 1063 5026 Petri
1088 4968 1252 5038 existentis,
1276 4983 1333 5040 per
1356 4969 1459 5040 ipsum
1482 4984 1546 5026 ma-
