3728 5806
622 565 696 621 Doc.
716 561 791 622 268.
819 597 855 608 -
882 565 938 622 An.
963 575 1048 642 1377.
1407 581 1467 644 259

202 769 309 820 nostro
340 761 407 818 illic
437 760 611 818 accedendo
640 762 681 818 ab
711 762 856 818 omnibus
886 762 1046 819 nobilibus
1077 767 1107 820 et
1130 763 1321 834 ignobilibus
1343 778 1379 819 ac
1402 763 1471 820 aliis

202 868 339 926 cuiusvis
362 871 468 937 status,
492 866 680 924 condicionis
712 867 853 940 parcium
879 867 1006 924 illamm
1030 868 1217 938 hominibus,
1241 883 1259 924 a
1282 868 1395 940 quibus
1419 867 1472 926 de·

201 975 299 1032 cuerit
322 979 352 1031 et
375 973 496 1031 licuerit
526 973 633 1046 palam
656 977 686 1029 et
710 973 819 1044 oculte,
843 972 1008 1046 diligenter
1037 989 1073 1030 ac
1094 974 1316 1030 conscienciose
1346 973 1470 1031 investi-

200 1079 313 1152 gando,
337 1081 435 1136 sciant
457 1085 487 1135 et
511 1079 667 1151 inquirant
690 1077 729 1135 de
753 1079 912 1151 premissis
931 1079 1144 1136 omnimodam
1162 1080 1333 1150 veritatem,
1353 1085 1383 1137 et
1399 1085 1470 1154 post

201 1186 258 1243 hec
282 1191 378 1260 prout
401 1185 492 1242 vobis
515 1183 626 1241 exinde
649 1184 764 1242 veritas
787 1186 965 1256 constiterit,
989 1185 1116 1242 domino
1134 1191 1239 1242 nostro
1255 1187 1321 1258 regi
1337 1185 1472 1243 fideliter

201 1292 387 1348 rescribatis.
410 1290 528 1347 Datum
551 1290 583 1346 in
606 1289 716 1360 Crisio,
737 1289 868 1348 sabbato
897 1292 1042 1364 proximo
1065 1297 1136 1364 post
1157 1291 1334 1365 predictum
1358 1290 1470 1349 festum

201 1397 388 1454 ascensionis
411 1396 537 1453 domini.
561 1398 651 1452 Anno
675 1395 812 1452 eiusdem
837 1395 1032 1453 MCCCLXX
1055 1397 1196 1470 septimo.

291 1513 313 1562 E
331 1513 461 1564 relatione
478 1513 584 1563 Nicolai
603 1515 636 1562 de
649 1513 754 1570 VertuS,
767 1512 871 1562 comitis
884 1513 1069 1578 zagrabiensis,
1092 1519 1121 1563 ut
1140 1511 1217 1566 infra.

794 1745 882 1811 268.

308 1872 384 1919 Anno
408 1877 482 1928 1377,
504 1870 542 1920 18.
563 1868 635 1920 maii.
654 1867 808 1934 Zagrabiae.

210 1997 311 2054 Vernis
332 2015 420 2054 comes
442 1997 558 2070 zagrab.
582 2005 611 2054 et
629 1997 733 2054 indices
755 1996 899 2061 nobilium.
923 1996 956 2053 de
966 1997 1154 2071 facinoribus
1176 2005 1319 2055 annuente
1344 2001 1469 2073 capitulo

370 2104 487 2176 zagrab.
512 2105 582 2160 acti's
604 2105 709 2160 bunum
732 2099 850 2161 Petrinn
875 2101 986 2172 Zudar,
1009 2104 1154 2160 certiorem
1176 2104 1305 2162 reddunt.

291 2248 560 2306 Excellentissimo
583 2248 710 2304 domino
733 2264 840 2305 eorum
876 2247 1040 2318 lodouic0‚
1065 2248 1115 2307 dei
1138 2250 1241 2322 gracia
1275 2250 1381 2309 inclito
1404 2253 1470 2324 regi

202 2357 371 2427 Hungarie,
395 2356 543 2428 magister
566 2353 712 2412 Nicolaus
736 2354 774 2411 de
797 2355 913 2424 Virtus,
929 2367 1033 2412 comes
1052 2357 1267 2426 zeugmatensis,
1285 2355 1466 2446 Stephanus,

200 2461 285 2519 filius
309 2461 449 2532 Mykech,
465 2459 604 2532 Mykech‚
621 2459 705 2516 filius
729 2459 878 2530 Cerhenk,
901 2461 1064 2542 Johannes‚
1089 2461 1174 2518 filius
1198 2461 1324 2535 Georgii
1347 2469 1377 2520 et
1392 2463 1469 2522 Gre-

201 2569 316 2639 gorius,
340 2567 425 2624 filius
458 2567 600 2633 Irethlen,
633 2566 748 2622 iudices
778 2566 932 2623 nobilium
964 2567 1127 2624 comitatus
1157 2569 1365 2640 zagrabiensis
1399 2585 1495 2636 cum,

202 2673 353 2746 obsequio
385 2673 541 2730 servitutis
571 2687 607 2728 ac
637 2677 788 2744 perpetua
815 2671 972 2728 fidelitate.
1011 2671 1141 2729 Noverit
1177 2680 1280 2731 vestra
1314 2677 1469 2744 serenitas

202 2794 257 2836 nos
280 2779 434 2853 recepisse
458 2780 577 2835 litteras
601 2777 756 2848 magnifici
780 2778 839 2834 viri
865 2777 983 2834 domini
1013 2777 1095 2834 Petri
1126 2777 1246 2850 dear,
1271 2781 1358 2852 regni
1382 2780 1467 2839 Scla-

202 2886 293 2942 uonie
318 2886 401 2955 bani,
425 2885 541 2942 honore
566 2899 627 2956 quo
651 2883 753 2940 decuit
777 2885 807 2940 in
832 2883 887 2940 hec
911 2884 1023 2941 verba:
1050 2878 1123 2962 (vid.
1147 2901 1191 2942 nr.
1217 2885 1288 2956 267,
1306 2902 1352 2945 an.
1374 2901 1467 2959 1377,

203 3007 230 3064 9.
254 2984 349 3066 maii).
373 2990 436 3048 Nos
458 2992 562 3064 itaque
585 2988 738 3046 mandatis
761 2990 858 3063 ipsius
882 2989 999 3046 domini
1024 2990 1095 3046 bani
1127 2990 1276 3048 hobedire
1298 2994 1464 3066 cupientes,

201 3103 236 3153 ut
259 3105 409 3166 tenemur,
434 3095 512 3152 duos
535 3111 572 3152 ex
603 3095 701 3165 nobis,
733 3095 893 3152 videlicet:
924 3094 1126 3169 Stephanum,
1150 3095 1251 3154 filium
1284 3098 1413 3170 Mykech
1437 3105 1466 3156 et

202 3202 342 3274 Mykech,
367 3202 469 3260 filium
492 3201 643 3272 Cerhenk,
660 3216 791 3258 unacum
808 3199 948 3273 predicto
963 3201 1062 3272 Petr0‚
1079 3200 1145 3258 filio
1166 3201 1286 3261 Nicolai
1302 3203 1340 3260 de
1356 3203 1468 3275 Mlaka,

205 3309 328 3366 homine
353 3308 450 3380 ipsius
473 3307 591 3364 domini
615 3307 688 3362 bani
711 3305 750 3362 ad
776 3307 927 3378 premissa
950 3305 1126 3379 peragenda
1146 3322 1203 3380 pro
1220 3309 1397 3366 testimonio
1413 3309 1469 3367 du-

203 3415 306 3472 ximus
330 3412 592 3482 transmittendos,
618 3413 671 3484 qui
694 3411 819 3468 tandem
843 3410 953 3468 exinde
985 3411 1024 3468 ad
1055 3428 1110 3468 nos
1138 3415 1262 3484 reversi,
1286 3415 1376 3472 nobis
1397 3430 1469 3472 con·

204 3521 338 3578 corditer
361 3527 390 3576 et
413 3518 610 3576 uniformiter
632 3519 812 3587 retulerunt,
836 3516 919 3590 quod
950 3518 1009 3591 ipsi
1041 3519 1071 3574 in
1102 3519 1220 3575 octavis
1245 3518 1312 3577 sesti
1336 3520 1467 3594 predicti

203 3627 388 3683 ascensionis
419 3625 537 3682 domini
561 3624 679 3681 illicet
703 3623 780 3680 alias
804 3623 1007 3696 procedendo,
1033 3623 1073 3680 ab
1099 3625 1245 3681 omnibus
1276 3627 1390 3698 quibus
1413 3627 1465 3684 de-

204 3733 265 3790 cuit
288 3737 318 3789 et
341 3733 430 3790 licuit
453 3732 675 3788 conscienciose
696 3729 910 3800 investigando
926 3745 944 3786 a
959 3729 1118 3786 nobilibus
1141 3737 1171 3787 et
1190 3731 1381 3803 ignobilibus
1398 3733 1468 3790 illa-

203 3855 275 3896 mm
307 3838 448 3912 parcium
479 3837 658 3894 hominibus
688 3836 782 3893 talem
814 3836 851 3892 de
884 3836 1041 3908 premissis
1074 3837 1234 3893 scivissent
1256 3837 1468 3896 omnimodam

203 3945 376 4014 veritatem,
401 3942 484 4017 quod
508 3942 631 4016 pridem
663 3941 739 3999 seria
769 3943 876 4014 quinta
899 3942 1043 4015 proxima
1066 3947 1135 3998 ante
1163 3941 1277 4000 festum
1300 3943 1382 4000 beati
1410 3943 1469 4002 Ge·

203 4050 280 4122 orgii
312 4049 450 4106 martiris
479 4047 661 4120 predictum,
685 4047 856 4121 capitulum
889 4047 1017 4104 ecclesie
1047 4047 1255 4120 zagrabiensis
1286 4064 1394 4106 eorum
1417 4067 1468 4107 ne-

202 4155 304 4228 quicia
327 4155 527 4228 precogitata,
550 4154 654 4210 animo
678 4152 855 4225 furibund0,
877 4154 1055 4211 hominibus
1077 4154 1215 4226 ipsomm
1232 4155 1469 4214 transmittendo

201 4259 241 4317 ad
265 4260 388 4318 Novam
411 4260 522 4316 villam
546 4257 762 4330 Grechensem,
786 4265 888 4316 vestre
919 4259 1060 4330 civitatis,
1093 4273 1191 4332 prope
1224 4257 1353 4316 ssuvium
1376 4259 1466 4330 Zaue‚

203 4365 430 4424 habitatoribus
454 4366 485 4422 in
509 4365 576 4438 ipsa
609 4364 819 4434 existentibus,
843 4364 928 4421 clara
958 4364 1034 4434 luce,
1066 4365 1147 4421 recia
1177 4364 1311 4436 piscaria
1333 4365 1468 4423 abstule-

202 4481 273 4530 nmt
296 4477 326 4529 et
349 4471 564 4528 demactamnt
587 4477 617 4528 et
640 4470 792 4542 quosdam
816 4485 853 4525 ex
877 4470 952 4543 ipsis
975 4469 1142 4527 cmdeliter
1170 4469 1378 4528 verberarunt.
1400 4471 1468 4529 Hiis

202 4593 263 4635 non
286 4579 430 4648 contenti,
453 4576 548 4634 iidem
572 4577 712 4633 homines
736 4575 809 4632 dicti
825 4576 955 4648 capituli
970 4577 1001 4632 in
1017 4576 1125 4647 vigilia
1142 4575 1305 4632 beatorum
1328 4575 1468 4651 Philippi

204 4689 233 4740 et
244 4683 355 4766 Jacobi
366 4683 590 4757 apostolorum,
606 4681 750 4738 similiter
765 4682 907 4754 proxime
920 4683 1075 4754 preterita,
1087 4682 1142 4739 ubi
1155 4683 1302 4739 mulieres
1321 4687 1351 4739 et
1363 4683 1469 4756 puelle

204 4788 242 4846 de
265 4789 374 4846 eadem
398 4788 487 4846 Nova
510 4788 589 4844 villa
612 4787 651 4844 ad
676 4802 783 4844 earum
806 4788 1034 4858 negociaciones
1051 4789 1189 4861 ipsarum
1213 4789 1413 4846 mercimonia
1428 4789 1467 4846 ad

204 4893 306 4952 forum
331 4899 498 4968 portarent,
523 4893 605 4966 ipsas
629 4894 659 4950 in
682 4892 809 4966 publica
840 4893 890 4949 via
922 4899 1059 4966 repertas
1083 4893 1265 4965 invadendo,
1295 4895 1468 4968 spoliarunt

204 5007 232 5058 et
252 5002 385 5075 turpiter
407 5006 641 5075 pertractarunt.
664 4999 711 5056 De
743 4998 889 5073 predictis
919 5015 979 5056 non
1010 4999 1202 5072 sufficiendo,
1232 5000 1341 5058 eodem
1364 5001 1414 5060 die
1437 5009 1467 5060 et
