3782 5812
676 558 750 614 Due.
776 571 823 635 14.
851 591 887 599 -
912 558 969 615 An.
994 569 1079 634 1237.

360 807 409 855 An.
429 813 502 863 1237.
522 805 675 870 Zagrabiae.
862 771 921 838 14·

251 948 417 1023 Stephanus
441 951 483 1008 ll.
507 951 652 1025 episcopus
675 953 802 1010 restituit
822 953 948 1026 capittela
969 952 1086 1024 aagrab.
1106 952 1259 1025 praedium
1287 953 1433 1027 Taplicbu.
1458 953 1522 1010 Pro

260 1055 360 1128 Vugra
383 1065 411 1112 et
434 1056 537 1113 Zeliua
554 1058 709 1132 praedium
725 1058 875 1130 Podgoria
891 1065 919 1115 et
933 1057 1007 1114 eletas
1026 1059 1138 1114 insulas
1155 1058 1198 1114 aa'
1211 1057 1321 1116 Sauum
1341 1060 1413 1116 sitas
1429 1058 1522 1132 reffert,

247 1170 304 1234 pra
319 1163 469 1236 fructibus
492 1165 596 1221 iniuste
618 1163 740 1238 acceptes
757 1177 826 1241 300
849 1165 964 1221 cubulos
988 1165 1057 1232 atui,
1079 1172 1207 1239 quatuor
1228 1172 1334 1221 aratra
1357 1165 1523 1238 Zagrabiae

250 1284 314 1324 cum
348 1277 478 1343 quatuor
506 1271 701 1328 mansionibus
730 1289 879 1329 seruorum
913 1271 1043 1328 coneedit.
1081 1269 1213 1344 Spatium
1243 1272 1306 1328 item
1338 1289 1436 1328 versus
1462 1279 1522 1346 sep

249 1377 457 1432 teuitn'oualem
474 1385 590 1450 partem
613 1379 674 1434 eccl.
699 1377 875 1436 cathedrales
898 1396 959 1434 cum
976 1379 1101 1452 piscina,
1125 1379 1204 1453 quod
1222 1398 1241 1435 a
1257 1379 1392 1454 fundata
1407 1379 1522 1436 eccbsia

249 1483 375 1555 capituli
388 1483 495 1556 fuerit,
518 1501 553 1540 ac
574 1485 683 1540 demum
707 1485 752 1541 ius
775 1485 901 1542 testandi
921 1494 949 1542 et
970 1486 1100 1542 intestute
1122 1485 1309 1542 decedentium
1332 1485 1522 1542 substanttam

610 1591 764 1659 tractandi,
789 1591 1002 1665 capitularibus
1017 1593 1167 1665 pemittit.

358 1766 532 1842 Stephanus
562 1769 612 1828 dei
643 1773 746 1843 gracia
777 1772 941 1844 episcopus
971 1771 1185 1844 zagrabiensis.
1216 1771 1377 1830 Universis
1405 1733 1522 1828 litteras

249 1880 410 1947 presentes
433 1876 617 1948 inspecturis
641 1877 774 1934 salutem
799 1878 829 1935 in
852 1877 987 1935 domino.
1011 1875 1116 1950 Quum
1140 1878 1301 1934 restituere
1322 1881 1471 1950 usurpata
1487 1892 1523 1934 ac

251 1979 336 2037 nolle
361 1981 578 2054 concupiscere
601 1983 702 2040 aliena
726 1983 801 2040 iuris
826 1982 992 2058 persuadet
1016 1983 1136 2056 equitas
1159 1988 1189 2040 et
1210 1982 1287 2040 ordo
1303 1983 1459 2056 approbat
1474 1998 1522 2040 ra-

251 2087 357 2143 cionis
382 2085 446 2143 Nos
462 2088 742 2160 conquestionibus,
759 2090 966 2163 peticionibus
982 2097 1011 2148 et
1028 2091 1174 2164 precibus
1190 2095 1366 2147 nostrorum
1391 2087 1523 2148 fratrum

251 2192 500 2265 zagrabiensium
525 2194 629 2267 sepius
652 2196 841 2264 commoniti,
858 2195 942 2253 etad
962 2196 1109 2254 ultimum
1124 2196 1271 2266 inclinati,
1295 2195 1523 2253 considerantes

251 2297 438 2371 diligencius
462 2305 491 2356 et
515 2299 721 2372 intelligentes
744 2301 867 2374 plenius
891 2302 1026 2375 quedam
1049 2303 1117 2360 iura
1133 2303 1273 2376 ipsorum
1291 2317 1347 2376 per
1364 2300 1522 2376 precedes-

248 2419 336 2462 sores
360 2409 390 2461 et
413 2404 565 2463 officiales
587 2411 709 2464 nostros
738 2406 849 2466 iniuste
880 2407 1003 2466 detenta
1034 2423 1107 2480 esse,
1137 2409 1215 2466 sicut
1246 2408 1336 2467 nobis
1363 2408 1454 2465 huius
1478 2409 1523 2466 rei

248 2511 388 2568 constitit
411 2511 564 2569 certitudo
588 2513 729 2586 ipsorum
752 2515 847 2571 variis
871 2519 900 2571 et
923 2513 1036 2572 validis
1053 2515 1302 2588 probacionibus,
1323 2520 1389 2572 tum
1406 2529 1445 2570 ex
1459 2514 1523 2597 pri-

249 2616 375 2688 vilegiis
398 2631 518 2690 regum,
543 2625 611 2674 tum
634 2633 671 2676 ex
689 2619 982 2678 confirmacionibus
998 2620 1180 2694 pontificum
1196 2597 1397 2678 romanorum
1421 2605 1522 2676 abeis

249 2723 344 2780 nobis
367 2723 514 2780 exhibitis
538 2730 567 2780 et
591 2726 729 2796 ostensis,
753 2727 944 2783 restituimus
968 2727 1012 2783 eis
1035 2741 1090 2783 sua
1113 2727 1188 2794 iura,
1213 2741 1284 2784 cum
1308 2725 1369 2782 iam
1387 2725 1443 2782 illa
1458 2725 1523 2782 sine

249 2829 395 2902 periculo
418 2829 520 2886 anime
544 2836 646 2888 nostre
670 2831 829 2906 possidere
861 2833 992 2890 ulterius
1022 2848 1081 2890 non
1115 2847 1284 2908 possemus,
1309 2831 1405 2889 nichil
1430 2808 1522 2905 depe-

247 2936 311 2992 rire
336 2935 525 2993 utilitatibus
555 2936 740 2994 arbitrantes
772 2939 994 3008 ecclesiasticis,
1026 2939 1112 2995 iuxta
1143 2939 1303 2995 canonicas
1328 2938 1519 2995 sancciones:

248 3043 275 3098 si
300 3057 360 3112 que
383 3050 455 3098 sunt
478 3042 587 3112 aliena,
610 3041 829 3112 redderentur;
860 3045 997 3103 maxime
1029 3061 1098 3100 cum
1124 3045 1228 3101 omnia
1252 3043 1307 3101 illa
1330 3045 1394 3100 sine
1418 3043 1523 3116 aliqua

248 3148 368 3204 lesione
391 3149 468 3205 iuris
493 3149 542 3205 vel
566 3148 724 3221 dignitatis
756 3151 942 3224 episcopalis
968 3150 1088 3208 restitui
1116 3155 1290 3223 potuerunt,
1321 3150 1419 3206 immo
1451 3150 1522 3221 quia

248 3253 290 3310 de
313 3255 380 3310 iure
409 3253 590 3312 debuerunt.
621 3255 767 3328 Inprimis
798 3257 901 3329 itaque
935 3257 1127 3314 restituimus
1158 3256 1201 3312 eis
1225 3261 1340 3312 terram
1363 3255 1429 3312 sive
1452 3269 1523 3328 pre·

249 3359 337 3418 dium
362 3359 513 3434 Toplicha
538 3361 737 3434 integraliter,
759 3361 842 3435 quod
873 3363 916 3420 eis
948 3363 1098 3420 collatum
1134 3361 1233 3418 iuerat
1260 3361 1459 3434 abantiquo,
1483 3359 1521 3418 ad

249 3480 306 3523 nos
331 3473 435 3522 autem
459 3467 581 3524 noviter
604 3483 662 3540 pro
686 3467 822 3542 quodam
847 3483 946 3541 parvo
973 3469 1155 3526 concambio
1189 3467 1381 3538 devolutum,
1406 3467 1523 3539 inquo

250 3572 335 3628 ultra
359 3571 523 3629 dimidiam
555 3572 626 3628 iusti
658 3573 753 3646 precii
785 3590 816 3631 se
850 3573 995 3648 deceptos
1022 3579 1192 3631 asserentes
1223 3579 1253 3630 et
1284 3575 1400 3646 pariter
1422 3580 1523 3630 osten·

250 3677 366 3747 dentes,
392 3677 475 3735 idem
507 3679 723 3736 concambium
755 3680 845 3737 nobis
876 3681 905 3738 in
939 3681 1105 3738 continenti
1136 3681 1300 3737 restituere
1328 3685 1522 3736 curaverunt.

249 3783 311 3840 Pro
336 3783 422 3856 Vgra
446 3792 547 3842 autem
573 3791 602 3842 et
633 3784 745 3856 Zelina‚
779 3787 851 3858 quia
880 3795 909 3844 et
940 3788 1000 3845 ista
1030 3785 1092 3844 duo
1124 3785 1233 3860 predia
1263 3786 1307 3842 eis
1335 3784 1523 3843 restituenda

251 3899 346 3962 erant,
371 3891 451 3948 sicut
474 3907 512 3948 ex
536 3892 710 3965 privilegiis
733 3909 842 3966 regum
862 3899 891 3950 et
908 3893 1200 3950 confirmacionibus
1223 3906 1424 3950 romanorum
1448 3906 1523 3964 pon·

250 3996 371 4054 tificum
397 3997 516 4056 Vrbani
540 4004 569 4055 et
594 3997 744 4072 Gregorii,
769 3998 1029 4068 demonstrarunt,
1052 4000 1142 4057 nobis
1170 4005 1274 4056 autem
1304 3981 1397 4055 ¹valde
1421 4013 1522 4055 neces-

247 4105 330 4160 saria
361 4111 457 4174 erant,
493 4103 635 4161 dedimus
665 4105 709 4162 eis
740 4106 966 4175 concambium,
999 4105 1144 4161 videlicet
1176 4104 1328 4178 predium,
1361 4101 1444 4176 quod
1469 4119 1522 4160 vo·

247 4217 337 4267 catur
361 4208 516 4282 Podgoria
539 4225 610 4267 cum
634 4212 780 4268 omnibus
803 4213 865 4268 suis
882 4211 1018 4282 decimiS,
1038 4217 1066 4267 et
1083 4211 1159 4267 duas
1181 4212 1279 4268 eciam
1304 4211 1419 4268 insulas
1437 4211 1522 4267 iuxta

248 4315 375 4373 Sawam
402 4317 484 4384 sitas,
509 4331 586 4388 quas
610 4316 689 4374 Bura
713 4325 743 4374 et
767 4318 916 4374 Albertus
932 4334 969 4375 ex
988 4327 1074 4391 parte
1090 4324 1194 4374 nostra
1211 4315 1418 4392 possidebant.
1437 4315 1522 4385 item,

249 4438 349 4495 quum
365 4411 548 4479 ¹antecessor
570 4429 679 4493 noster,
705 4425 785 4480 bone
815 4425 971 4492 memorie,
1003 4422 1177 4498 Stephanus
1205 4422 1322 4480 eisdem
1352 4422 1523 4479 donaverat

248 4528 400 4586 ducentos
425 4544 536 4602 porcos
560 4537 590 4586 et
615 4530 741 4588 totidem
768 4532 898 4589 cubulos
923 4531 985 4589 vini
1009 4517 1049 4588 ad
1074 4545 1271 4587 communem
1296 4544 1436 4586 mensam
1461 4527 1521 4585 fra-

248 4643 334 4692 trum
369 4635 457 4692 annis
488 4635 617 4708 singulis
648 4644 862 4709 proventuros,
894 4638 1096 4695 donacionem
1128 4636 1216 4694 illam
1248 4637 1394 4693 volumus
1417 4635 1522 4692 obser·

248 4757 332 4805 vare,
365 4749 396 4798 et
428 4741 554 4814 insuper
584 4743 766 4800 eorumdem
798 4744 1023 4817 compacientes
1055 4743 1231 4818 paupertati
1263 4741 1432 4800 adiecimus
1464 4748 1523 4798 ter·

245 4855 354 4904 centos
387 4847 626 4916 cubulos-vini,
658 4854 691 4904 ut
729 4848 874 4923 deinceps
915 4851 1100 4922 quingentos
1132 4848 1264 4906 cubulos
1295 4848 1359 4905 vini
1390 4847 1523 4903 habeant

248 4953 335 5010 omni
358 4968 447 5010 anna.
471 4953 577 5025 Quum
608 4969 682 5011 vero
713 4955 805 5012 alieni
837 4957 910 5012 iuris
943 4956 1059 5013 fructus
1091 4955 1265 5028 percepisse
1293 4961 1322 5011 et
1357 4953 1522 5010 detinuisse

249 5061 361 5117 iniuste
385 5075 442 5132 per
466 5058 616 5116 officiales
631 5068 753 5118 nostros
769 5070 930 5135 peccatum
947 5060 1179 5134 quodammodo
1203 5060 1374 5130 videbatur,
1399 5057 1520 5116 racione
