3824 5806
635 574 708 632 Doc.
725 581 800 650 397.
827 606 864 615 —
889 573 1058 651 An.1397.
1419 579 1477 652 381

220 757 336 830 pocius,
366 771 460 829 quam
492 756 730 814 christianorum
760 753 873 812 debent
902 769 997 828 opera
1026 757 1204 829 nuncupari.
1227 757 1356 833 Insuper
1378 761 1478 820 multa

221 862 283 919 alia
316 862 455 919 enormia
487 861 604 919 scelera
638 859 787 932 inaudita,
822 861 1015 918 detestabilia
1051 868 1081 919 et
1120 862 1340 922 nefandissima
1375 884 1483 942 perpe·

221 972 348 1038 trarunt,
379 983 439 1040 que
469 981 611 1024 enarrare
644 967 765 1038 singula
800 967 928 1039 longum
961 975 1057 1036 esset;
1091 975 1167 1041 quot
1194 977 1224 1026 et
1251 981 1364 1044 quanta
1395 975 1486 1034 bene·

221 1072 291 1130 ficia
324 1074 365 1130 ab
400 1074 467 1144 ipsa
501 1073 630 1130 ecclesia
664 1079 768 1130 nostra
802 1073 993 1145 zagrabiensi
1028 1079 1058 1131 et
1091 1091 1110 1133 a
1144 1078 1272 1149 prelatis
1308 1079 1404 1152 ipsius
1438 1099 1485 1139 ec-

222 1179 314 1236 clesie
344 1185 374 1236 et
404 1195 422 1236 a
453 1178 587 1237 dominis
623 1178 661 1236 de
692 1179 828 1251 capitulo
859 1180 1057 1252 zagrabiensi‚
1089 1180 1237 1241 iratribus
1265 1186 1385 1257 nostris,
1420 1189 1487 1261 ipsa

221 1285 413 1356 universitas,
449 1285 593 1359 populns,
625 1300 788 1342 commune
817 1291 847 1342 et
877 1286 935 1358 ipsi
967 1286 1050 1343 cives
1080 1297 1262 1361 receperunt
1293 1294 1486 1366 temporibus

221 1392 380 1450 retroactis
419 1397 449 1448 et
479 1392 613 1464 qualiter
647 1392 706 1465 ipsi
740 1391 864 1449 fuerunt
898 1392 937 1450 de
969 1393 1055 1464 lacte,
1089 1394 1275 1468 pinguedine
1310 1397 1406 1471 ipsius
1440 1416 1487 1458 ec-

221 1497 313 1556 clesie
335 1513 407 1555 cum
429 1513 543 1570 magna
565 1497 733 1555 dileccione
756 1498 916 1555 retroactis
939 1500 1133 1572 temporibus
1157 1500 1285 1573 educati,
1307 1519 1367 1576 que
1382 1506 1487 1563 omnia

221 1620 278 1676 per
300 1604 401 1678 ipsam
424 1604 667 1674 universitatem,
692 1604 846 1679 populum
869 1619 923 1660 seu
945 1620 1109 1662 commune
1132 1623 1189 1680 per
1212 1608 1296 1681 ipsos
1318 1610 1401 1666 cives
1417 1627 1486 1684 per·
1515 1681 1519 1689 Ι

222 1717 342 1783 petrata
365 1710 509 1768 dicuntur
533 1725 598 1767 esse
621 1711 758 1783 publica,
782 1710 902 1768 notoria
925 1716 955 1767 et
977 1710 1140 1768 manifesta
1164 1713 1274 1782 taliter,
1298 1715 1382 1788 quod
1399 1717 1485 1774 nulla

222 1822 351 1891 possunt
373 1816 630 1888 tergiversacione
653 1815 757 1887 celari,
781 1821 910 1890 propter
940 1815 1023 1888 quod
1046 1831 1107 1874 non
1130 1823 1176 1874 est
1199 1817 1330 1876 dubium
1353 1836 1406 1878 eos
1429 1837 1481 1878 ex·

222 1922 512 1980 communicacionis
535 1927 565 1980 et
587 1922 742 1994 sacrilegii
765 1937 878 1996 penam
902 1922 1073 1980 incurrisse.
1096 1923 1184 1982 Unde
1206 1939 1262 1982 nos
1285 1926 1485 1998 attendentes,

222 2029 307 2102 quod
330 2029 401 2086 talis
424 2033 454 2086 et
476 2035 542 2086 tam
565 2033 653 2085 atrox
675 2027 786 2085 iniuria
811 2027 940 2086 ecclesie
962 2033 1066 2086 nostre
1081 2030 1272 2102 zagrabiensi
1294 2037 1325 2089 et
1347 2033 1437 2090 nobis
1453 2039 1483 2092 et

223 2133 372 2193 fratribus
394 2135 507 2193 nostris
530 2133 569 2192 de
592 2133 730 2208 capitulo
752 2134 942 2206 zagrabiensi
970 2133 1050 2192 facta
1073 2140 1103 2192 et
1125 2135 1261 2208 irrogata
1283 2143 1313 2195 et
1336 2139 1484 2209 enormia,

222 2240 417 2300 detestabilia
440 2247 470 2299 ei
492 2240 712 2298 nefandissima
732 2239 850 2299 scelera
881 2247 911 2298 et
941 2241 1138 2299 enormitates
1168 2257 1229 2300 non
1256 2242 1405 2302 debemus
1428 2260 1484 2302 nec

222 2364 388 2421 possumus
410 2348 599 2406 consciencia
624 2362 680 2406 nos
709 2352 837 2420 urgente
867 2348 925 2404 sub
957 2345 1206 2406 dissimulacione
1236 2363 1291 2406 nec
1321 2351 1486 2408 conniven-

222 2454 305 2512 tibus
327 2454 426 2512 oculis
449 2454 644 2528 pertransire,
667 2453 740 2510 licet
769 2453 922 2526 premissa
951 2453 1072 2510 notoria
1106 2459 1214 2526 essent,
1245 2461 1348 2514 tamen
1372 2472 1409 2514 ex
1434 2458 1486 2514 ha-

222 2559 425 2618 bundanciori
448 2560 568 2618 cautela
590 2567 620 2618 et
643 2559 683 2616 ad
706 2575 813 2616 eorum
837 2559 995 2617 maliciam
1018 2559 1260 2618 convincendam
1284 2561 1368 2635 ipsos
1391 2562 1485 2620 infra·
1517 2607 1519 2612 ,
1607 2619 1611 2626 ,

222 2666 353 2740 scriptos
375 2666 459 2724 cives
481 2673 511 2723 et
533 2667 634 2739 ipsam
658 2666 875 2734 universatem,
908 2665 1062 2738 populum
1095 2672 1125 2723 et
1155 2681 1320 2724 commune
1347 2667 1386 2725 de
1419 2669 1487 2742 ipso

221 2771 318 2845 opido
340 2772 454 2830 montis
477 2771 640 2830 Grecensis
663 2787 719 2844 per
740 2777 860 2828 nostras
877 2771 952 2828 certi
969 2771 1083 2828 tenoris
1100 2773 1217 2829 litteras
1240 2773 1329 2830 citari
1346 2773 1483 2844 fecimus,

222 2877 310 2934 utin
333 2883 417 2934 certo
448 2877 589 2949 termin0,
622 2877 653 2934 in
683 2877 751 2949 ipsa
781 2876 928 2934 citacione
958 2876 1081 2950 prelixo
1110 2883 1141 2935 et
1170 2878 1245 2952 ipsis
1276 2881 1484 2954 peremptorie

222 2984 384 3056 assignato,
408 2983 556 3041 deberent
577 2982 726 3055 Zagrabie
749 2998 853 3040 coram
877 2983 967 3040 nobis
990 2983 1021 3040 in
1049 2983 1171 3057 palacio
1193 3001 1246 3041 seu
1270 2985 1299 3041 in
1324 2987 1409 3042 curia
1432 3001 1485 3044 no-

223 3095 284 3147 stre
307 3091 509 3148 habitacionis
532 3105 713 3164 comparere
743 3088 782 3146 ad
814 3088 1024 3146 excusandum
1048 3105 1080 3145 se
1104 3089 1143 3146 de
1167 3091 1326 3163 premissis
1349 3097 1379 3148 et
1401 3092 1487 3149 audi·

223 3195 337 3253 endum
361 3212 394 3253 se
416 3196 613 3270 pronunciari
648 3195 979 3253 excommunicacionis
1003 3199 1033 3251 et
1055 3195 1209 3267 sacrilegii
1233 3212 1346 3268 penam
1368 3203 1398 3255 et
1420 3215 1487 3257 sen·

224 3303 355 3359 teuciam
377 3301 529 3373 incidisse,
552 3301 592 3359 ad
615 3302 798 3359 instanciam
820 3300 929 3358 sindici
953 3316 1006 3358 seu
1023 3302 1231 3374 procuratoris
1247 3303 1375 3376 capituli
1391 3306 1487 3363 nostri

223 3408 429 3480 zagrabiensis
452 3414 482 3465 et
504 3407 703 3465 dominorum
726 3407 765 3464 de
788 3407 934 3480 capitulo,
958 3406 1090 3464 fratrum
1120 3413 1297 3466 nostrorum
1321 3415 1351 3466 et
1375 3425 1485 3484 procu·

224 3515 334 3572 ratoris
354 3516 452 3573 nostri
474 3515 676 3573 certificantes
699 3529 760 3583 eos,
784 3513 868 3587 quod
891 3514 1003 3572 sivein
1019 3513 1101 3571 dicto
1117 3515 1249 3572 termino
1265 3514 1386 3588 prefixo
1403 3532 1485 3574 com·

223 3627 351 3695 pareant
373 3623 438 3679 sive
462 3637 530 3692 non,
554 3637 610 3678 nos
633 3620 672 3678 ad
695 3619 962 3694 pronunciandum
983 3635 1034 3676 eos
1049 3621 1331 3680 excommunicatos
1348 3628 1378 3680 et
1393 3624 1485 3682 sacri·

223 3729 310 3800 legos
333 3735 362 3787 et
385 3728 425 3786 ad
448 3728 663 3786 subiciendum
687 3729 788 3801 ipsam
818 3727 1059 3797 universitatem,
1089 3727 1244 3800 populum
1270 3734 1300 3785 et
1323 3744 1487 3786 commune

222 3835 252 3892 et
276 3834 378 3908 ipsum
400 3834 531 3908 opidum
554 3834 668 3893 montis
684 3833 845 3892 Grecensis
869 3833 1075 3890 ecclesiastico
1095 3832 1258 3890 interdicto
1282 3834 1486 3908 procedemus

223 3940 342 3998 iusticia
366 3939 528 3998 mediante.
558 3940 629 4013 Quo
659 3939 791 3998 termino
822 3938 1012 4009 adveniente,
1044 3939 1111 4012 ipsa
1133 3939 1326 4010 universitas,
1351 3941 1487 4014 populus

222 4051 254 4104 et
276 4061 440 4104 commune
462 4052 492 4104 et
515 4047 574 4120 ipsi
595 4047 679 4104 cives
701 4061 756 4103 nec
786 4061 843 4119 per
874 4061 915 4116 se,
945 4060 1001 4101 nec
1031 4059 1088 4117 per
1118 4051 1334 4118 procuratores
1360 4045 1488 4104 idoneos

223 4167 329 4210 coram
351 4153 441 4210 nobis
464 4167 645 4226 comparere
668 4156 822 4222 curarunt,
845 4155 975 4225 propter
991 4149 1075 4223 quod
1091 4151 1175 4224 ipsos
1190 4157 1379 4224 reputamus
1396 4156 1489 4225 prout

224 4263 311 4316 erant
334 4259 454 4328 merim,
478 4265 681 4316 contumaces.
704 4257 742 4314 Et
765 4257 874 4314 iterato
897 4273 936 4314 ex
958 4255 1150 4314 habundanti
1173 4257 1274 4330 ipsam
1305 4259 1488 4315 universita-

225 4369 297 4434 tem,
320 4364 475 4437 populum
497 4371 528 4422 et
550 4379 715 4421 commune
738 4367 768 4420 et
790 4363 875 4437 ipsos
897 4362 981 4420 cives
1003 4361 1044 4418 ad
1066 4362 1247 4419 instanciam
1263 4362 1360 4436 ipsius
1379 4363 1489 4422 sindici

223 4472 254 4524 et
275 4470 485 4541 procuratoris
508 4471 606 4544 ipsius
628 4469 757 4544 capituli
779 4475 809 4526 et
832 4469 928 4526 nostri
944 4469 1032 4526 citari
1055 4485 1112 4542 per
1134 4473 1254 4526 nostras
1274 4471 1349 4527 certi
1372 4469 1488 4526 tenoris

223 4575 341 4633 litteras
364 4575 503 4647 fecimus,
526 4581 560 4634 ut
584 4577 614 4634 in
637 4581 721 4634 certo
752 4575 884 4632 termino
915 4575 946 4632 in
977 4575 1045 4648 ipsa
1076 4575 1223 4632 citacione
1250 4573 1372 4649 prefixo
1395 4573 1488 4632 debe·

222 4688 292 4742 rent
314 4697 495 4757 comparere
517 4681 556 4739 ad
579 4680 751 4740 videndum
775 4697 808 4738 se
831 4680 1169 4752 excommunicacionis
1192 4681 1346 4753 sacrilegii
1373 4695 1486 4754 penam

223 4796 254 4848 et
276 4791 461 4848 sentenciam
485 4787 627 4846 incidisse
649 4794 679 4845 et
702 4788 787 4861 ipsos
809 4787 1091 4846 excommunicatos
1113 4792 1144 4843 et
1166 4787 1332 4858 sacrilegos
1355 4785 1430 4856 tore,
1458 4792 1487 4844 et

223 4896 263 4954 ad
286 4895 500 4954 subiciendum
524 4895 625 4969 ipsam
648 4893 891 4963 universitatem,
916 4893 1069 4966 populum
1092 4898 1122 4949 et
1144 4907 1308 4950 commune
1331 4897 1361 4950 et
1384 4893 1487 4965 ipsum

223 5002 355 5078 opidum
377 5001 491 5060 montis
515 5000 677 5059 Grecensis
700 4999 907 5057 ecclesiastico
938 4997 1109 5056 interdicto
1140 4997 1211 5071 Quo
1241 4998 1372 5055 termino
1396 4997 1489 5058 adve-
