3600 5804
363 555 423 626 236
779 552 849 614 Doc.
872 571 939 633 251.
968 593 1004 602 -
1030 561 1086 618 Art
1112 558 1205 641 1369.

362 658 518 666 ——
530 661 740 668 ———.—..--.—
1191 669 1279 676 η-..-

362 755 444 812 sonis
467 759 520 812 aut
542 756 572 813 in
597 758 698 814 rebus
723 757 774 814 Hii
798 764 911 830 autem,
935 761 987 834 qui
1017 761 1153 836 forsitan,
1177 765 1331 839 premisso
1353 773 1459 825 nostro
1484 767 1621 826 mandato

362 862 523 920 temerarie
543 863 694 921 contraire
711 867 972 939 attemptaverint,
990 869 1169 927 intermino
1193 887 1249 944 per
1273 873 1378 946 ipsum
1402 873 1559 931 hominem
1574 890 1621 932 no·
1707 871 1712 884 '

359 973 467 1038 strum,
490 975 631 1042 presente
653 969 736 1028 dicto
760 973 934 1032 testimonio
958 975 1055 1048 ipsius
1078 976 1215 1049 capituli,
1239 977 1282 1034 eis
1305 979 1500 1052 assignando,
1524 995 1620 1038 coram

361 1077 465 1129 nostra
488 1079 519 1130 et
542 1075 673 1148 reginali
704 1077 916 1136 maiestatibus
947 1078 1080 1137 debeant
1112 1097 1292 1156 comparere
1319 1085 1476 1142 racionem
1501 1087 1622 1159 premis·

360 1193 464 1236 sorum
489 1179 649 1238 efficacem
673 1182 832 1255 reddituri,
856 1187 1029 1259 seriemque
1052 1188 1098 1244 rei
1114 1189 1247 1246 antelate
1264 1191 1439 1264 peripsum
1456 1193 1623 1265 capitulum

361 1291 464 1343 nostre
480 1287 626 1344 volumus
642 1289 772 1360 rescribi
789 1291 955 1362 maiestati;
968 1292 1052 1350 aliud
1071 1295 1165 1365 igitur
1182 1295 1281 1354 lacere
1298 1297 1476 1355 nullatenus
1492 1297 1623 1356 audeatis

359 1391 389 1447 in
414 1392 581 1464 premissis.
606 1394 723 1452 Datum
747 1395 777 1452 in
800 1395 963 1469 Weruche,
994 1400 1126 1457 sabbato
1158 1403 1302 1475 proximo
1331 1409 1402 1476 post
1426 1403 1539 1461 festum
1563 1419 1623 1461 cor·

359 1497 444 1568 poris
467 1497 589 1556 Christi.
605 1501 704 1558 =Anno
727 1501 866 1572 eiusdem
892 1504 1057 1562 lthCCLX
1081 1521 1169 1564 nono

447 1651 587 1716 Originale
613 1653 639 1704 in
664 1655 763 1714 charta,
788 1673 803 1706 a
829 1663 905 1724 tergo
931 1659 1051 1725 sigillum
1076 1662 1162 1712 minus
1184 1663 1256 1728 regis
1275 1663 1414 1714 Ludovici.
1435 1666 1502 1716 Sunt
1525 1682 1625 1730 quoque

358 1745 383 1790 et
403 1740 471 1789 aliae
490 1740 603 1800 litterae,
624 1744 731 1808 reginae
755 1746 898 1807 Elisabeth,
919 1765 968 1813 per
987 1751 1075 1801 omnia
1093 1751 1210 1802 eiusdem
1231 1753 1337 1812 tenoris,
1356 1760 1382 1804 et
1404 1755 1437 1804 de
1462 1756 1555 1805 eodem
1568 1757 1624 1805 dato

359 1837 384 1881 et
404 1831 470 1882 loco.
494 1828 524 1881 ln
543 1831 653 1882 archivo
672 1833 718 1882 lib.
738 1849 793 1900 reg.
814 1835 885 1886 civit.
905 1839 1010 1904 zagrab.

464 2228 539 2276 Anno
561 2227 635 2288 1369,
654 2240 677 2288 9.
697 2226 772 2292 Julii.
792 2227 889 2278 Budae.
952 2141 1031 2206 251.

358 2354 507 2413 Elisabeth
530 2358 632 2430 regum
654 2356 762 2414 cibibus
788 2356 996 2415 Grechensibus
1018 2359 1063 2415 ius
1085 2359 1198 2415 dr'cendr'
1226 2367 1326 2416 contra
1355 2359 1511 2418 domicellus
1533 2362 1623 2418 Fran·

771 2463 839 2520 crisci
858 2464 1081 2533 tricest'matoris,
1105 2463 1211 2520 tribreit.

447 2624 509 2682 Nos
532 2625 691 2683 Elisabeth
707 2625 756 2684 dei
772 2629 877 2698 gracia
893 2628 999 2700 regina
1017 2627 1181 2699 Hungarie.
1199 2629 1348 2685 Memorie
1371 2630 1622 2688 commendamus

359 2747 415 2804 per
436 2737 602 2805 presentes,
626 2732 709 2804 quod
734 2733 807 2790 licet
833 2734 1013 2806 Pychocius,
1036 2733 1143 2792 Petrus
1165 2739 1195 2791 et
1218 2733 1350 2805 Tadeos,
1367 2733 1491 2808 Gallici,
1512 2752 1622 2794 merca·

359 2842 441 2894 tores
464 2835 502 2894 de
526 2837 685 2911 Zagrabia,
719 2839 837 2896 litteras
857 2840 1015 2925 ‘reginales
1038 2846 1158 2898 nostras
1182 2840 1427 2913 protecclonales
1451 2841 1488 2898 ad
1507 2843 1619 2916 magni-

360 2943 454 3000 ficum
479 2945 581 3002 virum
605 2945 731 3002 Petrum
754 2945 865 3016 Zudor,
890 2945 1005 3003 banum
1037 2946 1135 3003 tocius
1166 2945 1329 3004 Sclauonie
1361 2945 1454 3018 dirigi
1481 2963 1499 3004 a
1523 2953 1622 3005 nostra

359 3051 518 3107 maiestate
536 3049 658 3124 pridem
674 3051 905 3124 inpetraverint,
923 3057 1025 3108 tamen
1042 3053 1114 3126 quia
1131 3067 1239 3108 omnes
1255 3051 1347 3122 civeS,
1365 3052 1501 3124 hospites
1517 3057 1547 3110 et
1559 3053 1622 3110 uni·

359 3156 440 3213 versi
463 3155 652 3214 habitatores
683 3157 714 3213 in
744 3157 883 3230 predicta
914 3158 1038 3214 civitate
1070 3158 1184 3215 montis
1215 3157 1377 3214 Grecensis
1404 3157 1443 3214 de
1467 3157 1623 3230 Zagrabia,

360 3268 393 3319 ut
417 3263 447 3320 in
471 3263 582 3320 litteris
605 3265 856 3338 privilegialibus
879 3265 1038 3322 libertates
1059 3263 1196 3321 eiusdem
1221 3263 1354 3320 civitatis
1371 3263 1623 3336 exprimentibus,

358 3369 448 3427 nobis
472 3385 528 3443 per
551 3385 602 3427 eos
626 3371 709 3427 cives
740 3371 885 3429 exhibitis
921 3369 1057 3428 vidimus
1088 3369 1245 3438 contineri,
1277 3368 1391 3426 iudicio
1419 3373 1449 3425 et
1481 3367 1624 3426 iudicatui

359 3475 468 3533 iudicis
489 3482 519 3533 et
543 3477 713 3534 iuratorum
738 3492 795 3550 pro
819 3482 959 3551 tempore
984 3477 1014 3534 in
1038 3475 1147 3534 eadem
1177 3475 1301 3532 civitate
1332 3476 1569 3532 constitutorum
1591 3491 1624 3532 ac

360 3582 475 3638 civium
501 3581 539 3638 de
563 3581 671 3639 eadem
694 3582 826 3640 debeant
849 3583 1008 3640 subiacere
1031 3587 1061 3639 et
1084 3598 1150 3639 esse
1173 3581 1337 3639 constituti.
1362 3580 1508 3638 Nolentes
1532 3581 1623 3654 igitur

359 3687 479 3744 iuribus
503 3695 532 3744 et
558 3688 753 3746 libertatibus
777 3687 956 3746 huiusmodi
978 3689 1119 3762 ipsorum
1143 3688 1258 3744 civium
1283 3687 1314 3744 in
1330 3687 1491 3761 premissis
1507 3687 1624 3760 aliqua·

360 3799 448 3851 tenus
472 3793 624 3866 derogari,
641 3795 855 3852 commisimus
872 3801 901 3852 et
916 3794 1114 3868 presentibus
1129 3793 1362 3864 committimus,
1382 3799 1417 3850 ut
1433 3797 1496 3850 tam
1513 3793 1624 3866 prelati

359 3900 540 3972 Pychocius,
564 3901 672 3958 Petrus
696 3906 726 3958 et
749 3899 879 3970 Tadeos,
904 3915 997 3972 quam
1021 3899 1074 3956 alii
1102 3899 1248 3973 hospites,
1272 3903 1460 3956 mercatores
1483 3905 1514 3955 et
1540 3899 1625 3956 habi·

360 4011 474 4064 tatores
498 4005 611 4064 iudicio
635 4012 665 4064 et
688 4005 834 4064 iudicatui
858 4007 997 4079 ipsorum
1023 4005 1142 4076 iudicis,
1167 4006 1337 4062 iuratorum
1365 4011 1395 4061 et
1414 4005 1532 4062 civium
1555 4006 1625 4062 sub·

361 4113 467 4184 iacere,
491 4127 601 4186 parere
624 4112 756 4170 debeant
779 4119 809 4169 et
835 4111 962 4169 obedire
970 4130 977 4181 ;
1000 4127 1056 4169 nec
1086 4111 1241 4182 volumus,
1272 4117 1307 4168 ut
1338 4109 1496 4184 predictus
1520 4111 1625 4168 Petrus

361 4220 459 4275 banus
484 4217 534 4274 vel
557 4217 636 4275 alter
660 4218 759 4276 banus
782 4218 812 4276 in
838 4217 978 4275 loturum
1000 4217 1240 4288 constituendus,
1264 4223 1317 4274 aut
1340 4217 1424 4274 vices
1447 4232 1555 4274 eorum
1575 4232 1625 4289 ge

360 4329 469 4395 rentes,
501 4323 656 4398 predictos
688 4323 829 4396 iudicem,
861 4324 978 4381 iuratos
1008 4329 1037 4380 et
1069 4323 1152 4381 cives
1183 4328 1289 4380 contra
1320 4323 1388 4380 iura
1414 4327 1444 4380 et
1467 4323 1625 4380 libertates

361 4431 515 4505 predictas
539 4431 641 4488 valeat
672 4437 701 4488 et
733 4431 830 4504 possit
864 4431 1038 4500 molestare,
1071 4445 1178 4502 ymmo
1209 4445 1264 4486 nec
1295 4445 1328 4486 se
1358 4428 1564 4486 intromittere
1587 4427 1625 4485 de

334 4527 337 4533 ’
360 4537 474 4596 iudicio
498 4543 528 4594 et
551 4536 685 4594 iudicatu
709 4535 842 4594 civitatis
865 4543 968 4593 nostre
992 4540 1170 4592 memorate.
1191 4535 1307 4591 Datum
1326 4533 1410 4591 Bude
1428 4535 1533 4605 veteri,
1550 4534 1625 4592 feria

360 4643 494 4701 secunda
517 4643 662 4717 proxima
692 4649 762 4700 ante
793 4641 906 4699 festum
939 4643 1026 4698 beate
1058 4641 1252 4714 Margarethe
1275 4640 1405 4714 virginis
1428 4646 1459 4697 et
1482 4641 1624 4698 martiris.

362 4753 451 4808 Anno
473 4749 590 4808 domini
614 4749 785 4806 millesimo
808 4749 942 4806 CCCLX
964 4761 1052 4805 nono.

451 4903 591 4968 Originale
611 4903 637 4952 in
657 4904 815 4953 membrana.
831 4906 855 4952 A
868 4908 944 4968 tergo
956 4903 1036 4952 anulo
1050 4901 1207 4968 impressum
1219 4901 1340 4968 sigillum
1352 4901 1467 4968 reginae.
1481 4900 1512 4952 In
1526 4900 1621 4951 archiv.

362 4994 441 5044 Acad.
462 4993 556 5044 Scient.
577 4993 646 5044 Slav.
667 4991 759 5042 merid.
