3728 5806
617 535 689 592 Dec.
713 545 780 612 257.
809 568 846 578 -
871 533 927 594 An.
951 547 1037 613 1375.
1400 555 1459 618 245

196 733 288 789 nobis
312 739 342 790 et
365 733 493 792 ecclesie
517 743 620 792 nostre
644 735 762 809 pretate
785 737 948 804 subiectos,
972 737 1194 810 cuiuscumque
1210 744 1306 795 status
1323 739 1373 794 vel
1390 753 1462 796 con-

195 837 326 894 dicionis
349 838 480 896 existant
494 839 633 896 homines
648 856 705 913 pro
718 841 797 898 dicte
810 841 1061 915 deprehensionis
1073 858 1165 900 causa
1180 843 1361 914 certificetis,
1378 844 1462 916 quod

195 943 235 1000 de
258 952 361 1002 cetero
384 945 473 1002 nobis
496 962 551 1002 nec
567 946 664 1004 eciam
688 947 800 1005 nostris
823 949 1072 1020 quibuscumque
1096 949 1273 1007 hominibus
1294 951 1381 1007 nulla
1396 966 1462 1008 mo-

197 1051 286 1107 lestia
309 1066 362 1107 seu
385 1066 553 1123 gravamen
577 1053 701 1111 oriatur.
726 1052 869 1124 Scientes‚
894 1070 949 1111 nos
973 1055 1107 1111 multum
1132 1055 1248 1126 mirari,
1273 1055 1354 1128 quod
1373 1058 1462 1114 nobis

195 1171 255 1229 pro
278 1156 457 1214 huiusmodi
480 1157 561 1215 lacto
585 1159 766 1218 litteratorie
782 1160 877 1218 nichil
901 1160 1073 1230 intimastis,
1098 1161 1241 1232 quamvis
1258 1167 1358 1220 tamen
1375 1163 1463 1220 inviti

195 1261 367 1320 viderimus
391 1278 447 1320 vos
470 1270 522 1321 aut
546 1281 643 1323 unum
666 1265 704 1322 de
728 1267 949 1324 communitate
973 1271 1076 1324 vestra
1099 1283 1156 1340 per
1178 1267 1319 1324 homines
1342 1274 1461 1326 nostros

197 1369 324 1425 turbare
348 1385 401 1426 seu
425 1370 455 1426 in
479 1385 638 1444 quoquam
661 1372 828 1430 molestari.
844 1373 960 1429 Datum
977 1370 1169 1445 Strazzburg,
1186 1379 1285 1430 castro
1301 1379 1415 1444 nostro,
1431 1375 1462 1431 in

195 1473 306 1546 vigilia
330 1475 430 1532 Pasce.
454 1477 543 1533 Anno
566 1475 684 1535 domini
709 1478 878 1536 millesimo
901 1479 1115 1536 trecentesimo
1139 1479 1221 1536 LXX
1246 1480 1361 1552 quinto.

287 1609 427 1676 Originale
446 1611 473 1662 in
488 1609 589 1661 charta.
609 1615 632 1661 A
653 1617 730 1678 tergo
750 1612 906 1678 impressum
925 1619 964 1663 cst
983 1613 1110 1679 sigillum.
1130 1613 1142 1663 1
1160 1614 1258 1665 archiv.
1273 1615 1352 1664 Acad.
1367 1613 1462 1664 Scient.
1524 1617 1525 1621 ’

195 1697 265 1747 Slav.
286 1699 378 1748 merid.

787 1897 870 1964 25⁷.

303 2039 379 2086 Anno
402 2045 477 2095 1375,
497 2047 537 2098 24.
558 2037 659 2102 aprilis.
679 2037 709 2087 In
728 2037 867 2102 Vilegrad.

196 2162 361 2218 ludovicus
384 2163 560 2236 Hungarioc
584 2171 632 2221 etc.
658 2182 720 2232 rex,
746 2164 933 2237 possessiones
962 2165 1101 2222 Pavlt's'ae
1129 2165 1230 2222 iudicis
1259 2167 1320 2223 sine
1344 2166 1465 2224 haerede

195 2267 302 2336 denam,
325 2287 400 2343 quos
427 2269 596 2344 qmbusdam
626 2270 759 2327 Andreae
788 2277 817 2328 el
846 2270 941 2345 Elyac
969 2270 1137 2341 donaverat,
1168 2273 1290 2344 inspecto
1306 2273 1463 2346 privilegio

356 2373 473 2434 civitati
492 2393 625 2444 concesso,
649 2375 759 2433 easdem
781 2378 980 2434 communitati
1004 2377 1200 2450 disponendas,
1223 2378 1303 2436 cedit.

286 2536 350 2593 Nos
372 2535 543 2594 Lodouicos
567 2536 616 2594 dei
640 2538 745 2610 gracia
767 2554 821 2599 rex
852 2538 1019 2611 Hungarie‚
1051 2526 1185 2610 Polonie',
1217 2538 1377 2596 Dalmacie
1408 2545 1462 2596 etc.

199 2643 346 2699 hiemorie
369 2641 620 2701 commendantes
643 2649 748 2701 tenore
765 2643 958 2717 presencium
983 2643 1194 2717 significamus
1210 2645 1324 2717 quibus
1339 2644 1464 2718 expedit

199 2749 358 2819 universis
381 2747 464 2821 quod
488 2749 560 2806 licet
583 2764 639 2806 nos
662 2749 702 2824 ad
725 2749 937 2806 humillimam
961 2749 1226 2824 supplicacionem
1249 2765 1322 2821 ymo
1356 2751 1463 2823 pocius

199 2855 382 2926 peticionem
414 2855 611 2929 inportunam
644 2855 766 2912 Andree
797 2855 933 2925 litterati,
969 2854 1027 2912 filii
1063 2855 1185 2925 Mathei‚
1220 2855 1297 2912 civis
1330 2856 1464 2912 civitatis

197 2965 300 3017 nostre
328 2961 543 3032 zagrabiensis,
574 2961 658 3018 curie
682 2967 785 3017 nostre
808 2961 927 3032 notarii,
944 2975 1002 3033 pro
1026 2960 1122 3032 ipsius
1146 2960 1284 3018 serviciis
1307 2960 1463 3032 quandam

197 3065 326 3122 domum
351 3067 426 3123 olim
463 3067 567 3124 Paulis
591 3067 699 3124 iudicis
731 3067 864 3124 civitatis
887 3071 991 3124 nostre
1014 3065 1175 3123 Grecensis
1198 3065 1236 3122 de
1259 3065 1410 3137 Zagrabia
1434 3066 1463 3122 in

196 3172 306 3230 eadem
338 3173 461 3230 civitate
493 3173 648 3246 Grecensi,
680 3175 759 3232 inter
789 3173 899 3231 domos
932 3175 1037 3230 Maren
1069 3179 1099 3229 et
1129 3173 1206 3229 olim
1233 3171 1367 3229 Simonis
1390 3171 1464 3229 dicti

196 3277 363 3350 Scrinicha,
394 3279 508 3336 civium
533 3279 613 3338 dicte
637 3281 770 3338 civitatis
793 3279 1008 3352 zagrabiensis,
1031 3285 1100 3336 ante
1127 3277 1207 3336 fores
1230 3278 1358 3334 ecclesie
1382 3279 1464 3335 beati

196 3387 303 3456 Marcy
327 3386 515 3458 evangeliste
538 3387 569 3444 in
594 3403 649 3444 suo
675 3387 809 3444 vicinatu
833 3386 981 3456 habitam,
1010 3386 1176 3442 simulcum
1200 3384 1298 3441 vineis
1321 3389 1351 3441 et
1375 3384 1464 3441 terris

197 3491 371 3548 arabilibus
394 3491 472 3549 olim
495 3491 570 3550 dicti
593 3493 697 3550 Paulis
724 3491 824 3549 eidem
850 3492 972 3550 Andree
996 3492 1132 3548 litterato
1157 3495 1285 3564 propter
1308 3488 1463 3546 delectum

198 3598 336 3671 prolium
360 3597 457 3671 ipsius
480 3598 593 3670 Paulis,
616 3599 653 3656 ad
678 3603 815 3656 nostram
839 3599 1032 3656 maiestatem
1049 3596 1176 3654 devolvi
1198 3601 1228 3653 et
1250 3601 1354 3653 nostre
1370 3595 1464 3652 colla-

198 3703 278 3760 cioni
301 3703 368 3760 fore
391 3705 545 3778 pertinere
568 3705 730 3786 asserentis
754 3712 791 3768 et¹
807 3721 863 3778 per
886 3719 958 3761 eum
973 3704 1058 3776 Elye,
1076 3701 1163 3760 fratri
1179 3717 1244 3773 sun,
1261 3702 1464 3774 ipsorumque

198 3809 364 3868 heredibus
395 3816 425 3868 et
457 3811 689 3884 posteritatibus
720 3811 871 3868 universis
900 3814 1053 3884 perpetuo
1080 3807 1257 3866 dederimus
1279 3808 1338 3864 sub
1360 3806 1464 3864 condi-

197 3916 338 3973 cionibus
362 3897 513 3990 et'pactis
538 3917 567 3974 in
592 3917 662 3974 aliis
688 3917 798 3974 litteris
821 3915 934 3973 nostris
957 3914 1125 3972 donatoriis
1148 3914 1333 3987 expressatis
1367 3915 1465 3986 possi·
1495 3951 1499 3962 .

199 4020 322 4079 dendas.
338 4021 456 4079 Tamen
473 4024 545 4096 quia
563 4022 689 4080 tandem
705 4038 760 4080 nos
776 4039 814 4079 ex
834 4028 940 4079 tenore
956 4021 1114 4096 privilegii
1130 4018 1260 4077 condam
1277 4019 1465 4076 serenissimi

198 4134 228 4184 et
249 4127 408 4200 magnifici
438 4130 587 4203 principis
618 4128 736 4186 domini
763 4128 843 4200 Bele‚
866 4129 943 4186 olim
977 4127 1076 4185 incliti
1099 4126 1180 4199 regis
1203 4126 1369 4198 Hungarie‚
1394 4141 1464 4198 pro-

198 4233 283 4291 thavi
315 4239 345 4291 et
376 4235 602 4308 predecessoris
633 4235 730 4292 nostri
763 4235 922 4306 carissimi,
955 4231 1108 4291 laudande
1138 4231 1373 4302 recordacionis,
1408 4247 1464 4304 ¹per

198 4339 492 4414 serenissimumque
523 4341 697 4415 principem
732 4339 864 4398 condam
891 4340 1053 4397 dominum
1077 4338 1228 4396 Karolum
1252 4337 1397 4394 similiter
1420 4338 1464 4394 in-

198 4446 307 4505 clitum
339 4462 443 4520 regem
475 4448 641 4520 Hungarie‚
673 4447 845 4520 genitorem
875 4451 1017 4504 nostrum
1047 4444 1251 4514 carissimum,
1280 4442 1378 4500 felicis
1402 4459 1464 4500 me-

199 4553 305 4625 morie,
329 4535 360 4611 et
382 4553 506 4611 tandem
531 4570 587 4627 per
609 4559 746 4611 nostram
778 4553 973 4610 serenitatem
996 4550 1171 4608 confirmati
1193 4555 1223 4606 et
1246 4549 1385 4606 innovati
1409 4565 1465 4622 per

198 4658 347 4733 providos
379 4659 463 4717 viros
491 4659 634 4742 Jahomel
667 4659 810 4730 iudicem,
848 4658 1015 4728 Donatum,
1046 4657 1184 4714 Francha
1219 4661 1249 4713 ct
1283 4655 1465 4738 Johannem,

199 4766 281 4822 cives
302 4770 424 4822 nostros
446 4765 556 4823 fideles
579 4765 660 4823 dicte
684 4765 818 4823 civitatis
840 4771 944 4823 nostre
967 4763 1128 4822 Grecensis
1152 4761 1190 4819 de
1213 4761 1373 4834 Zagrabia,
1392 4761 1464 4831 suis,

199 4887 315 4930 necnon
339 4872 556 4930 universorum
579 4870 720 4928 fidelium
744 4870 859 4927 civium
883 4876 913 4928 et
933 4870 1092 4943 hospitum
1108 4873 1285 4926 nostrorum
1302 4867 1340 4924 de
1356 4865 1464 4924 eadem

199 4977 322 5036 civitate
354 4983 458 5036 nostra
488 4975 634 5036 Grecensi
658 4977 696 5034 de
719 4976 870 5049 Zagrabia
893 4978 923 5034 in
946 4975 1087 5050 personis
1111 4990 1216 5032 coram
1239 4974 1351 5032 nostris
1373 4973 1465 5046 regiis
