3728 5806
336 547 395 602 3¹2
752 527 824 583 Dae.
842 537 916 603 335.
944 559 980 567 -—
1007 525 1063 582 An.
1088 522 1180 602 1389.

333 725 445 782 nostris
476 725 677 796 claritatibus,
708 730 743 782 ut
773 723 930 798 prefertur
949 722 1046 796 factis,
1070 724 1242 797 dampnum
1267 725 1331 798 pati
1354 723 1499 796 aliquale,
1523 724 1595 781 fide

332 831 412 888 litati
445 831 539 903 igitur
569 837 680 902 vestre,
715 831 832 888 iteratis
867 831 988 888 vicibus
1022 831 1233 888 commitimus
1266 831 1419 903 vobisque
1455 830 1596 889 seriosius

332 937 522 1010 precipimus
545 943 575 992 et
598 937 791 1008 mandamus,
816 942 966 1009 quatenus
991 935 1089 994 dictos
1114 935 1255 993 dominos
1279 937 1453 1010 capitulum
1472 937 1595 994 ecclesie

333 1043 540 1114 zagrabiensis
564 1058 708 1100 amonere
733 1043 843 1114 velitis,
868 1049 903 1099 ut
925 1041 1021 1100 dictas
1045 1048 1167 1100 centum
1191 1057 1311 1100 marcas
1334 1043 1459 1114 eisdem,
1482 1048 1515 1100 ut
1529 1059 1595 1116 pre-

334 1149 468 1206 mittitur
491 1150 661 1223 impositaS‚
686 1148 813 1222 prefatis
836 1149 949 1206 nostris
973 1149 1095 1206 civibus
1118 1147 1157 1204 de
1172 1147 1323 1220 Zagrabia
1338 1149 1519 1222 persolvant
1533 1149 1595 1206 sine

333 1255 540 1312 diminucione
572 1255 711 1328 aliquali,
743 1255 883 1328 alioquin
905 1254 1030 1311 eosdem
1054 1253 1092 1310 ad
1117 1255 1306 1312 solucionem
1331 1254 1485 1312 dictarum
1508 1271 1595 1328 pecu·

333 1361 455 1418 uiarum
486 1377 543 1434 per
573 1361 754 1432 gravamina
786 1367 930 1418 consveta
962 1360 1160 1434 compellatis
1191 1365 1220 1417 et
1250 1361 1434 1433 astringatis
1465 1361 1497 1418 In
1527 1377 1595 1418 casu

335 1472 447 1538 autem,
479 1481 542 1540 quo
574 1482 629 1524 vos
652 1467 778 1524 easdem
807 1471 928 1524 centum
960 1481 1080 1524 marcas
1109 1482 1128 1523 a
1158 1465 1302 1540 sepefatis
1330 1467 1467 1541 capitulo
1489 1467 1596 1540 exigis-

334 1573 415 1644 setis‚
439 1579 550 1630 extunc
574 1574 658 1646 ipsas
678 1574 848 1646 prenotatis
870 1573 983 1630 nostris
1006 1574 1128 1630 civibus
1151 1579 1181 1632 et
1204 1573 1379 1647 hospitibus
1396 1573 1434 1631 de
1450 1573 1597 1648 Zagrabia

335 1678 411 1736 dare
434 1687 463 1736 et
486 1679 642 1751 assignare
673 1679 810 1736 debeatis
841 1695 913 1736 cum
944 1679 1072 1749 effectu;
1103 1684 1133 1736 et
1163 1679 1249 1736 aliud
1279 1694 1337 1752 pro
1366 1685 1470 1737 nostra
1496 1680 1596 1752 gracia

333 1800 393 1842 non
418 1783 535 1842 facturi.
560 1785 718 1842 Presentes
742 1800 816 1842 vero
839 1786 864 1842 si
885 1798 975 1842 secus
991 1784 1124 1842 feceritis
1141 1783 1229 1842 reddi
1245 1785 1388 1842 iubemus
1404 1785 1596 1859 presentanti

333 1890 449 1946 Datum
477 1890 646 1960 Waradini,
678 1890 834 1948 dominica
864 1892 1007 1963 proxima
1037 1899 1107 1948 ante
1124 1890 1238 1948 festum
1260 1891 1488 1964 purificacionis
1511 1892 1599 1948 beate

335 1997 438 2067 llarie,
461 1997 589 2068 virginis
612 1997 754 2068 gloriose.
781 1999 869 2054 Anno
892 1997 1011 2054 domini
1036 1997 1259 2054 MCCCLXXX
1282 2013 1370 2054 nona.

425 2133 565 2198 Originale
583 2133 609 2182 in
628 2133 728 2190 charta,
752 2133 778 2184 in
798 2149 850 2198 qua
869 2149 1023 2200 appressum
1051 2141 1089 2184 est
1108 2135 1228 2199 sigillum
1246 2134 1332 2184 minus
1351 2134 1429 2200 regis
1450 2133 1480 2184 In
1499 2133 1597 2184 archiv.

334 2223 352 2269 l.
373 2237 392 2270 r.
413 2221 462 2271 civ.
482 2223 586 2287 zagrab.

923 2421 1009 2486 335.

440 2579 515 2628 Anno
538 2579 611 2642 1389,
631 2588 671 2637 31.
690 2578 811 2650 januarii.
833 2577 969 2628 Varadini.

336 2705 536 2778 Sigismundus
559 2707 735 2779 Haagan'ae
757 2715 804 2764 etc.
829 2726 890 2775 rex,
915 2707 1055 2763 Ladislaa
1077 2707 1216 2774 Lasaaelr,
1241 2708 1325 2779 regui
1343 2705 1501 2763 Slaaaaiae
1517 2707 1600 2775 bana,

332 2825 401 2889 300
424 2829 538 2869 aaarcas
562 2821 620 2886 pra
651 2815 781 2887 expensis
810 2815 898 2886 regai's
928 2813 1036 2870 ciaa'bas
1070 2811 1291 2882 Grechcnsibus,
1321 2820 1354 2868 ut
1375 2813 1412 2869 ab
1439 2813 1540 2870 abbate
1568 2812 1603 2868 de

529 2917 664 2992 Tapaska
688 2919 801 2993 eiusque
821 2917 1017 2992 iabage'anibas
1042 2916 1252 2987 resarciantur,
1268 2919 1420 2992 praecata

1278 3053 1415 3098 Deliberacio
1429 3053 1545 3098 baronum

423 3169 639 3242 Sigismundus
663 3170 712 3227 dei
735 3173 838 3242 gracia
862 3188 916 3228 rex
942 3173 1106 3246 Hungarie,
1130 3175 1300 3244 Dalmacie,
1327 3171 1454 3230 Croacie
1477 3176 1540 3240 etc,
1564 3187 1600 3228 ac

335 3277 473 3332 marchio
498 3275 815 3348 Brandemburgensis
838 3283 892 3334 etc.
917 3278 1016 3336 Fideli
1040 3296 1096 3337 suo
1120 3279 1286 3352 magnifico
1311 3279 1377 3335 viro
1393 3277 1519 3334 domino
1543 3277 1600 3334 La-

337 3383 437 3440 dislao
460 3383 498 3440 de
522 3384 688 3453 Lossonch,
712 3385 798 3456 regni
822 3383 984 3442 Sclauonie
1009 3388 1097 3457 bano,
1121 3388 1253 3444 salutem
1285 3389 1315 3442 et
1342 3385 1488 3457 graciam.
1517 3384 1601 3440 Licet

334 3489 411 3546 alias
434 3487 617 3560 magnificus
641 3490 689 3546 vir
712 3489 856 3546 dominus
891 3489 986 3562 AkuS,
1010 3491 1134 3565 pridem
1161 3492 1305 3548 similiter
1328 3490 1416 3562 regni
1438 3489 1600 3547 Sclauonie

336 3595 441 3665 banuS,
465 3595 646 3666 religiosum
670 3596 773 3652 virum
791 3643 795 3652 .
814 3641 820 3652 .
837 3642 843 3653 .
860 3598 1006 3655 abbatem
1030 3597 1068 3654 de
1092 3598 1252 3672 Topolcha
1275 3603 1305 3654 et
1327 3613 1399 3654 suos
1422 3596 1601 3668 iobagiones

334 3701 456 3759 racione
480 3717 685 3775 expensarum
709 3718 788 3760 anno
811 3703 980 3777 plusquam
1003 3706 1152 3778 preterito
1176 3721 1231 3778 per
1255 3719 1311 3762 nos
1326 3711 1356 3760 et
1372 3703 1601 3760 serenissimam

336 3807 494 3864 dominam
518 3807 647 3864 Mariam
672 3809 819 3880 reginam,
844 3816 1017 3868 consortem
1040 3817 1178 3868 nostram
1194 3811 1387 3870 carissimam
1403 3810 1434 3866 in
1450 3807 1600 3882 Zagrabia

336 3913 487 3970 factarum
511 3913 541 3970 in
566 3915 708 3971 trecentis
732 3916 844 3972 marcis
861 3915 984 3973 duxerit
999 3915 1175 3986 taxandum,
1202 3917 1454 3987 commiseritque
1468 3919 1502 3972 ut
1520 3913 1601 3972 dicte

336 4025 467 4076 trecente
490 4035 593 4076 marce
619 4035 676 4092 per
698 4019 815 4077 dictum
840 4021 1002 4079 dominum
1031 4023 1177 4080 abbatem
1209 4021 1348 4096 providis
1372 4021 1455 4092 viris
1479 4021 1602 4078 civibus

336 4129 367 4182 et
389 4125 564 4198 hospitibus
587 4125 626 4182 de
649 4125 730 4183 dicta
755 4126 913 4198 Zagrabia,
932 4129 985 4200 qui
1002 4129 1085 4202 ipsas
1102 4145 1252 4202 expensas
1275 4143 1333 4202 pro
1355 4133 1460 4185 nostra
1475 4135 1504 4184 et
1520 4127 1602 4186 dicte

336 4231 460 4289 domine
484 4233 579 4289 Marie
611 4233 822 4290 maiestatibus
863 4235 999 4307 propriis
1029 4251 1137 4292 eorum
1169 4236 1346 4308 sumptibus
1368 4233 1476 4290 iecisse
1499 4233 1602 4292 dinos-

336 4345 455 4408 cuntur,
490 4336 558 4394 dari
588 4337 745 4396 debuisset
776 4347 806 4396 et
837 4340 975 4414 persolvi
1005 4342 1104 4413 vobis,
1136 4341 1219 4414 quod
1250 4341 1319 4398 aliis
1351 4341 1461 4396 litteris
1488 4341 1602 4397 nostris

336 4444 527 4501 commisisse
556 4446 731 4516 recolimus,
762 4453 796 4504 ut
826 4447 959 4504 eundem
989 4447 1150 4504 dominum
1182 4447 1327 4504 abbatem
1356 4461 1391 4516 ac
1422 4447 1602 4518 iobagiones

337 4549 433 4622 ipsius
457 4549 496 4606 ad
519 4551 747 4608 restitucionem
771 4551 925 4610 dictarum
948 4558 1155 4610 trecentarum
1179 4567 1354 4610 marcarum
1377 4551 1466 4609 dictis
1488 4555 1602 4610 nostris

337 4655 458 4712 civibus
482 4655 655 4714 faciendam
679 4659 869 4732 compellere
893 4659 1054 4716 deberetis.
1078 4659 1195 4716 Tamen
1217 4659 1329 4716 iterum
1349 4663 1452 4715 nostre
1468 4658 1603 4716 refertur

338 4763 498 4834 maiestati,
523 4763 681 4835 quomodo
704 4780 761 4821 vos
784 4765 931 4822 hactenus
947 4765 1016 4822 aliis
1032 4765 1167 4838 negociis
1184 4763 1363 4838 prepeditus
1387 4763 1426 4821 ad
1449 4765 1603 4837 premissa

338 4867 495 4926 intendere
518 4884 579 4926 non
602 4869 785 4940 valuissetis
810 4871 852 4928 sic
876 4871 957 4943 quod
991 4870 1144 4928 dictarum
1176 4871 1376 4944 pecuniarum
1404 4870 1522 4927 solucio
1546 4887 1603 4943 per

338 4973 456 5032 dictum
480 4975 640 5032 dominum
664 4977 809 5034 abbatem
835 4982 864 5034 et
888 4993 958 5034 suos
983 4977 1162 5050 iobagiones
1186 4977 1286 5034 adhuc
1309 4982 1390 5033 extet
1418 4981 1605 5048 prorogata;
