3728 5806
610 559 683 616 Doc.
706 554 777 616 281.
804 590 841 600 -
867 553 1037 634 An.1378.
1397 560 1457 636 269

190 757 324 815 termino
347 756 539 830 assignando.
573 756 691 814 Tamen
721 757 795 829 quia
816 771 872 814 nos
892 755 1067 830 predictum
1091 757 1252 815 dominum
1275 758 1459 831 episcopum

191 867 321 936 propter
357 863 522 920 nonnullas
548 867 669 921 nostras
695 861 910 936 expediciones
933 861 973 919 ad
1002 862 1085 936 ipsas
1115 869 1239 920 octavas
1267 863 1327 921 diei
1358 862 1459 920 medie

191 967 428 1040 quadragesime
459 968 526 1026 illic
559 969 768 1026 transmittere
799 983 860 1025 non
883 967 1034 1039 valemus,
1058 969 1126 1042 ipsa
1148 977 1252 1026 autem
1276 985 1366 1027 causa
1390 985 1459 1044 pre·

191 1071 291 1129 latum
322 1071 484 1130 dominum
514 1073 697 1147 episcopum
727 1089 862 1131 unacum
893 1073 976 1132 dicto
1006 1089 1062 1131 suo
1093 1075 1230 1148 capitulo
1254 1075 1459 1133 communiter

191 1183 316 1250 tangere
344 1176 545 1250 dignoscitur,
577 1179 646 1236 ideo
677 1178 833 1245 volumus,
863 1183 897 1236 ut
928 1179 996 1252 ipsa
1019 1193 1112 1236 causa
1134 1183 1214 1236 statu
1237 1180 1269 1237 in
1292 1179 1402 1237 eodem
1427 1180 1456 1236 in

190 1299 254 1356 quo
278 1283 387 1341 eadem
412 1301 468 1358 per
491 1286 699 1359 prescriptum
722 1285 869 1342 comitem
891 1285 1044 1368 Jacobum
1063 1285 1094 1342 in
1120 1285 1280 1358 presencia
1295 1287 1458 1343 memorati

190 1389 309 1450 domini
334 1391 405 1448 bani
428 1393 532 1448 existit
556 1391 744 1462 transmissa,
768 1391 799 1448 in
815 1391 877 1448 iam
893 1390 983 1448 dictis
998 1392 1116 1448 octavis
1132 1391 1192 1448 diei
1209 1391 1310 1449 medie
1327 1391 1459 1464 quadra-

189 1497 307 1567 gesime
331 1496 362 1553 in
383 1497 469 1553 curia
490 1503 596 1554 nostra
618 1497 649 1554 in
674 1497 833 1570 presencia
856 1496 994 1554 eiusdem
1017 1498 1141 1555 comitis
1163 1497 1272 1580 Jacobi
1296 1499 1347 1555 vel
1376 1500 1459 1556 vices

190 1601 332 1660 eiusdem
356 1603 387 1660 in
410 1603 543 1661 iudicatu
567 1604 709 1676 gerentis,
733 1603 794 1660 fine
817 1603 923 1662 debito
940 1606 1128 1662 terminetur.
1149 1603 1300 1676 Quocirca
1316 1603 1458 1662 fidelitati

189 1715 293 1764 vestre
323 1707 455 1766 firmiter
485 1709 684 1783 precipiendo
718 1710 910 1782 mandamus,
942 1715 1093 1783 quatenus
1116 1710 1233 1766 octavis
1256 1710 1287 1766 in
1309 1709 1457 1783 predictis

192 1829 298 1872 coram
322 1814 462 1888 predicto
492 1816 605 1872 comite
635 1815 752 1898 Jacobo
775 1817 827 1873 vel
850 1818 934 1874 vices
957 1815 1094 1872 eiusdem
1120 1815 1150 1872 in
1174 1813 1309 1872 iudicatu
1333 1824 1457 1888 gerente

190 1935 373 1994 comparere
404 1921 543 1978 debeatis
571 1937 663 1980 causa
691 1923 721 1980 in
753 1923 914 1995 premissa,
943 1922 1076 1979 dictante
1099 1921 1174 1978 iuris
1197 1922 1338 1993 equitate,
1361 1920 1455 1978 finem

189 2027 354 2100 recepturi.
377 2027 491 2084 Datum
516 2027 609 2097 Rode,
642 2029 736 2086 tercio
758 2027 808 2086 die
832 2026 902 2085 festi
925 2027 1172 2085 annunciacionis
1200 2027 1288 2084 beate
1318 2027 1454 2100 virginis.

192 2133 282 2189 Anno
306 2131 422 2190 domini
447 2132 641 2190 MCCCLXX
665 2141 784 2192 octavo.

280 2247 419 2312 Originale
439 2249 465 2299 in
484 2250 582 2299 charta.
602 2250 632 2300 ln
651 2266 703 2314 qua
722 2250 878 2316 impressum
894 2257 934 2301 est
945 2257 1074 2302 secretum
1087 2250 1206 2316 sigillum
1220 2249 1298 2316 regis.
1313 2251 1342 2300 In
1355 2249 1455 2301 archiv.

190 2338 208 2386 l.
228 2352 251 2388 r.
271 2335 321 2385 civ.
340 2337 444 2402 zagrab.

780 2517 861 2583 281.

297 2639 374 2687 Anno
396 2639 469 2695 1378,
488 2639 511 2688 8.
531 2637 635 2702 aprilis.
655 2637 684 2687 Iu
702 2638 840 2702 Visegrad.

183 2747 317 2824 Jacobus
331 2748 365 2805 de
383 2747 487 2821 Scepus
502 2749 590 2805 iudex
604 2750 702 2806 curiae
717 2751 779 2806 iuri
796 2749 912 2806 dicendo
934 2751 965 2806 in
989 2767 1077 2808 causa
1097 2751 1173 2808 inter
1186 2751 1341 2824 qtiscopum
1365 2759 1392 2808 et
1412 2769 1458 2807 ca·

318 2856 442 2928 periclum
465 2855 583 2928 zagrab.
607 2863 693 2930 atque
715 2857 789 2912 cives
817 2855 998 2924 Grechcnres,
1022 2858 1171 2914 leoninum
1185 2857 1333 2932 praefigit.

278 2999 343 3056 Nos
367 3015 470 3057 comes
491 3001 627 3083 Jacobus
651 2999 689 3057 de
712 2999 838 3074 Scepus,
862 3001 955 3058 iudex
983 3001 1067 3059 curie
1090 3008 1120 3058 et
1143 3002 1358 3059 universarum
1381 3001 1456 3058 civi-

190 3111 289 3162 tatum
313 3105 431 3162 domini
454 3105 611 3166 Lodouici.
635 3106 685 3164 dei
715 3107 818 3178 gracia
847 3108 929 3179 regis
961 3107 1126 3179 Hungarie.
1158 3107 1276 3164 Damus
1308 3122 1365 3179 pro
1393 3123 1457 3182 me·

192 3210 299 3281 moria,
323 3210 407 3282 quod
431 3225 555 3267 causam
579 3226 674 3283 quarn
698 3211 841 3268 dominus
863 3213 1040 3270 Demetrius
1063 3213 1227 3285 episcopus
1250 3211 1378 3268 ecclesie
1410 3227 1457 3268 za·

190 3316 370 3388 grabiensis,
394 3331 453 3390 pro
477 3332 539 3390 quo
562 3316 706 3374 dominus
728 3318 863 3398 Jacobus
886 3316 1120 3375 archidiaconus
1144 3331 1214 3373 cum
1236 3316 1457 3389 procuratoriis

190 3421 301 3478 litteris
324 3421 463 3479 eiusdem
486 3423 581 3480 astitit
603 3429 710 3480 contra
732 3421 875 3492 iudicem,
900 3425 1016 3480 iuratos
1039 3428 1069 3479 et
1092 3423 1253 3479 universos
1278 3422 1360 3479 cives
1380 3422 1456 3479 Gre-

191 3527 325 3598 chenses‚
349 3529 524 3601 exquibus
558 3529 752 3599 laurencius
783 3527 935 3600 Georgius
966 3535 996 3586 et
1027 3528 1199 3585 Anthonius
1231 3528 1321 3585 iurati
1344 3543 1402 3602 pro
1425 3543 1457 3584 se

191 3634 395 3706 personaliter
417 3641 447 3691 et
471 3649 529 3708 pro
551 3634 620 3691 aliis
645 3633 791 3707 predictis
822 3651 892 3691 curn
925 3634 1147 3708 procuratoriis
1178 3633 1288 3690 litteris
1319 3633 1456 3691 eiusdem

192 3739 325 3797 civitatis
348 3745 589 3813 comparuerunt
619 3755 712 3812 super
743 3739 830 3797 factis
863 3740 1110 3815 possessionariis
1134 3747 1163 3796 et
1187 3739 1328 3812 potencie
1352 3739 1382 3796 in
1406 3755 1456 3795 oc-

192 3846 270 3903 tavis
294 3845 356 3905 diei
387 3845 488 3904 medie
519 3845 754 3920 quadragesime
787 3861 890 3904 coram
924 3847 1013 3902 Petro
1045 3844 1146 3902 Zudar
1177 3845 1264 3916 regni
1294 3843 1457 3902 Sclauonie

191 3951 281 4023 bano,
309 3951 479 4010 seeundum
506 3953 727 4010 continenciam
755 3953 929 4009 litterarum
959 3959 1134 4008 nostrarum
1163 3951 1456 4024 prorogatoriarum,

191 4059 455 4117 transmissionem
471 4059 621 4132 presentis
634 4075 724 4116 cause
737 4059 767 4116 in
781 4060 969 4132 presenciam
986 4037 1122 4115 eiusdem
1137 4058 1209 4115 bani
1223 4057 1261 4114 de
1272 4058 1358 4129 regio
1371 4073 1456 4114 man-

192 4165 264 4223 dato
285 4165 324 4223 ad
350 4165 474 4223 easdem
502 4173 627 4223 octavas
659 4182 714 4239 per
743 4182 798 4223 nos
830 4165 942 4222 factam
973 4163 1188 4222 denotancium
1213 4179 1339 4220 movere
1362 4164 1455 4220 habe·

192 4273 273 4344 bant,
297 4272 371 4345 quia
395 4273 496 4329 littere
519 4271 593 4329 dicti
616 4271 734 4329 domini
757 4272 853 4330 nostri
883 4271 974 4342 regis,
1004 4277 1120 4328 secreto
1151 4269 1256 4341 sigillo
1279 4284 1335 4325 suo
1359 4269 1455 4325 consi·

191 4386 280 4450 gnate
303 4377 397 4448 Bude,
421 4379 515 4435 tercio
539 4378 588 4435 die
611 4378 853 4435 annunciationis
877 4379 966 4434 beate
994 4377 1122 4448 virginis
1152 4371 1294 4448 proxime
1318 4373 1455 4446 preteriti

191 4491 338 4554 emanate,
362 4483 541 4557 eisdemque
564 4483 666 4552 iudici,
691 4484 798 4540 iuratis
821 4489 851 4540 et
874 4483 995 4540 civibus
1019 4483 1049 4540 in
1073 4497 1118 4552 eo,
1142 4487 1176 4538 ut
1199 4480 1273 4552 quia
1296 4478 1378 4536 idern
1402 4478 1455 4534 do-

191 4589 292 4646 minus
315 4597 419 4646 noster
441 4606 496 4646 rex
512 4591 723 4647 venerabilem
740 4597 860 4663 patrem
877 4589 1040 4646 dominum
1055 4587 1249 4644 Demetrium
1273 4586 1455 4659 episcopum

191 4695 421 4767 zagrabiensem
444 4701 573 4769 propter
593 4711 663 4752 suas
686 4697 787 4768 regias
818 4695 1034 4768 expediciones
1057 4692 1096 4750 ad
1121 4692 1218 4749 dictas
1242 4699 1367 4748 octavas
1391 4690 1456 4748 illie

191 4801 397 4858 transmittere
420 4816 480 4858 non
505 4803 644 4872 velleret,
668 4809 698 4859 et
720 4804 763 4860 ob
783 4804 841 4859 hoc
858 4801 940 4858 idem
956 4799 1100 4856 dominus
1115 4805 1221 4856 noster
1236 4814 1291 4855 rex
1307 4798 1455 4854 voluisset

192 4913 224 4963 ut
246 4906 354 4964 eadem
378 4923 470 4964 eausa
491 4908 521 4964 in
545 4908 634 4965 dictis
658 4909 774 4966 octavis
790 4907 850 4965 diei
867 4907 968 4964 medie
984 4905 1220 4978 quadragesime
1245 4905 1275 4962 in
1298 4903 1383 4960 curia
1399 4917 1453 4958 sua

192 5013 275 5085 regia
300 5013 331 5070 in
354 5019 459 5070 nostra
479 5014 637 5088 presencia
660 5015 885 5071 terminaretur.
909 5011 972 5086 Ipsi
995 5027 1070 5068 vero
1094 5010 1195 5081 iudex,
1218 5010 1308 5067 iurati
1325 5015 1354 5066 et
1370 5009 1452 5065 cives
