3600 5804
388 539 445 598 108
697 539 771 599 Doc.
796 538 956 618 1272128.
985 577 1021 585 -
1047 543 1342 621 Aa1323-1324.

383 739 467 796 curie
490 744 601 809 nostre,
626 741 738 798 comite
761 741 958 800 chanadiensi
990 748 1020 799 et
1050 743 1197 813 nitriensi,
1231 742 1351 799 Thoma
1377 741 1530 814 woyvoda
1551 747 1634 800 trans-

383 845 504 902 silvano
527 852 556 903 et
579 847 691 904 comite
722 846 760 904 de
792 847 906 920 Zonulr,
937 849 1066 907 Nicolao
1098 849 1180 906 bano
1211 849 1309 906 tocius
1340 847 1510 918 Sclauonie,
1537 848 1635 906 comite

384 951 589 1024 supruniensi,
621 952 733 1024 Mykch
764 954 914 1026 magistro
945 955 1176 1013 tavamicorum
1207 955 1345 1028 predicte
1384 954 1507 1012 domine
1535 956 1635 1028 regine,

384 1057 486 1115 Blasio
509 1059 658 1131 magistro
681 1075 852 1132 agasonum
874 1066 1059 1132 nostrorum,
1083 1061 1223 1120 Dionisio
1257 1061 1406 1134 magistro
1439 1060 1635 1135 dapiferorurn

383 1170 568 1236 nostrorum,
592 1165 720 1224 Nicolao
756 1168 868 1225 comite
899 1169 1074 1242 posomensi
1107 1173 1137 1225 et
1168 1168 1237 1225 aliis
1268 1183 1363 1240 quam
1392 1167 1534 1242 pluribus
1554 1170 1635 1226 comi-

382 1276 463 1330 tatus
486 1271 573 1344 regni
596 1273 770 1330 tenentibus
793 1278 823 1330 et
845 1274 984 1332 honores.

479 1406 501 1455 E
526 1412 690 1472 transumpto
719 1407 829 1472 capituli
857 1407 1040 1474 strigoniensis
1067 1424 1135 1458 anno
1163 1407 1236 1469 1346.
1268 1407 1408 1474 Originale
1436 1407 1463 1458 in
1490 1409 1635 1466 membrana,

383 1494 502 1560 sigillum
522 1497 601 1546 deest.
621 1495 652 1545 In
676 1495 785 1546 archivo
804 1512 860 1546 ven.
880 1512 935 1562 cap.
956 1497 1060 1562 zagrab.
1080 1496 1141 1547 fasc.
1163 1507 1202 1551 10.
1221 1513 1260 1547 nr.
1278 1504 1321 1558 47.

487 1729 536 1776 Αιι.
560 1736 634 1786 1323,
656 1736 693 1776 11.
714 1728 768 1776 dec.
967 1693 1048 1762 127·

471 1857 633 1914 Ladislaus
663 1857 827 1930 episeopus
859 1858 1204 1932 Quinqueecclesiensis
1235 1860 1368 1942 Johanni
1402 1860 1527 1932 cantori,
1558 1874 1636 1916 cano

383 1965 452 2021 nico
475 1964 674 2036 zagrabiensi,
698 1963 825 2020 Nicolao
850 1967 966 2022 cantori
990 1966 1170 2036 chasmensi,
1194 1967 1328 2049 Johanni
1343 1967 1452 2023 abbati
1469 1966 1497 2023 b.
1515 1966 1587 2038 virg.
1602 1965 1637 2020 ci·

382 2071 602 2139 sterciensium,
626 2071 724 2143 priori
747 2069 999 2128 Praedicatorum
1023 2077 1052 2129 et
1075 2072 1246 2145 guardiano
1271 2073 1428 2130 Minorum
1445 2071 1483 2129 de
1499 2071 1637 2145 Zagrabia

382 2175 504 2248 delegat
527 2180 711 2249 potestatem
735 2176 891 2234 iudicandi
919 2193 977 2252 pro
1005 2179 1141 2252 capitulo
1166 2179 1227 2252 ipsi
1250 2179 1355 2236 datam
1378 2195 1397 2236 a
1418 2179 1534 2262 Joanne
1556 2193 1636 2253 papa,

381 2299 475 2356 super
505 2296 595 2356 1319,
619 2276 692 2360 (vid.
708 2299 752 2340 nr.
773 2274 853 2360 ιιι).

470 2417 491 2466 E
511 2433 565 2483 reg.
586 2417 683 2483 Georg.
705 2418 871 2478 Marcelovic‚
891 2423 908 2468 l.
928 2437 949 2474 c.

973 2634 1054 2700 128.

487 2722 563 2769 Anno
585 2728 659 2780 1324,
678 2720 701 2770 8.
721 2719 821 2769 marcii.

389 2848 510 2906 Carolus
541 2849 718 2922 Hungart'ae
747 2857 794 2907 etc.
822 2869 876 2907 rex
898 2851 1087 2924 privilegium
1116 2851 1206 2910 Belae
1237 2853 1293 2910 IV.
1319 2856 1395 2928 regis
1416 2855 1452 2911 de
1474 2853 1638 2912 libertatibus

619 2955 726 3012 civibus
755 2955 962 3013 Grecis-nulus
984 2957 1118 3014 concessis
1139 2958 1230 3014 denuo
1252 2961 1409 3034 confimat.

471 3099 605 3157 Karolus
640 3099 690 3156 dei
720 3101 824 3172 gracia
854 3101 1020 3172 Hungarie,
1052 3101 1221 3173 Dalmacie‚
1245 3101 1381 3174 Croacie‚
1405 3104 1509 3175 Rame,
1533 3101 1637 3172 Seruie,

382 3205 523 3276 Gallicie,
548 3205 739 3275 Lodomerie,
764 3205 912 3264 Cumanie
937 3207 1141 3280 Bulgarieque
1164 3225 1227 3279 rex,
1250 3209 1396 3282 princeps
1427 3208 1639 3266 Sallemitanus

382 3317 412 3369 et
429 3312 564 3369 Honoris
587 3327 622 3368 ac
646 3313 758 3369 montis
782 3313 876 3369 saneti
901 3315 1013 3386 Angeli
1041 3314 1192 3371 dominus.
1226 3315 1379 3372 Omnibus
1410 3314 1540 3372 Christri
1572 3313 1639 3371 fide-

387 3421 470 3476 libus
508 3427 571 3476 tam
605 3419 799 3492 presentibus
830 3435 924 3492 quam
956 3419 1068 3478 futuris
1099 3423 1294 3494 presencium
1318 3423 1465 3478 noticiam
1487 3420 1640 3488 habituris,

385 3521 519 3582 salutern
542 3525 573 3582 in
597 3541 641 3594 eo,
666 3525 718 3597 qui
743 3526 868 3597 regibus
892 3525 944 3583 dat
967 3527 1108 3584 salutem.
1126 3526 1173 3583 Ad
1190 3527 1408 3584 universorum
1423 3527 1566 3585 noticiam
1584 3533 1640 3583 tam

381 3633 576 3705 presencium
607 3647 702 3704 quam
733 3631 910 3690 futurorum
940 3635 1062 3710 harum¹
1080 3633 1158 3690 serie
1195 3634 1340 3690 volumus
1362 3635 1537 3707 pervenire:
1560 3630 1639 3705 quod

382 3739 530 3811 magister
562 3738 706 3810 Thomas,
738 3739 875 3796 notarius
910 3739 1043 3796 civitatis
1066 3745 1170 3796 nostre
1193 3739 1231 3795 de
1255 3748 1359 3796 monte
1387 3739 1489 3796 Grech
1511 3755 1545 3796 ac
1566 3739 1640 3795 civis

383 3845 421 3903 de
445 3845 563 3917 eadem,
587 3845 654 3902 vice
674 3853 703 3902 et
726 3846 849 3902 nomine
872 3847 1081 3904 universitatis
1105 3846 1220 3903 civium
1237 3845 1275 3903 de
1291 3845 1401 3903 eodem
1418 3851 1520 3904 monte
1535 3845 1640 3914 Grech

382 3951 422 4008 ad
450 3959 553 4008 nostre
586 3952 757 4008 serenitatis
788 3951 935 4009 accedens
965 3953 1165 4026 presenciam,
1201 3952 1342 4009 exhibuit
1373 3953 1463 4010 nobis
1489 3951 1640 4025 quoddam

382 4059 584 4131 privilegium
620 4064 761 4115 nostrum
793 4060 890 4115 veteri
924 4059 1030 4131 sigillo
1065 4067 1171 4115 nostro
1205 4059 1428 4130 consignatum,
1462 4057 1640 4116 confirmans

382 4163 583 4236 privilegium
619 4163 738 4220 domini
773 4163 853 4234 Bele‚
889 4164 1047 4236 quondam
1082 4163 1212 4220 illustris
1244 4163 1325 4235 regis
1350 4163 1515 4235 Hungarie,
1538 4163 1640 4236 proavi

382 4271 488 4339 nostri,
523 4285 616 4342 super
650 4269 795 4328 libertate
830 4277 859 4327 et
894 4276 975 4327 terra
1011 4286 1066 4343 per
1089 4269 1221 4326 eundem
1244 4270 1320 4342 ipsis
1344 4270 1466 4326 civibus
1489 4268 1640 4334 concessis,

383 4375 566 4446 confectum,
585 4381 691 4449 petens
715 4391 769 4433 nos
794 4391 921 4449 precum
947 4377 1093 4433 instancia
1117 4377 1296 4448 subiectiva,
1320 4381 1352 4432 ut
1376 4376 1481 4450 ipsum
1496 4375 1641 4433 ratificare

383 4488 413 4538 et
436 4483 621 4556 approbare,
654 4497 690 4539 ac
712 4483 809 4540 nostri
833 4483 905 4539 novi
928 4489 959 4539 et
981 4483 1125 4540 autentici
1148 4483 1244 4554 sigilli
1266 4483 1465 4556 apposicione
1488 4483 1529 4540 ad
1551 4482 1641 4540 maio-

383 4604 449 4645 rem
474 4589 627 4645 cautelam
652 4587 689 4644 de
713 4589 901 4660 benignitate
923 4590 1008 4661 regia
1028 4589 1227 4661 dignaremur
1242 4587 1434 4646 confirmare.
1451 4587 1548 4646 Cuius
1563 4597 1642 4646 tenor

384 4695 454 4752 talis
477 4701 537 4751 est:
570 4688 644 4772 (vid.
668 4711 711 4751 nr.
748 4709 815 4766 123.
847 4710 926 4752 anno
961 4709 1052 4767 1322,
1088 4711 1133 4768 14,
1164 4687 1319 4770 octobris).
1352 4693 1414 4751 Nos
1445 4694 1540 4768 igitur
1562 4693 1641 4752 iustis

384 4807 414 4857 et
438 4782 586 4871 legitimis
609 4799 851 4872 admissionique
875 4800 975 4873 dignis
996 4800 1134 4858 eiusdem
1151 4801 1292 4873 magistri
1308 4800 1428 4858 Thome
1443 4801 1641 4874 peticionibus

385 4904 600 4962 favorabiliter
629 4905 766 4963 inclinati
796 4907 971 4980 predictum
1001 4907 1203 4981 privilegium
1233 4915 1375 4964 nostrum
1410 4922 1469 4964 non
1493 4908 1641 4972 abrasum,

385 5027 445 5071 non
461 5011 675 5084 cancellatum,
692 5028 748 5069 nec
764 5012 795 5070 in
811 5013 917 5086 aliqua
932 5015 979 5071 sui
995 5019 1083 5087 parte
1099 5014 1247 5070 viciatum
1271 5012 1309 5070 de
1332 5013 1431 5070 verbo
1454 5013 1494 5070 ad
1518 5013 1641 5070 verbum
