3728 5806
357 575 419 632 330
733 557 806 615 Dec.
824 569 897 634 355.
915 553 990 634 356.
1014 590 1053 598 =—-
1073 557 1129 614 An.
1154 571 1243 634 1392.

355 755 443 811 banis
472 761 502 811 et
533 755 689 812 vicebanis
720 755 827 812 dantes
856 747 924 832 (eis)
956 755 1111 813 similibus
1142 755 1332 827 reginalibus
1362 757 1422 812 sub
1455 756 1618 828 preceptis.

356 859 468 915 Datum
502 859 593 930 Rude,
625 860 702 917 feria
733 861 867 918 secunda
902 861 1045 934 proxima
1077 867 1147 935 post
1184 860 1296 918 testum
1335 861 1424 918 beate
1452 861 1618 918 Elisabeth.

356 967 444 1022 Anno
468 965 586 1023 domini
610 967 779 1024 millesimo
804 966 881 1024 CCC
904 968 1103 1040 nonagesimo
1126 968 1237 1041 primo.

444 1101 584 1166 Originale
604 1102 630 1152 in
650 1103 748 1159 charta,
768 1103 793 1152 in
813 1119 865 1166 qua
886 1103 1043 1168 impressum
1062 1109 1100 1152 est
1119 1101 1238 1166 sigillum
1258 1101 1371 1166 reginae.
1398 1101 1429 1150 ln
1453 1101 1552 1151 archiv.
1573 1101 1618 1150 lib.

355 1204 408 1254 reg.
429 1189 477 1239 civ.
497 1191 601 1254 zagrab.

949 1441 1033 1507 355.

461 1584 545 1638 Anno.
568 1591 643 1644 1392.
662 1584 685 1632 8.
704 1582 826 1646 januarii.
849 1584 986 1649 Strigonii.

355 1708 556 1782 Sigismundus
586 1711 763 1782 Hungan'ae
793 1730 847 1768 rex
870 1713 1021 1769 conventui
1040 1713 1207 1780 acladiensi,
1230 1722 1266 1770 ut
1286 1713 1475 1786 quaestionem
1507 1710 1624 1767 haberet

354 1814 388 1870 de
403 1815 545 1891 Johanne
575 1817 654 1888 episc.
685 1817 801 1888 zagrnb.
832 1819 885 1890 qui
912 1826 971 1876 tres
1000 1818 1170 1876 bombardas
1200 1820 1230 1874 in
1261 1819 1403 1875 civitatem
1434 1815 1620 1874 Grcchensem

842 1925 971 1994 misisset,
990 1925 1139 1998 praecipit.

444 2065 660 2138 sigismundus
693 2067 742 2125 dei
771 2069 875 2140 gracia
905 2084 959 2124 rex
990 2069 1156 2141 Hungarie,
1192 2069 1358 2136 Dalmacie,
1394 2066 1521 2124 Croacie
1557 2073 1620 2134 etc,

355 2173 555 2246 marchioque
579 2173 883 2246 Brandenburgensis
906 2180 960 2231 etc.
997 2174 1156 2231 Fidelibus
1180 2175 1243 2231 suis
1266 2173 1431 2231 conventui
1454 2171 1621 2229 zaladiensi

355 2278 487 2335 salutem
512 2285 542 2335 et
564 2280 709 2351 graciam.
737 2279 859 2336 Dicitur
881 2281 971 2338 nobis
994 2281 1025 2338 in
1048 2281 1188 2355 personis
1212 2281 1427 2337 universorum
1451 2279 1568 2336 civium
1593 2285 1622 2334 et

356 2385 513 2457 hospitum
545 2392 720 2442 nostrorum
753 2387 867 2443 montis
902 2386 1063 2444 Grecensis
1094 2386 1133 2444 de
1164 2386 1324 2460 lagi-abia,
1355 2384 1438 2459 quod
1473 2400 1618 2442 reveren-

356 2489 414 2548 dus
437 2491 468 2548 in
491 2491 615 2548 Christo
637 2498 734 2564 pater,
758 2493 903 2550 dominus
925 2493 1080 2576 Johannes
1103 2494 1267 2568 episcopus
1292 2493 1421 2550 ecclesie
1444 2491 1622 2563 zagrabien-

356 2597 397 2654 sis
428 2598 458 2654 in
489 2599 598 2671 vigilia
629 2598 699 2657 festi
729 2600 897 2656 nativitatis
929 2599 1048 2656 domini
1078 2600 1221 2674 proxime
1252 2599 1392 2672 preteriti
1424 2598 1522 2654 tribus
1546 2597 1622 2654 vici-

357 2704 415 2760 bus
449 2705 656 2762 bombardam
695 2705 734 2762 ad
766 2706 867 2778 ipsam
901 2711 1037 2763 nostram
1074 2706 1232 2763 civitatem
1266 2705 1382 2762 scilicet
1419 2705 1448 2761 in
1483 2703 1620 2760 medium

356 2811 495 2883 ipsorum
531 2811 671 2868 emittere
705 2812 824 2868 lecisset
854 2813 885 2870 in
917 2813 1056 2885 ipsorum
1093 2811 1297 2883 preiudiclum
1332 2811 1425 2868 valde
1462 2825 1618 2882 magnum.

356 2915 456 2990 Super
479 2933 541 2990 quo
573 2917 717 2975 fidelitati
748 2925 849 2975 vestre
877 2917 1008 2975 firmiter
1032 2916 1230 2990 precipiendo
1253 2915 1445 2984 mandamus,
1471 2923 1622 2988 quatenus

357 3029 494 3080 vestrum
527 3026 655 3082 mittatis
687 3025 842 3082 hominem
877 3040 934 3099 pro
965 3024 1140 3081 testimonio
1168 3023 1370 3096 fidedignum,
1394 3039 1456 3095 quo
1480 3029 1623 3096 presente

359 3129 478 3200 Paulus
504 3130 587 3188 filius
611 3131 713 3188 Mathe
736 3131 775 3188 de
799 3130 966 3203 Myletinch
990 3130 1041 3186 vel
1066 3130 1183 3201 Petrus,
1208 3129 1291 3187 filius
1307 3128 1454 3203 Stephani
1473 3129 1512 3185 de
1527 3127 1623 3184 Zaua·

364 3235 504 3306 melleke‚
536 3247 588 3294 aut
619 3239 749 3308 Marcus,
775 3237 858 3295 filius
881 3237 970 3294 Pauli
1001 3236 1040 3293 de
1069 3236 1185 3307 eadem,
1217 3237 1287 3294 aliis
1318 3237 1505 3306 absentibus,
1529 3235 1625 3292 homo

361 3350 471 3412 noster,
494 3344 534 3400 ab
558 3344 703 3400 omnibus
736 3343 849 3416 quibus
880 3343 1031 3400 incumbit
1059 3359 1177 3400 meram
1201 3343 1239 3400 de
1263 3343 1421 3416 premissis
1444 3341 1624 3415 experiatur

359 3448 530 3518 veritatem,
563 3464 658 3520 quam
690 3448 814 3506 landem
847 3450 935 3506 nobis
963 3449 1098 3506 fideliter
1121 3451 1303 3506 rescribatis,
1327 3449 1442 3506 Datum
1466 3447 1623 3519 strigonii,

360 3552 436 3611 feria
452 3554 586 3611 secunda
602 3556 746 3628 proxima
761 3561 831 3628 post
848 3554 961 3612 festum
977 3555 1223 3629 Epiphaniarum
1238 3554 1363 3612 domini.
1379 3555 1467 3611 Anno
1484 3552 1622 3610 eiusdem

363 3659 471 3716 MCCC
494 3662 693 3732 nonagesimo
717 3661 858 3718 secundo

447 3796 469 3844 E
486 3795 583 3846 litteris
603 3801 746 3846 conventus
763 3796 925 3854 zaladieusis,
945 3811 1012 3846 anno
1033 3798 1132 3856 eodem,
1152 3801 1181 3846 ut
1201 3795 1277 3846 infra

946 4029 1034 4095 356.

463 4189 538 4237 Anno
561 4197 634 4250 1392,
654 4203 677 4250 e).
696 4188 817 4252 januarii.
838 4188 975 4253 Strigonii.

360 4315 561 4388 Sigismundus
584 4318 761 4390 Hungariae
787 4326 834 4374 etc.
858 4336 920 4387 rex,
943 4318 1133 4391 quaestionem
1157 4315 1328 4373 esthabere!
1348 4315 1382 4372 de
1398 4315 1547 4391 johanne,
1566 4314 1624 4385 epi-

358 4431 438 4496 scopo
469 4423 585 4496 aagrab.
619 4424 691 4497 „qui
717 4424 808 4480 tribus
839 4423 944 4480 vr'cibus
974 4423 1156 4479 bombardam
1186 4422 1229 4477 ud
1255 4422 1396 4478 civitatem
1434 4417 1624 4476 Grechcnsem

609 4530 698 4586 emitti
711 4530 859 4604 feci'sret“,
882 4530 1034 4586 conventui
1053 4529 1211 4601 simigiensi
1222 4527 1374 4601 praecipit.

447 4673 663 4747 Sigismundus
695 4672 744 4731 dei
783 4674 885 4745 gracia
919 4690 974 4730 rex
1006 4673 1171 4746 Hungarie‚
1201 4671 1371 4742 Dalmacie,
1402 4669 1528 4726 Croacie
1558 4675 1625 4738 etc,

360 4781 559 4853 marchioque
584 4780 900 4852 Brandemburgensis
922 4787 976 4838 etc.
1000 4779 1159 4837 Fidelibus
1183 4779 1245 4836 suis
1265 4777 1429 4835 conventui
1445 4775 1625 4847 symigiensi

360 4885 492 4943 salutem
523 4892 554 4942 et
576 4886 720 4958 graciam.
749 4886 869 4944 Dicitur
902 4887 992 4944 nobis
1023 4887 1052 4944 in
1087 4886 1225 4959 personis
1257 4884 1474 4941 universorum
1507 4881 1625 4938 civium

360 4999 389 5049 et
423 4992 580 5066 hospitum
612 4997 790 5048 nostrorum
825 4993 938 5049 montis
969 4991 1130 5050 Grecensis
1162 4990 1201 5047 de
1229 4989 1388 5062 Zagrabia,
1424 4987 1506 5060 quod
1538 5002 1626 5044 reve·
