3600 5804
396 535 453 594 162
814 535 887 592 Doc.
912 531 981 611 183.
1009 568 1045 576 -
1067 534 1122 592 An.
1147 548 1234 612 1343.

390 731 507 790 Christi
541 731 689 790 fidelibus
721 733 916 805 presentibus
944 733 1062 806 pariter
1096 739 1125 790 et
1160 732 1271 790 futuris
1294 734 1489 807 presencium
1512 733 1649 790 noticiam

392 839 552 908 habituris,
583 839 715 895 salutem
747 839 777 895 in
809 839 949 896 omnium
982 839 1144 896 salvatore.
1182 838 1228 896 Ad
1260 841 1477 897 universorum
1511 839 1650 896 noticiam

392 944 503 1000 harum
528 944 606 1001 serie
630 944 775 1000 volumus
798 945 977 1016 pervenire:
994 943 1079 1017 quod
1093 959 1150 1002 nos
1166 945 1287 1002 litteras
1312 950 1451 1018 patentes
1474 944 1653 1002 serenissimi

391 1050 540 1122 principis
578 1049 696 1106 domini
728 1048 884 1119 Lodouici,
908 1048 958 1106 dei
989 1051 1093 1122 gracia
1124 1051 1255 1108 illustris
1289 1051 1372 1122 regis
1402 1051 1569 1120 Hungarie,
1601 1063 1654 1121 per

392 1154 606 1213 honorabilem
643 1162 672 1213 et
706 1155 873 1214 discretum
909 1157 1011 1213 virum
1047 1156 1209 1213 dominum
1244 1155 1397 1238 Jacobum
1429 1155 1653 1227 zagrabiensem

392 1262 585 1335 prepositum
617 1263 707 1319 nobis
738 1262 891 1319 exhibitas
922 1263 1096 1336 recepimus
1128 1263 1244 1320 honore
1274 1278 1345 1320 cum
1380 1261 1500 1320 decenti
1538 1261 1567 1318 in
1600 1261 1653 1316 hec

392 1368 504 1425 verba:
534 1363 608 1444 (vid.
642 1385 686 1426 nr.
722 1368 791 1438 181,
823 1383 903 1426 anno
942 1383 1033 1443 1342,
1069 1385 1115 1443 14.
1147 1361 1341 1453 decembris).
1373 1368 1436 1426 Nos
1463 1367 1558 1440 igitur
1587 1381 1650 1440 pre·

392 1475 489 1547 ceptis
512 1473 650 1530 eiusdem
674 1473 792 1531 domini
824 1476 920 1532 nostri
952 1475 1034 1547 regis
1064 1476 1283 1549 obtemperare
1313 1475 1479 1548 cupientes,
1511 1479 1544 1530 ut
1578 1478 1653 1530 tene-

390 1596 471 1649 mur,
495 1596 627 1638 unacum
653 1580 792 1654 predicto
816 1581 926 1638 Rawaz
956 1581 1026 1638 aule
1049 1583 1133 1654 regie
1158 1582 1267 1652 milite,
1298 1581 1423 1638 homine
1445 1581 1540 1652 regio,
1563 1594 1652 1636 unum

390 1702 429 1743 ex
468 1687 557 1744 nobis
595 1686 761 1744 discretum
802 1688 904 1744 virum
941 1687 1125 1760 magistrum
1151 1686 1343 1761 Stephanum
1373 1687 1490 1744 socium
1525 1689 1555 1743 et
1587 1700 1653 1742 cou-

391 1792 571 1849 canonicum
602 1797 741 1849 nostrum
778 1807 835 1865 pro
870 1792 1046 1850 testimonio
1076 1794 1304 1851 transmisimus
1337 1791 1376 1849 ad
1400 1793 1551 1866 premissa
1573 1807 1653 1848 man·

391 1897 463 1955 data
504 1899 601 1972 ipsius
643 1899 760 1956 domini
801 1900 897 1957 nostri
939 1900 1020 1972 regis
1062 1897 1249 1970 exequenda.
1286 1898 1346 1971 Qui
1380 1897 1579 1971 postmodum
1617 1896 1652 1954 ad

391 2019 446 2061 nos
480 2006 597 2062 reversi
629 2006 720 2062 nobis
754 2004 946 2062 concorditer
975 2005 1158 2076 retulerunt,
1201 2005 1335 2077 qualiter
1369 2005 1429 2077 ipsi
1464 2002 1538 2061 feria
1571 2009 1653 2060 sexta

391 2111 534 2183 proxima
566 2117 636 2168 ante
667 2109 780 2168 festum
810 2093 893 2168 beati
921 2111 1077 2169 Valentini
1107 2112 1253 2182 martyris
1283 2127 1364 2168 nunc
1390 2111 1535 2184 preterita
1558 2125 1654 2166 aoces-

391 2216 500 2273 sissent
531 2216 570 2272 ad
602 2217 758 2274 civitatem
789 2217 1018 2290 zagrabiensem
1050 2223 1080 2274 et
1111 2217 1184 2290 quia
1211 2218 1314 2290 ipsum
1349 2217 1520 2290 capitulum
1553 2230 1653 2287 zagra·

391 2323 496 2380 biense
519 2329 624 2381 contra
655 2339 763 2380 eorum
794 2323 952 2382 libertates
979 2325 1009 2382 in
1040 2325 1156 2394 multis,
1180 2329 1214 2380 ut
1238 2324 1435 2396 premittitur,
1460 2322 1603 2380 videlicet
1625 2323 1652 2378 in

391 2428 606 2486 exaccionibus
639 2429 732 2500 bladi,
766 2429 830 2486 vini
861 2435 891 2486 et
921 2428 1119 2486 denariorum
1148 2429 1186 2486 ad
1210 2427 1327 2486 dictum
1355 2433 1491 2485 castrum
1518 2427 1653 2497 Medwey

390 2549 447 2606 per
470 2533 620 2592 officiales
644 2535 763 2593 domini
792 2535 905 2606 Mykch
929 2536 1001 2593 bani
1025 2535 1123 2592 tocius
1146 2533 1309 2592 Sclauonie
1334 2535 1503 2606 prenotati;
1530 2535 1602 2590 item
1625 2534 1652 2588 in

391 2640 552 2696 exaccione
577 2641 765 2698 tributorum
789 2656 846 2714 per
869 2639 1002 2698 eundem
1026 2639 1187 2697 dominum
1212 2639 1325 2710 Mykch
1350 2640 1466 2696 banum
1494 2639 1524 2696 in
1547 2638 1653 2694 tenutis

389 2744 528 2802 eiusdem
559 2747 688 2819 capituli
718 2749 749 2804 in
772 2748 848 2804 locis
872 2747 1003 2804 diversis
1040 2747 1277 2820 specialiterque
1300 2745 1382 2820 apud
1408 2746 1570 2802 ecelesiam
1592 2759 1652 2800 om·

390 2851 476 2907 nium
499 2857 676 2909 sanctorum
698 2867 797 2926 prope
821 2852 1005 2926 Zagrabiam
1035 2853 1136 2910 minus
1160 2853 1237 2910 iuste
1266 2851 1387 2909 factam.
1412 2851 1490 2908 ltem
1514 2851 1607 2908 eciam
1624 2849 1653 2905 in

389 2957 551 3014 exaccione
576 2959 764 3016 tributorum
789 2960 862 3016 salis
886 2965 916 3016 et
939 2975 1008 3015 cere
1031 2974 1087 3031 per
1114 2958 1198 3014 cives
1214 2957 1383 3015 Grecenses
1399 2961 1505 3012 contra
1521 2961 1652 3012 tenorem

390 3063 630 3135 privilegiorum
654 3065 752 3138 ipsius
776 3066 904 3138 capituli
927 3065 1100 3122 commissa.
1122 3065 1198 3122 Item
1216 3065 1350 3137 qualiter
1365 3061 1517 3120 officiales
1534 3061 1652 3128 domini,

391 3167 508 3226 domini
533 3170 645 3242 Mykch
668 3171 749 3240 bani,
773 3172 805 3228 in
828 3171 957 3244 singulis
989 3171 1076 3228 annis
1102 3171 1255 3228 tributum
1278 3170 1369 3226 unius
1393 3168 1455 3226 diei
1479 3167 1518 3226 ad
1542 3167 1652 3224 dictum

391 3276 561 3348 capitulum
593 3278 757 3350 pertinens,
789 3279 820 3334 in
848 3277 988 3350 predicto
1010 3281 1110 3334 castro
1134 3275 1280 3334 Grecensi
1303 3275 1343 3332 ad
1372 3275 1499 3332 libitum
1520 3274 1650 3347 ipsorum

391 3383 560 3440 voluntatis
584 3399 642 3456 pro
673 3399 705 3440 se
737 3385 811 3457 ipsis
842 3385 1021 3457 exegissent.
1053 3384 1129 3441 Item
1153 3384 1184 3441 in
1207 3398 1244 3440 eo
1268 3383 1406 3455 qualiter
1429 3397 1534 3439 comes
1556 3393 1653 3452 ragra-

392 3487 505 3544 bieusis
537 3490 680 3546 similiter
711 3491 741 3547 iu
771 3491 902 3563 singulis
933 3491 1020 3547 annis
1043 3491 1081 3548 de
1105 3490 1178 3547 vino
1202 3489 1346 3546 decimali
1369 3488 1408 3546 ad
1433 3487 1551 3545 dictum
1576 3485 1652 3558 capi·

390 3593 492 3651 tulum
513 3596 684 3668 pertinente
708 3611 804 3653 unam
826 3597 977 3653 tunellam
1000 3597 1062 3654 vini
1084 3595 1298 3668 potencialiter
1313 3596 1343 3652 in
1361 3594 1485 3651 conchis
1502 3594 1568 3650 sive
1584 3591 1652 3648 locis

391 3698 595 3758 decimalibus
626 3695 776 3774 Zagrabie
808 3703 905 3774 recipi
936 3701 1077 3772 faciebat,
1108 3702 1251 3776 oppressi
1281 3700 1409 3757 luissent
1433 3705 1462 3756 et
1489 3697 1652 3772 aggravati,

391 3805 474 3863 idern
500 3807 611 3864 Rawaz
635 3809 729 3865 homo
753 3808 849 3881 ipsius
870 3807 987 3866 domini
1015 3809 1111 3864 nostri
1134 3807 1215 3878 regis
1239 3811 1381 3879 presente
1397 3805 1538 3878 predicto
1554 3808 1652 3860 nostro

391 3913 567 3970 testimonio
590 3913 762 3970 invenisset.
795 3913 867 3970 ldeo
898 3913 937 3970 ad
967 3919 1149 3987 preceptum
1173 3913 1293 3985 regium
1310 3918 1339 3968 et
1354 3910 1539 3968 mandatum
1554 3923 1650 3968 coram

391 4017 589 4076 multitudine
624 4019 776 4076 nobilium
801 4025 831 4076 et
853 4021 967 4077 civium
992 4013 1192 4077 Grecensium
1216 4035 1252 4076 ac
1275 4019 1409 4075 aliorum
1434 4019 1594 4074 hominum
1615 4013 1650 4070 ad

391 4124 450 4180 hoc
480 4125 654 4197 specialiter
689 4131 871 4182 vocatorum
902 4127 987 4183 iuxta
1011 4127 1254 4199 prescriptorum
1277 4125 1452 4182 litterarum
1482 4123 1651 4197 patencium

392 4231 488 4303 ipsius
520 4229 638 4286 domini
669 4231 767 4286 nostri
796 4232 878 4302 regis
913 4237 1050 4288 tenorem
1083 4231 1219 4288 indebita
1249 4237 1279 4288 et
1307 4232 1418 4288 iniusta
1442 4228 1509 4287 fore
1532 4228 1651 4303 publice

390 4337 564 4394 nunciasset
588 4343 617 4392 et
643 4338 685 4393 sie
709 4337 796 4393 irrita
819 4345 848 4394 et
871 4338 972 4394 inania
1001 4355 1036 4395 ac
1059 4339 1175 4396 nullius
1211 4338 1389 4396 stabilitatis
1416 4352 1482 4394 esse
1507 4340 1650 4408 quantum

390 4443 428 4500 ad
451 4443 695 4500 introducciones
710 4443 893 4501 eorumdem
916 4445 1003 4502 salvo
1028 4447 1094 4502 iure
1118 4445 1192 4502 dicti
1215 4444 1344 4518 capituli
1368 4445 1398 4501 in
1421 4441 1539 4500 eisdem
1560 4453 1651 4498 rema·

390 4555 487 4606 nente.
520 4549 810 4622 Introducentesque
842 4551 944 4622 ipsum
975 4552 1147 4623 capitulum
1179 4550 1376 4623 zagrabiense
1406 4550 1438 4606 in
1469 4549 1594 4622 plenam
1623 4551 1651 4600 et

389 4657 521 4713 liberam
552 4657 776 4728 possessionem
808 4657 948 4714 omnium
982 4665 1010 4713 et
1042 4657 1238 4729 singulorum
1273 4657 1499 4729 premissorum
1528 4665 1648 4711 suorum

391 4764 505 4820 iurium
537 4763 566 4819 in
600 4763 836 4836 quibuscunque
871 4766 1038 4821 consistant
1071 4765 1156 4821 iuxta
1185 4763 1333 4820 'contenta
1365 4761 1600 4836 privilegiorum
1634 4772 1650 4812 a

391 4869 640 4942 progenitoribus
661 4870 797 4928 eiusdem
828 4869 945 4927 domini
976 4872 1071 4928 nostri
1101 4870 1183 4940 regis
1213 4885 1390 4927 concessam
1413 4868 1550 4941 capitulo
1572 4871 1649 4922 ante

391 4976 480 5033 dicto.
512 4975 545 5032 ln
577 4979 662 5034 cuius
695 4978 739 5034 rei
771 4977 982 5034 testimonium
1014 4981 1259 5050 perpetuamque
1289 4975 1470 5032 firmitatem
1499 4978 1648 5048 presentes
