3728 5806
338 635 341 644 Ι
418 577 479 636 ²44
726 557 798 616 Doc.
822 567 890 633 255.
914 551 985 632 256.
1013 587 1049 598 —
1075 555 1131 613 Au.
1156 563 1367 632 1374-1375.

521 753 597 802 Anno
619 759 692 813 1³⁷4
1008 750 1091 818 255.

505 899 682 957 Pestilentia
705 899 830 957 asiatica
852 900 1052 972 grassabatur
1074 897 1242 970 Zagrabiae
1265 903 1295 955 et
1321 898 1350 954 in
1374 897 1439 954 eius
1463 897 1609 954 districtu.

504 1033 590 1084 Huius
603 1033 769 1099 pestilentiae
782 1034 880 1084 mentio
894 1033 924 1084 fit
937 1033 964 1084 in
977 1033 1074 1084 litteris
1094 1032 1237 1084 Elisabeth.
1257 1047 1311 1096 reg.
1332 1031 1495 1096 ilungariae‚
1510 1031 1555 1080 vid
1568 1046 1604 1080 nr.
1618 1039 1671 1090 271,

414 1138 472 1173 ann.
495 1131 568 1181 1377,
588 1121 658 1172 diem
678 1131 718 1181 23.
735 1122 859 1188 Augusti.

1010 1300 1096 1367 256.

521 1445 598 1494 Anno
619 1449 693 1502 1375,
712 1451 752 1492 21.
773 1441 874 1507 aprilis.
895 1441 926 1491 In
946 1447 1033 1492 castro
1052 1441 1216 1508 Strassbnrg.

409 1569 573 1646 Johonucs,
602 1568 758 1626 Gurcensis
773 1569 853 1642 episc.
869 1568 1017 1642 quemdam
1035 1568 1163 1636 Peterem,
1182 1567 1234 1625 sub
1248 1568 1379 1624 cautione
1385 1566 1574 1642 fideiussoria
1589 1584 1603 1622 e
1617 1583 1674 1622 car·

416 1675 524 1732 ceribus
557 1675 764 1732 communitatis
805 1673 975 1731 Grecleensis
1011 1681 1069 1747 pro
1092 1673 1180 1748 sestis
1202 1673 1392 1747 paschalibus
1425 1673 1564 1742 etncssum,
1593 1671 1673 1728 cidem

541 1779 723 1848 commendat,
746 1797 860 1854 uuaque
883 1778 998 1835 candem
1020 1779 1054 1836 de
1076 1779 1220 1852 reciproco
1247 1779 1375 1835 arrricci‘io
1398 1785 1551 1836 assecurat.

503 1924 645 2007 Johanes‚
667 1923 716 1981 dei
733 1931 763 1981 et
781 1923 950 1996 apostolice
966 1923 1047 1980 sedis
1062 1923 1166 1996 gracia
1181 1922 1348 1980 Gurcensis
1364 1923 1492 1980 ecclesie
1508 1923 1676 1996 episcopus,

416 2037 517 2086 sancte
534 2027 779 2100 Salizburgensis
803 2028 931 2085 ecclesie
953 2029 982 2085 in
999 2029 1214 2102 spiritualibus
1230 2029 1363 2086 vicarius
1379 2029 1541 2100 generalis
1565 2043 1676 2086 necnon

415 2135 666 2192 excellentissimi
690 2134 837 2208 principis
859 2133 976 2191 domini
1003 2135 1099 2192 nostri
1127 2135 1353 2206 gloriosissimi,
1381 2135 1497 2191 domini
1523 2135 1676 2190 Ludowici

416 2243 497 2314 regis
522 2241 656 2312 Vngarie
679 2240 865 2314 capellanus.
889 2240 1037 2297 Discretis
1059 2246 1088 2298 et
1112 2241 1303 2312 sapientibus
1328 2241 1411 2310 viris
1434 2240 1543 2296 amicis
1560 2239 1676 2297 karissi-

416 2349 483 2416 mis,
508 2346 610 2416 iudici,
633 2346 813 2404 consulibus
836 2352 866 2403 et
889 2347 996 2404 iuratis
1019 2347 1152 2404 civitatis
1176 2344 1388 2417 Sagrabiensis
1412 2346 1546 2402 salutem
1571 2352 1602 2402 et
1624 2347 1674 2401 ob·

417 2455 593 2526 sequiosum
626 2453 656 2509 in
694 2452 838 2509 omnibus
876 2453 1014 2509 animum
1053 2451 1276 2525 complacendi.
1315 2451 1394 2508 Cum
1434 2452 1517 2508 enim
1556 2451 1677 2508 Petrum

416 2557 665 2616 Chursthkonem
689 2556 727 2614 de
742 2557 854 2628 Chray,
879 2559 1072 2630 presencium
1089 2563 1234 2629 actorem,
1251 2565 1392 2614 nostrum
1409 2565 1438 2614 et
1454 2557 1535 2614 dicte
1555 2557 1678 2614 ecclesie

415 2670 518 2721 nostre
541 2665 687 2720 colonum
712 2662 838 2720 fidelem
862 2659 923 2737 pro¹
942 2664 1099 2736 aliquibus
1123 2669 1224 2721 vestre
1247 2663 1382 2720 civitatis
1408 2663 1520 2720 litteris
1543 2679 1597 2719 seu
1613 2663 1678 2719 aliis

415 2765 517 2840 rebus,
542 2777 575 2826 ut
598 2768 699 2827 dicitis
723 2785 787 2840 vos,
811 2769 849 2826 de
873 2769 1008 2842 quadam
1031 2770 1166 2827 stacione
1189 2786 1242 2826 seu
1266 2769 1398 2826 comodo
1421 2771 1543 2826 sinistre
1570 2769 1678 2826 ablatis

417 2883 577 2949 tamquam
600 2875 778 2932 maleficum
803 2876 1042 2950 captivaveritis‚
1066 2882 1100 2932 ut
1124 2875 1207 2933 idem
1237 2876 1328 2932 nobis
1357 2875 1465 2932 retulit
1487 2879 1519 2932 et
1542 2875 1678 2948 promul-

416 2983 509 3054 gavit,
532 2996 625 3054 quem
649 2987 751 3038 tamen
775 2995 831 3038 nos
855 2997 909 3038 nec
932 2987 1138 3039 antecessores
1154 2982 1251 3038 nostri
1267 2981 1347 3038 dicte
1363 2980 1529 3038 Gurcensis
1553 2981 1678 3038 ecclesie

415 3088 552 3161 episcopi
576 3087 606 3144 in
629 3087 735 3159 aliqua
757 3087 879 3144 sinistra
902 3088 1025 3145 accione
1058 3102 1210 3160 umquam
1240 3087 1428 3160 reperimus;
1453 3092 1484 3144 et
1507 3101 1565 3143 vos
1588 3086 1679 3143 modo

416 3193 548 3250 eundem
572 3193 602 3250 in
626 3192 805 3250 huiusmodi
829 3191 900 3250 iacti
925 3195 1097 3250 immunem
1120 3193 1279 3250 inventum
1304 3193 1363 3249 sub
1387 3194 1531 3249 caucione
1559 3191 1680 3249 fideius-

416 3299 498 3356 soria
529 3315 627 3371 usque
663 3297 772 3355 feriam
803 3305 921 3356 sextam
955 3299 1036 3357 infra
1066 3305 1190 3356 octavas
1220 3297 1313 3354 Pasce
1347 3297 1506 3372 pendente,
1539 3299 1680 3372 proxime

416 3411 577 3461 venturam
602 3403 842 3474 excredideritis,
867 3405 908 3461 ita
931 3405 1084 3472 videlicet,
1109 3403 1193 3477 quod
1218 3403 1300 3461 idem
1318 3404 1426 3461 Petrus
1450 3405 1541 3461 vobis
1564 3405 1680 3462 litteras

417 3510 538 3568 interim
563 3515 683 3566 nostras
706 3515 829 3583 apertas
852 3511 947 3566 affere
971 3510 1090 3582 debeat,
1126 3511 1156 3567 in
1188 3525 1250 3583 qua
1280 3525 1336 3567 nos
1363 3511 1487 3568 nomine
1510 3511 1679 3568 amicorum

416 3615 490 3674 dicti
514 3616 596 3673 Petri
619 3632 671 3672 seu
695 3616 829 3673 aliorum
854 3631 1123 3690 quorumcumque
1154 3616 1326 3686 hominum,
1358 3617 1447 3674 nobis
1479 3623 1508 3674 et
1532 3615 1613 3674 dicte
1636 3633 1681 3673 ec·

417 3723 509 3780 clesie
540 3728 644 3778 nostre
674 3721 864 3780 iurisdicioni
895 3723 1106 3781 subiectorum
1137 3738 1174 3779 ex
1199 3722 1304 3779 debito
1327 3729 1358 3779 et
1380 3723 1446 3779 iure
1470 3721 1680 3796 profiteamur,

417 3828 499 3900 quod
531 3827 679 3884 ammodo
712 3828 809 3898 vobis,
841 3833 943 3885 vestre
975 3835 1111 3902 pretacte
1140 3829 1257 3886 civitati
1298 3844 1352 3885 seu
1382 3827 1522 3885 eiusdem
1549 3829 1681 3886 civitatis

417 3941 518 3990 vestre
540 3933 754 3990 communitati
777 3949 835 4007 pro
858 3933 940 3991 dicta
962 3933 1205 4008 deprehensione
1235 3933 1318 3991 dicto
1348 3935 1458 3991 colono
1486 3943 1594 3992 nostro
1619 3936 1681 3992 inu·

417 4041 548 4096 maniter
571 4039 658 4096 illata
680 4039 800 4096 nullam
818 4039 1064 4112 indignacionem
1080 4056 1133 4096 seu
1150 4040 1348 4097 inimiciciam
1364 4038 1479 4097 inferre
1494 4039 1680 4109 debeamus;

417 4145 561 4218 quamvis
584 4149 687 4202 tamen
711 4161 748 4202 ex
772 4145 877 4203 debita
901 4147 1088 4219 benignitate
1111 4146 1253 4203 homines
1277 4153 1397 4203 nostros
1421 4151 1451 4202 et
1478 4147 1608 4204 ecclesie
1630 4159 1681 4203 no·

416 4256 478 4306 stre
501 4249 642 4307 subditos
663 4268 702 4308 ex
725 4251 779 4308 tali
804 4252 853 4308 vel
879 4252 989 4309 maiori
1012 4253 1139 4309 honesta
1161 4252 1357 4323 obligacione
1392 4252 1512 4324 eripere
1536 4267 1591 4309 seu
1614 4251 1682 4310 red·

416 4355 534 4412 dimere
558 4357 728 4414 teneamini.
751 4357 950 4431 Quapropter
972 4373 1037 4428 vos,
1060 4357 1218 4415 civitatem
1241 4363 1271 4414 et
1294 4357 1549 4414 communitatem
1582 4363 1682 4415 vestre

417 4462 558 4531 civitatis,
582 4468 617 4520 ut
639 4461 803 4536 prefertur,
827 4480 864 4520 ex
888 4471 976 4537 parte
999 4469 1103 4520 nostra
1127 4479 1180 4520 seu
1203 4464 1376 4520 amicorum
1400 4477 1435 4519 ac
1454 4464 1590 4520 aliorum
1608 4479 1682 4537 quo·

416 4583 620 4639 rumcumque
643 4569 805 4625 hominum
828 4569 918 4626 nobis
943 4575 972 4627 et
995 4569 1076 4626 dicte
1099 4570 1227 4627 ecclesie
1249 4575 1353 4626 nostre
1370 4569 1579 4640 subditorum,
1596 4571 1679 4628 dicto

417 4673 509 4730 Petro
532 4674 727 4744 atinencium,
751 4690 808 4748 pro
832 4673 913 4732 dicta
936 4676 1115 4749 captivitate
1137 4676 1178 4732 ab
1202 4676 1285 4732 omni
1317 4676 1457 4733 ulteriori
1485 4677 1683 4750 impeticione

417 4795 470 4835 seu
501 4777 714 4850 indignacione
748 4781 960 4854 promittimus
991 4782 1159 4839 assecurari
1190 4787 1220 4839 et
1251 4782 1446 4856 presentibus
1469 4781 1681 4855 promittendo

417 4884 630 4954 certificamus
653 4886 708 4942 tali
733 4885 851 4942 adiecta
874 4887 1063 4956 condicione,
1096 4887 1180 4959 quod
1211 4903 1267 4944 vos
1295 4889 1493 4945 munimentis
1519 4890 1630 4945 vestris
1653 4893 1682 4944 et

417 4991 549 5048 civitatis
572 4996 673 5047 vestre
690 4992 800 5049 litteris
823 5008 840 5048 e
863 5007 1012 5049 converso
1034 5007 1089 5050 nos
1113 4997 1143 5049 et
1163 4994 1326 5050 ecclesiam
1349 5001 1488 5050 nostram
1503 5009 1558 5051 seu
1575 5009 1681 5051 omnes
