3600 5804
822 541 895 600 Doc.
918 536 989 599 166.
1016 575 1052 584 -
1078 541 1134 600 An.
1159 557 1246 622 1334.

747 736 787 784 De
804 738 905 785 decimis
922 737 981 784 vini
992 737 1073 802 parvi
1089 739 1184 786 cultelli
1199 739 1310 803 capituli.

484 841 609 891 Preterea
628 840 728 891 decime
748 840 812 900 vini,
831 857 882 905 que
895 841 972 907 parvi
986 841 1089 892 cultelli
1103 844 1280 908 appellantur,
1293 843 1327 892 ad
1340 847 1459 892 nostrum
1477 843 1648 908 provenientes

395 929 535 978 cellarium
562 929 733 994 zagrabiense
760 931 794 979 de
820 929 886 979 locis
914 929 1035 990 diversis,
1055 931 1194 980 videlicet:
1223 933 1255 980 de
1275 931 1394 988 Rabucb,
1414 932 1447 979 de
1466 931 1603 997 Zanorsya,
1620 933 1649 980 de

395 1017 573 1083 Thopolouch
596 1025 622 1068 et
640 1019 672 1066 de
686 1018 811 1068 Geremla
829 1018 1016 1084 percipiuntur
1029 1034 1113 1084 prope
1132 1025 1238 1084 portam
1251 1017 1404 1068 carnificum
1424 1019 1529 1068 dictam.
1543 1018 1610 1076 Item,
1622 1019 1651 1067 de

397 1105 458 1156 vino
479 1107 511 1154 de
531 1107 614 1156 Casus
635 1113 660 1155 et
689 1106 806 1156 devilia
830 1121 969 1157 servorum
986 1113 1145 1165 nostrornm,
1174 1109 1246 1172 apud
1265 1107 1403 1157 ecclesiam
1423 1107 1505 1156 sancti
1533 1106 1649 1156 Anthonii

396 1195 423 1244 in
441 1195 501 1245 vico
533 1194 697 1244 Latinorum.
725 1195 791 1244 Nam
811 1197 844 1244 de
863 1194 915 1244 hiis
936 1194 1008 1245 villis
1028 1203 1164 1246 eteorum
1183 1195 1329 1245 territoriis
1348 1203 1373 1246 et
1399 1196 1465 1245 locis
1484 1195 1582 1245 decime
1601 1194 1649 1245 uini

395 1283 514 1334 totaliter
538 1283 684 1350 exiguntur
712 1298 761 1347 pro
783 1283 859 1333 nobis
885 1283 912 1332 in
937 1283 1003 1334 locis
1022 1283 1169 1342 antedictis,
1200 1285 1232 1333 de
1260 1285 1344 1334 uineis
1369 1299 1598 1348 quorumcumque.
1616 1283 1651 1332 De

396 1373 458 1422 uino
474 1378 560 1422 autem
574 1371 691 1426 residuo,
705 1373 778 1434 quod
791 1386 843 1421 non
856 1373 1003 1422 deducetur
1022 1373 1187 1438 Zagrabiam,
1202 1373 1301 1423 ibidem
1316 1373 1343 1422 in
1356 1373 1430 1422 villis
1444 1378 1470 1422 et
1483 1371 1548 1422 locis
1560 1372 1651 1422 decime

395 1461 572 1527 registrantur
592 1466 617 1510 et
636 1461 804 1526 postmodum
830 1461 863 1509 ad
889 1469 1008 1510 nostrum
1036 1462 1174 1511 cellarium
1196 1463 1370 1512 deducuntur.
1390 1463 1433 1511 nd
1452 1461 1561 1510 eundem
1578 1460 1651 1510 eciam

395 1565 509 1616 parvum
528 1551 665 1599 cultellum
679 1548 812 1612 pertinent
825 1549 926 1597 decime
940 1549 994 1599 vini
1009 1551 1041 1599 de
1055 1549 1128 1600 villis
1147 1557 1173 1600 et
1190 1565 1280 1600 earum
1293 1545 1441 1600 territoriis
1459 1565 1489 1599 ac
1507 1549 1570 1600 locis
1588 1548 1652 1598 ride·

396 1639 471 1688 licet:
492 1639 524 1686 de
543 1636 702 1692 Mirosench‚
722 1637 755 1686 de
774 1637 926 1696 Pethteuch,
946 1639 979 1686 de
999 1637 1135 1702 Oprouch,
1158 1639 1190 1687 dc
1213 1638 1418 1695 Pethmanonch,
1438 1639 1472 1687 de
1491 1636 1651 1703 Godegoyclr,

396 1727 429 1776 de
448 1725 603 1782 Danlrouch,
622 1725 654 1774 de
675 1724 862 1783 Chakanouch,
876 1726 908 1774 de
923 1725 1096 1783 Chudkouch.
1110 1727 1142 1776 de
1154 1726 1278 1791 Jalseuch
1291 1725 1422 1785 interiori,
1437 1728 1470 1775 de
1489 1725 1652 1781 Braianouch‚

396 1815 428 1863 de
455 1812 613 1870 Novoselch,
642 1813 675 1861 de
693 1810 785 1860 Blizna
810 1811 930 1862 interiori
953 1821 978 1862 et
997 1814 1030 1863 de
1048 1813 1207 1864 Wllrodolia
1225 1819 1328 1871 nostra;
1347 1815 1394 1864 sed
1413 1815 1446 1863 de
1465 1814 1517 1864 hiis
1537 1813 1604 1864 villis
1630 1819 1654 1863 et

397 1901 541 1953 territoriis
569 1901 689 1951 totaliter
708 1915 758 1965 pro
785 1901 862 1950 nobis
884 1901 993 1952 veniunt
1017 1907 1117 1953 tantum
1137 1904 1169 1952 de
1189 1902 1272 1952 vineis
1291 1909 1444 1952 nostrorum
1462 1903 1612 1952 colonorum
1629 1901 1652 1950 in

395 1991 494 2042 nostris
507 1990 586 2040 terris
604 1989 780 2040 residencium
799 1995 825 2040 et
838 1990 999 2054 predialium
1018 1997 1171 2041 nostrorum
1188 1991 1319 2041 similiter.
1339 1991 1379 2040 De
1396 1990 1480 2040 uineis
1499 1997 1585 2040 antem
1596 1991 1654 2039 Gre-

396 2079 512 2130 censium
531 2081 587 2130 sola
606 2083 701 2142 quarta
721 2093 771 2143 pro
790 2077 867 2128 nobis
880 2077 987 2128 tollitur
1006 2078 1170 2145 principalis,
1190 2080 1325 2130 residuum
1345 2096 1409 2130 vero
1431 2081 1537 2130 tollitur
1559 2080 1591 2128 ad
1608 2093 1654 2128 ma-

396 2184 478 2235 gnum
502 2169 640 2218 cultellum
670 2175 695 2216 et
723 2167 840 2230 qualiter
864 2167 914 2218 hoc
941 2168 1122 2218 introductum
1150 2168 1239 2226 luerit,
1267 2169 1414 2234 ignoratur.
1444 2168 1553 2218 Decime
1581 2167 1655 2217 eciam

397 2258 452 2308 vini
475 2259 507 2307 de
525 2257 643 2315 Planina,
662 2262 753 2322 preter
771 2263 894 2320 quartam
913 2259 1003 2316 solam,
1024 2259 1058 2308 ad
1074 2258 1144 2308 hunc
1163 2259 1300 2309 cultellum
1320 2259 1461 2323 pertinent.

425 2383 466 2432 De
483 2383 583 2430 decimis
601 2384 660 2431 vini
676 2383 766 2444 magni
781 2383 875 2431 cultelli
891 2383 944 2431 sive
962 2384 1063 2431 maioris
1081 2384 1178 2444 konche,
1197 2391 1220 2432 et
1229 2385 1345 2448 porcione
1365 2385 1461 2432 notorii
1477 2382 1602 2431 Grecensis
1618 2390 1639 2430 et

793 2473 887 2520 come'tis
905 2473 1002 2520 domini
1017 2473 1122 2536 episcopi
1137 2481 1160 2520 ct
1176 2474 1269 2521 decani.

486 2559 599 2626 Magnus
625 2561 749 2610 cultellus
768 2559 929 2610 decimarum
955 2559 1011 2610 vini
1030 2561 1221 2626 conprehendit
1241 2562 1327 2621 uillas,
1345 2543 1485 2612 territriria
1504 2567 1530 2611 et
1548 2562 1604 2610 loca
1623 2559 1655 2608 in-

397 2648 546 2714 frascripta,
567 2655 593 2698 et
613 2653 723 2698 vocatur
748 2648 833 2698 maior
852 2648 961 2698 koucha.
984 2649 1081 2708 Primo,
1101 2649 1268 2700 territorium
1287 2651 1419 2700 Grecense
1439 2649 1566 2700 totaliter.
1590 2648 1656 2698 Item.

396 2737 568 2788 Bolroucham
594 2753 652 2787 cnm
678 2736 823 2786 Heremitis
849 2743 875 2786 et
893 2736 983 2786 Blizna
1010 2737 1150 2802 superiori.
1177 2738 1251 2795 Item,
1271 2739 1349 2788 villas
1369 2747 1472 2788 nostras
1496 2751 1657 2787 cumeorum

398 2826 549 2884 territoriis,
575 2825 715 2875 videlicet:
740 2825 854 2882 Bachun,
880 2825 962 2876 sancti
982 2825 1112 2892 Symonis,
1139 2826 1209 2891 nigri
1230 2827 1356 2891 Stephani
1377 2827 1482 2882 dictam,
1501 2825 1654 2877 Dczthench.

397 2915 567 2973 Critanouch,
582 2914 730 2964 Ternauam
741 2913 913 2978 superiorem,
927 2913 1054 2979 Bidragh,
1066 2913 1197 2973 Vidouch‚
1209 2925 1351 2964 castrenses
1365 2917 1397 2964 de
1410 2915 1493 2980 Vgra,
1505 2913 1658 2968 Zlaunouch,

396 3002 520 3068 Jalseuch
534 3003 707 3067 superiorem,
718 3001 875 3058 Donkouch,
888 3001 1054 3066 Zepnicham,
1066 3002 1257 3068 Chucheryam,
1270 3003 1413 3069 Blagusam
1423 3003 1526 3053 domini
1539 3001 1656 3067 episcopi.

398 3091 573 3141 Glannicham
593 3097 674 3140 totam
701 3105 760 3138 cum
778 3088 845 3139 locis
865 3088 959 3138 vicinis
979 3090 1101 3140 omnibus
1120 3107 1153 3140 ex
1173 3091 1223 3141 ista
1241 3097 1317 3156 parte
1337 3091 1469 3140 moneium
1495 3105 1577 3154 usqne
1595 3089 1656 3138 deci·

398 3180 542 3229 macionem
562 3180 595 3228 de
614 3177 738 3236 Kemlulr,
758 3177 874 3227 scilicet:
894 3177 1073 3228 Moraucham.
1094 3178 1167 3236 Item,
1188 3179 1324 3230 territoria
1344 3179 1527 3244 generacionis
1546 3179 1615 3229 Ache
1627 3193 1656 3226 ex

401 3269 450 3318 ista
470 3275 546 3332 parte
564 3267 697 3318 monciunr
711 3265 835 3316 similiter
855 3281 937 3329 usque
957 3267 1073 3331 Crapina
1095 3267 1169 3326 Item,
1190 3268 1329 3324 Petrouch‚
1344 3268 1475 3318 Mikuliclr
1488 3276 1515 3318 et
1534 3266 1655 3317 Craleueh

397 3372 457 3406 cum
481 3356 548 3406 locis
573 3355 625 3405 sibi
650 3353 838 3411 adiacentibus,
865 3355 898 3402 de
917 3355 1013 3417 quibus
1040 3356 1149 3406 decimis
1175 3356 1229 3405 vini
1257 3358 1371 3421 pertinet
1390 3365 1416 3406 et
1443 3357 1566 3422 provenit
1585 3359 1655 3421 plena

398 3453 493 3508 quarta
519 3446 552 3494 ad
578 3451 697 3494 nostrum
722 3442 867 3500 cellarium,
892 3442 972 3492 salvis
1000 3444 1102 3505 quartis
1122 3445 1285 3494 secundariis
1304 3445 1428 3502 aliorum,
1457 3447 1490 3494 de
1515 3445 1609 3509 quibus
1633 3444 1656 3493 in

399 3533 452 3583 suis
471 3532 538 3582 locis
562 3531 705 3588 notabitur,
725 3545 773 3580 nec
790 3531 823 3578 de
841 3530 894 3579 hiis
913 3531 1054 3580 deducitur
1082 3533 1265 3591 sextadecima,
1285 3534 1348 3598 quia
1370 3534 1483 3584 hicnon
1503 3541 1541 3584 est
1560 3549 1655 3584 necesse

399 3623 432 3670 de
451 3621 603 3671 hominibus
623 3619 781 3669 secularium
803 3618 920 3668 iudicum
936 3620 968 3667 ad
988 3619 1147 3684 exigendum
1167 3623 1281 3672 decimas
1294 3623 1446 3673 huiusmodi
1466 3623 1533 3672 sicut
1552 3623 1577 3672 in
1596 3621 1656 3672 locis

398 3710 466 3766 aliis,
487 3714 513 3759 et
538 3709 585 3758 illa
609 3707 793 3764 sextadecima,
813 3721 895 3770 quare
915 3715 953 3756 est
981 3723 1101 3758 concessa
1120 3710 1203 3776 laycis
1228 3712 1255 3760 in
1274 3712 1339 3761 locis
1364 3711 1433 3770 aliis,
1453 3712 1480 3761 in
1506 3717 1595 3762 tenore
1617 3710 1656 3759 lit-

397 3805 517 3848 terarum
542 3799 673 3864 regalium
693 3799 849 3855 continetur.
875 3801 922 3863 qui
942 3816 989 3850 suo
1008 3801 1067 3848 loco
1094 3797 1204 3848 inferius
1223 3799 1360 3849 inseretur.
1388 3800 1429 3850 De
1448 3801 1557 3850 decimis
1576 3810 1654 3850 tamen

398 3887 454 3936 vini
475 3887 613 3936 Grecensis
633 3893 658 3936 et
677 3887 750 3936 bladi
770 3887 895 3937 videlicet
915 3889 942 3937 in
962 3887 1105 3937 territoriis
1125 3886 1296 3936 Grecensium
1315 3888 1457 3937 deducitur
1473 3888 1560 3953 primo
1580 3896 1656 3936 cente-

397 3976 462 4024 sima
475 3989 525 4039 pro
544 3975 649 4024 notario
662 3975 830 4026 comunitatis
844 3992 894 4040 pro
908 3977 961 4025 suis
974 3975 1112 4025 laboribus
1126 3975 1152 4024 in
1166 3975 1305 4040 exigendo.
1325 3983 1351 4025 et
1370 3983 1430 4040 post
1449 3977 1497 4026 hec
1516 3977 1650 4026 deducitur

398 4063 507 4115 decima.
527 4079 576 4128 per
595 4063 711 4112 medium
731 4063 864 4113 dividitur
884 4064 953 4113 iuter
978 4065 1088 4113 eundem
1108 4064 1248 4122 notarium,
1268 4065 1374 4114 racione
1393 4066 1529 4130 premissa,
1549 4074 1574 4115 et
1593 4064 1655 4114 iudi-

401 4168 456 4202 cem
477 4153 549 4202 cnrie
574 4153 673 4202 domini
701 4153 819 4218 episcopi
845 4155 877 4202 de
895 4153 1033 4218 Zagrabia.
1055 4153 1127 4210 Item,
1148 4153 1180 4201 de
1200 4152 1300 4202 decima
1320 4153 1374 4204 vini
1403 4155 1435 4202 de
1454 4154 1513 4208 hiis.
1540 4171 1590 4218 que
1614 4153 1659 4204 sub

400 4240 535 4290 montibus
561 4241 649 4306 magni
675 4241 778 4291 cultelli
797 4241 824 4290 in
848 4240 945 4291 nostris
968 4240 1139 4306 pertinenciis
1164 4241 1294 4298 dicantur,
1321 4241 1447 4291 medietas
1467 4244 1568 4293 decime
1595 4243 1659 4293 cedit

399 4331 505 4387 decano,
526 4329 578 4378 alia
598 4329 733 4394 clavigero
752 4329 853 4380 domini
872 4329 997 4394 episcopi.
1012 4336 1038 4379 et
1057 4329 1092 4378 ita
1112 4331 1211 4380 decano
1224 4329 1351 4392 quamdiu
1371 4331 1447 4381 nobis
1466 4333 1598 4396 placuerit
1622 4333 1661 4382 uel

401 4416 525 4480 placebit.

399 4523 439 4571 De
456 4525 562 4572 decimas
580 4527 669 4587 magni
685 4527 783 4582 cultelli,
804 4542 851 4590 que
867 4542 950 4589 grosse
967 4526 1057 4573 decime
1075 4527 1237 4589 appellantur,
1256 4535 1278 4574 ct
1293 4528 1320 4575 in
1340 4529 1429 4592 quihus
1447 4529 1506 4577 locis
1527 4532 1661 4578 consistunt.

491 4628 676 4695 Zagrabiensis
694 4629 830 4680 districtus
844 4630 951 4685 decime,
970 4645 1022 4694 que
1041 4645 1132 4696 grosse
1157 4631 1246 4696 magni
1259 4632 1362 4682 cultelli
1381 4635 1552 4698 appellantur
1572 4637 1659 4700 vulga-

401 4715 475 4774 riter,
501 4718 621 4766 locornm
646 4716 883 4782 infrascriptorum,
904 4734 963 4768 cum
987 4719 1096 4768 decimis
1115 4734 1202 4783 apum,
1234 4736 1363 4787 agnorum
1381 4728 1408 4771 et
1427 4725 1547 4780 edorum,
1576 4733 1661 4788 preter

401 4804 519 4854 decimas
544 4805 605 4860 vini,
626 4806 658 4854 de
677 4805 773 4868 quibus
802 4806 923 4870 superins
948 4806 1072 4863 traditur,
1097 4823 1147 4872 pro
1172 4814 1263 4859 nostro
1287 4810 1390 4858 comuni
1418 4811 1595 4878 registrantur
1621 4811 1657 4860 uel

400 4892 524 4942 dicantur
537 4901 562 4942 et
576 4894 707 4944 tolluntur
721 4893 747 4942 in
760 4893 875 4943 denariis
889 4900 913 4944 et
928 4894 1061 4944 interdum
1079 4895 1106 4944 in
1119 4896 1213 4960 specie,
1224 4903 1305 4961 prout
1318 4897 1344 4946 in
1358 4913 1503 4964 progressu
1516 4898 1660 4966 apparebit,

399 4987 424 5030 et
438 4981 465 5030 in
479 4997 570 5032 earum
581 4982 763 5047 percepcionis
774 4983 937 5048 possessione
950 4983 1095 5042 existimus,
1109 4985 1189 5034 salvis
1199 4985 1371 5050 porcionibus
1385 4987 1411 5036 in
1425 4987 1525 5038 eisdem
1537 5002 1654 5052 quarum·
