3782 5812
610 583 682 640 Doc.
706 578 757 660 46.
785 616 820 624 —
848 581 903 637 An.
929 575 1018 658 1264.
1136 668 1139 676 μ
1413 599 1452 658 37

193 792 255 835 non
278 776 418 836 facientes
441 779 566 853 plenam
595 787 625 838 et
647 794 826 853 expressam
850 777 889 836 de
912 777 1033 836 indulto
1055 779 1234 838 huiusmodi
1257 780 1454 850 mentionem,

193 899 250 940 seu
271 885 407 956 qualibet
429 886 492 943 alia
516 886 707 959 indulgentia
730 885 811 942 sedis
834 885 981 956 eiusdem,
1005 884 1043 941 de
1067 899 1129 957 qua
1152 886 1301 958 cuiusque
1325 893 1389 943 toto
1413 892 1455 943 te·

192 1005 267 1047 nore
289 989 325 1047 de
347 992 445 1049 verbo
469 992 507 1049 ad
532 993 665 1049 verbum
689 997 831 1065 oporteat
854 991 884 1048 in
908 991 1021 1048 nostris
1046 991 1156 1048 litteris
1172 991 1239 1050 lieri
1257 992 1454 1060 mentionem,

191 1104 223 1152 et
248 1113 416 1170 perquam
440 1098 570 1155 effectus
601 1099 790 1156 executionis
820 1097 998 1155 huiusmodi
1027 1096 1172 1170 impediri
1196 1097 1298 1156 valeat
1321 1098 1372 1155 vel
1396 1097 1455 1156 dil-

194 1201 262 1271 ieri,
284 1210 335 1260 aut
357 1203 383 1260 si
405 1203 506 1261 dictus
529 1205 684 1278 presbiter
713 1203 790 1261 alias
820 1202 1020 1260 beneficiatus
1051 1203 1168 1260 existat
1197 1203 1454 1274 contradictores,

193 1309 219 1366 si
245 1310 296 1382 qui
318 1307 429 1367 luerint
452 1311 504 1366 vel
527 1311 664 1368 rebelles
687 1325 743 1384 per
759 1324 921 1367 censuram
941 1309 1179 1366 ecclesiasticam
1203 1311 1261 1366 sub
1285 1311 1455 1384 apostolica

191 1416 362 1473 obedientia
386 1416 619 1490 compescendo.
644 1417 762 1474 Datum
785 1415 868 1490 apud
894 1415 1011 1474 Urbem
1036 1421 1173 1472 veterem
1197 1414 1291 1473 XVlI.
1307 1414 1455 1472 kalendas

193 1520 345 1579 februarii.
369 1521 571 1580 Pontificatus
594 1523 691 1580 nostri
714 1537 794 1579 anno
818 1521 921 1579 tercio

280 1655 372 1722 Ereg.
394 1656 462 1723 orig.
483 1657 585 1709 Urbani
605 1657 651 1717 IV,
671 1673 710 1708 au.
730 1657 777 1708 111.
802 1673 841 1724 ep.
868 1665 909 1716 37.
937 1687 967 1696 -
993 1661 1024 1706 Α.
1051 1657 1173 1708 Theiner.
1197 1657 1265 1708 Mon.
1286 1658 1373 1723 Hung.
1394 1658 1453 1707 hist.

194 1744 293 1811 tLp.
312 1745 369 1794 261.

785 1942 850 2008 46.

294 2085 369 2132 Anno
391 2083 466 2144 1264,
488 2083 526 2132 l8.
544 2082 667 2149 januarii.
687 2083 767 2148 Apud
786 2081 887 2133 Urbem
906 2088 1029 2132 veterem.

196 2209 328 2268 Urbanus
340 2210 396 2268 IV.
414 2211 512 2284 Papa,
527 2211 698 2284 Praeposito
713 2218 741 2268 et
760 2210 893 2289 Capitulo
908 2211 1092 2283 zogrobienst'
1104 2211 1191 2268 mr'ttit
1204 2211 1324 2281 litteras,
1349 2218 1383 2267 ut
1402 2227 1454 2265 neo

538 2324 632 2374 creato
654 2317 780 2392 ept‘scopo
807 2317 952 2375 Timotheo
967 2325 1106 2390 pareant.

277 2479 421 2537 Urbanus
444 2479 607 2553 episcopus
631 2495 739 2537 servus
762 2495 926 2538 servorum
953 2479 1010 2552 dei.
1041 2479 1170 2538 Dilectis
1194 2479 1268 2538 filiis
1290 2525 1296 2538 .
1321 2524 1327 2538 .
1351 2523 1357 2536 .
1384 2494 1453 2552 pre-

191 2585 290 2658 posito
312 2593 342 2643 et
365 2586 503 2659 capitulo
525 2585 727 2658 zagabriensi,
753 2587 887 2644 salutem
915 2593 945 2643 et
968 2587 1172 2660 apostolicam
1200 2584 1452 2644 benedictionem.

191 2689 295 2748 Gratie
314 2691 417 2749 divine
441 2692 598 2766 premium
621 2698 651 2748 et
673 2693 855 2765 preconium
875 2694 1008 2750 humane
1032 2691 1134 2750 laudis
1156 2693 1334 2766 acquiritur,
1358 2691 1383 2748 sl
1406 2705 1453 2748 re·

191 2797 330 2855 verendis
353 2798 496 2871 patribus
520 2814 537 2854 a
561 2797 681 2856 devotis
704 2799 779 2856 filiis
803 2798 965 2873 plenitudo
988 2797 1187 2872 impendatur
1217 2797 1350 2856 honoris
1374 2795 1453 2854 Sane

190 2903 377 2974 zagabriensi
400 2904 530 2961 ecclesia
554 2905 687 2978 pastoris
712 2905 823 2962 solatio
839 2904 993 2976 destituta,
1010 2919 1065 2962 nos
1089 2905 1301 2962 venerabilem
1324 2903 1452 2961 fratrem

190 3014 326 3066 nostrum
352 3009 552 3068 Timotheum
588 3011 820 3083 zagabriensem
844 3013 1035 3085 episcopum,
1059 3018 1131 3068 tunc
1146 3010 1397 3070 archidiaconum
1414 3009 1452 3066 de

190 3113 260 3171 Zala
289 3116 320 3173 in
351 3115 482 3173 ecclesia
511 3115 737 3190 vesprimiensi,
769 3117 994 3176 subdiaconum
1025 3123 1055 3176 et
1082 3117 1280 3190 capellanum
1302 3122 1452 3188 nostrum,

191 3223 295 3295 utique
323 3221 493 3296 providum
524 3231 554 3281 et
585 3224 758 3293 honestum,
790 3239 825 3281 ac
856 3238 980 3281 morum
1010 3223 1172 3281 nobilitate
1203 3223 1391 3296 preclarum,
1414 3221 1453 3279 de

192 3326 319 3386 fratrum
343 3335 522 3386 nostrorum
545 3329 673 3388 consilio
696 3336 726 3387 et
749 3331 919 3404 apostolice
951 3328 1145 3403 plenitudine
1168 3329 1329 3402 potestatis
1354 3327 1453 3402 prel-

192 3435 286 3492 cimus
308 3436 370 3509 ipsi
394 3437 523 3494 ecclesie
542 3436 573 3494 in
598 3437 779 3510 episcopum
803 3443 832 3493 et
857 3443 1023 3510 pastorem.
1047 3437 1085 3494 Et
1108 3436 1181 3493 licet
1207 3434 1365 3509 predictus
1389 3435 1453 3507 epi·

191 3556 306 3615 scopus,
336 3543 415 3599 sicut
447 3543 631 3616 accepimus,
663 3542 815 3615 quosdam
846 3543 969 3600 nuntios
1001 3549 1030 3600 et
1063 3547 1279 3616 procuratores
1314 3558 1385 3600 suos
1412 3541 1452 3599 ad

191 3647 314 3706 eandem
340 3647 503 3706 ecclesiam
526 3648 700 3720 destinavit,
724 3649 777 3722 qui
802 3649 961 3722 usquead
994 3648 1162 3706 adventum
1191 3649 1289 3722 ipsius
1313 3647 1452 3721 episcopi

191 3754 313 3811 ecclesie
335 3754 475 3828 predicte
506 3771 613 3812 curam
645 3762 787 3828 gererent
817 3755 1007 3827 diligentem,
1031 3762 1134 3812 tamen
1162 3755 1222 3828 ipsi
1245 3769 1305 3812 non
1329 3753 1452 3810 fuerunt

191 3859 321 3919 admissi.
347 3861 429 3934 Quia
451 3876 527 3919 vero
551 3861 633 3919 idem
657 3862 821 3935 episcopus
844 3861 964 3919 factura
986 3868 1090 3919 nostra
1114 3861 1225 3932 existit,
1250 3861 1280 3918 in
1304 3861 1381 3934 ips0,
1403 3861 1452 3917 cui

192 3968 425 4026 consecrationis
448 3983 561 4025 munus
584 3967 730 4025 duximus
753 3968 1007 4042 impendendum,
1032 3973 1168 4025 nostram
1193 3968 1336 4040 cupimus
1357 3967 1452 4023 hono-

191 4073 248 4130 rari
270 4089 446 4148 personam,
463 4081 492 4130 et
508 4074 537 4131 in
555 4073 716 4131 desideriis
731 4075 844 4131 nostris
867 4075 985 4146 geritur
1008 4073 1108 4130 facere
1132 4073 1236 4146 ipsum
1256 4072 1451 4146 episcopatus

191 4180 394 4251 zagabriensis
418 4180 546 4254 pacifica
570 4181 762 4254 possessione
786 4179 928 4251 gaudere.
960 4178 1113 4252 Quocirca
1144 4179 1377 4237 universitatem
1399 4194 1451 4236 ve-

192 4290 281 4342 stram
305 4301 452 4359 rogamus
478 4295 508 4344 et
530 4288 693 4344 hortamur
716 4291 838 4355 attente,
863 4287 892 4343 in
917 4287 1030 4343 virtute
1054 4285 1228 4344 obedientie
1251 4301 1307 4358 per
1328 4290 1452 4358 aposto·

192 4390 246 4448 lica
269 4393 387 4466 scripta
409 4393 500 4450 vobis
524 4393 661 4450 districte
692 4391 892 4466 precipiendo
925 4393 1114 4462 mandantes,
1139 4399 1288 4465 quatenus
1319 4391 1451 4449 cundem

193 4499 369 4574 episcopum
400 4505 561 4572 tamquam
592 4505 713 4573 patrem
745 4505 774 4555 et
805 4505 962 4571 pastorem
993 4501 1166 4556 animarum
1200 4505 1377 4556 vestrarum
1400 4497 1450 4556 de·

194 4611 258 4662 rote
281 4606 492 4680 suscipientes
516 4606 543 4663 ei
567 4605 776 4663 obedientiam
800 4610 829 4662 et
852 4605 1059 4662 reverentiam
1087 4603 1223 4661 debitam
1256 4603 1450 4692 impendatis,

194 4708 282 4782 ipsius
306 4711 461 4768 mandatis
484 4717 515 4767 et
538 4711 663 4768 monitis
685 4711 866 4768 salubribus
889 4711 1049 4767 humiliter
1079 4707 1273 4780 intendendo,
1297 4723 1333 4766 ac
1355 4710 1451 4767 nichi-

195 4815 324 4874 lominus
347 4816 463 4874 dilecto
486 4816 553 4874 filio
577 4815 665 4874 fratri
689 4816 847 4888 Guallero,
872 4815 1086 4889 penitentiario
1110 4822 1139 4872 et
1159 4815 1321 4889 capellano
1337 4821 1450 4887 nostro,

200 4921 243 4977 cui
266 4921 348 4979 idem
372 4922 537 4996 episcopus
561 4928 590 4979 et
612 4936 668 4980 nos
692 4923 784 4980 etiam
801 4922 953 4995 usquead
970 4923 1067 4995 ipsius
1091 4921 1321 4994 beneplacitum
1344 4937 1450 4979 curam

201 5026 329 5096 predicte
352 5028 480 5086 ecclesie
503 5028 585 5086 circa
615 5030 790 5105 spiritualia
820 5037 851 5088 et
880 5029 1066 5102 temporalia
1092 5026 1237 5084 duximus
1259 5028 1452 5084 committen-
