3728 5806
638 551 712 609 Dec.
730 563 803 628 357.
831 585 868 594 -
893 551 941 608 An
975 563 1064 628 1392.
1425 566 1483 626 331

222 752 336 809 rendus
368 753 398 809 in
430 751 553 809 Christo
584 757 672 825 pater
704 749 848 808 dominus
871 752 1025 833 Johannes
1048 752 1211 824 episcopus
1235 749 1362 807 ecclesie
1384 764 1487 821 cagra-

222 859 337 916 biensis
352 860 383 915 in
400 857 508 930 vigilia
524 855 593 914 festi
609 857 777 914 nativitatis
793 855 911 914 domini
927 857 1070 930 proxime
1088 855 1235 929 preteriti,
1251 855 1351 912 tribus
1367 855 1488 911 vicibus

224 963 432 1021 bombardam
454 962 493 1019 ad
518 963 618 1036 ipsam
645 967 784 1019 nostram
806 962 972 1031 civitatem,
996 963 1136 1034 ipsorum
1159 961 1276 1019 scilicet
1299 961 1328 1018 in
1350 960 1486 1018 medium

222 1069 362 1126 emittere
394 1067 522 1138 fecisset,
547 1069 577 1125 in
601 1068 740 1141 ipsorum
763 1067 968 1141 preiudicium
993 1065 1086 1124 valde
1116 1081 1272 1138 magnum.
1303 1064 1403 1140 Super
1426 1081 1488 1138 quo

222 1173 365 1232 fidelitati
400 1181 502 1231 vestre
536 1173 668 1232 firmiter
702 1172 901 1246 precipiendo
940 1172 1132 1242 mandamus,
1167 1179 1317 1245 quatenus
1348 1177 1488 1230 vestrum

222 1281 351 1337 mittatis
382 1280 540 1337 hominem
571 1294 629 1352 pro
661 1279 836 1336 testimonio
867 1277 1068 1351 fidedignum,
1100 1293 1162 1351 quo
1194 1283 1334 1351 presente
1364 1277 1487 1347 Paulus,

222 1386 307 1443 filius
328 1387 431 1444 Mathe
455 1385 493 1444 de
515 1385 682 1458 Myletinch
705 1385 758 1442 vel
781 1385 898 1456 Petrus,
922 1385 1006 1442 filius
1030 1383 1178 1458 Stephani
1201 1384 1239 1441 de
1263 1382 1488 1454 Zauamelleke‚

222 1499 275 1548 aut
305 1493 435 1562 Marcus,
459 1491 543 1549 filius
573 1491 662 1548 Pauli
690 1491 728 1548 de
751 1491 869 1562 eadem,
893 1491 962 1548 aliis
985 1491 1172 1561 absentibus,
1196 1491 1289 1548 homo
1313 1495 1423 1560 noster,
1447 1491 1487 1547 ab

222 1599 367 1656 omnibus
399 1599 512 1672 quibus
544 1599 696 1656 incumbit
727 1613 845 1655 meram
873 1596 911 1654 de
934 1597 1093 1670 premissis
1116 1597 1293 1671 experiatur
1316 1597 1487 1665 veritatem,

222 1721 316 1777 quam
341 1704 464 1762 tandem
487 1706 577 1762 nobis
601 1703 735 1762 fideliter
758 1695 966 1781 (rescribatis).
990 1703 1107 1761 Datum
1125 1701 1281 1776 strigonii,
1303 1702 1377 1760 ieria
1394 1703 1488 1760 tercia

221 1811 366 1882 proxima
397 1817 466 1884 post
491 1809 602 1868 festum
625 1811 871 1884 Epiphaniarum
894 1803 1019 1866 domini.
1041 1810 1131 1866 Anno
1154 1807 1291 1867 eiusdem
1318 1809 1487 1866 millesimo

223 1915 300 1974 CCC
323 1918 522 1990 nonagesimo
545 1916 688 1975 secundo.

293 2051 314 2098 E
342 2050 440 2100 litteris
470 2051 605 2102 relatoriis
632 2050 743 2116 capituli
768 2051 935 2116 simigiensis,
959 2065 1026 2102 anno
1056 2061 1129 2114 1392.
1158 2050 1187 2100 In
1216 2050 1325 2100 archivo
1357 2051 1402 2100 lib.
1431 2065 1485 2114 reg.

222 2139 293 2190 civit.
314 2140 419 2204 zagrab.

812 2373 897 2440 35¹1.

328 2517 403 2564 Anno
426 2524 500 2576 1392,
521 2523 561 2573 31.
580 2515 702 2578 januarii.
723 2514 837 2580 Simigii.

227 2642 387 2700 Conventus
417 2661 438 2699 s.
472 2642 574 2715 Egidit'
595 2644 628 2700 de
653 2641 773 2716 Seinegie
793 2651 915 2716 peracta
946 2643 1108 2716 quaestione
1133 2644 1163 2698 in
1186 2644 1301 2700 ce'vitete
1331 2642 1490 2700 Grecleensi

221 2748 255 2804 de
276 2749 383 2805 emessis
405 2747 565 2805 bernbarde's
581 2756 639 2822 per
660 2749 739 2821 episc.
762 2748 878 2821 zngrnb.
896 2747 1065 2824 Johannem
1091 2747 1273 2821 Sigismnnde
1303 2750 1367 2822 regi
1390 2749 1486 2822 refert.

309 2892 511 2951 Serenissimo
535 2895 667 2968 principi
692 2893 819 2952 domino
854 2893 1060 2966 sigismundo,
1081 2893 1130 2950 dei
1159 2895 1262 2966 gracia
1293 2893 1398 2950 inclito
1422 2894 1486 2966 regi

222 3000 388 3072 Hungarie,
413 2999 580 3070 Dalmacie,
605 2999 731 3058 Croacie
755 3007 818 3070 etc,
852 3000 1085 3071 marchionique
1114 2998 1399 3072 Brandenburgensi
1423 3005 1487 3070 etc,

221 3105 348 3162 domino
371 3106 511 3178 ipsorum
536 3105 709 3176 metuendo
734 3112 902 3163 conventus
926 3105 1105 3162 monasterii
1128 3105 1224 3162 sancti
1248 3104 1347 3176 Egidii
1371 3104 1409 3161 de
1432 3103 1487 3176 Sy·

223 3212 327 3284 migio,
352 3212 531 3269 oracionum
555 3212 704 3284 suffragia
727 3211 920 3268 devotarum.
945 3211 1055 3268 Vestra
1078 3211 1198 3268 noverit
1223 3211 1375 3282 maiestas,
1403 3209 1487 3284 quod

222 3335 277 3376 nos
302 3320 418 3377 litteras
442 3325 544 3376 vestre
567 3319 734 3376 maiestatis
756 3319 847 3376 nobis
870 3318 1010 3385 directas,
1035 3318 1146 3375 maiori
1169 3317 1274 3389 sigillo
1295 3323 1400 3374 nostro
1416 3334 1487 3375 con·

222 3425 365 3497 signatas,
387 3440 532 3498 sumpma
554 3440 624 3482 cum
642 3424 821 3482 obediencia
837 3425 988 3497 recepisse
1008 3424 1037 3480 in
1054 3425 1110 3480 hec
1126 3424 1237 3480 verba:
1262 3417 1335 3500 (vid.
1352 3439 1396 3480 nr.
1415 3422 1486 3496 356,

223 3545 303 3588 anno
323 3545 414 3604 1392,
431 3547 458 3604 9.
474 3523 625 3607 januarii).
644 3530 732 3589 Unde
748 3545 803 3587 nos
821 3529 973 3586 mandatis
994 3539 1094 3586 vestre
1112 3529 1280 3596 maiestatis
1296 3529 1326 3585 in
1342 3529 1487 3586 omnibus

223 3637 350 3694 obedire
374 3638 539 3711 cupientes,
563 3647 596 3694 ut
616 3645 764 3708 tenemur,
798 3650 931 3693 unacum
964 3635 1084 3709 prelato
1106 3635 1211 3704 Paulo,
1235 3634 1301 3692 lilio
1325 3635 1427 3691 Mathe
1450 3633 1489 3691 de

223 3743 390 3814 Myletinch
415 3743 540 3800 homine
564 3748 666 3800 vestre
694 3743 871 3811 maiestatis,
903 3747 1043 3798 nostrum
1074 3741 1231 3798 hominem
1260 3739 1405 3798 videlicet
1428 3738 1488 3797 sra-

221 3857 300 3906 trem
324 3849 518 3906 Anthonium
542 3848 744 3918 sacerdotem,
769 3865 864 3906 unum
896 3865 934 3906 ex
964 3849 1054 3904 nobis
1077 3846 1116 3904 ad
1140 3847 1291 3920 premissa
1314 3846 1488 3919 peragenda

221 3970 279 4028 pro
303 3955 479 4012 testimonio
503 3955 730 4013 transmisimus
764 3955 965 4027 fidedignum,
996 3954 1049 4026 qui
1080 3952 1207 4010 demum
1237 3951 1347 4009 exinde
1370 3951 1409 4009 ad
1433 3967 1488 4010 nos

220 4061 338 4118 reversi
361 4061 451 4118 nobis
475 4062 662 4119 unanimiter
686 4062 866 4129 retulerunt,
890 4059 974 4134 quod
998 4061 1057 4134 ipsi
1089 4060 1219 4118 sabbato
1252 4059 1395 4133 proximo
1419 4065 1489 4115 ante

222 4165 336 4223 festum
360 4165 590 4239 purificacionis
613 4167 703 4224 beate
733 4167 862 4238 virginis
893 4167 1036 4240 proxime
1068 4165 1259 4240 preteritum,
1280 4165 1321 4221 ab
1344 4164 1489 4221 omnibus

221 4273 335 4344 quibus
358 4271 508 4330 decuisset
539 4279 568 4330 et
599 4273 743 4343 licuisset,
774 4273 942 4342 nobilibus,
972 4272 1172 4344 ignobilibus,
1196 4271 1316 4328 clericis
1340 4277 1369 4328 et
1393 4271 1489 4342 laycis

221 4379 387 4435 comitatus
410 4379 618 4451 zagrabiensis
639 4378 819 4435 hominibus
844 4379 950 4452 palam
974 4387 1004 4435 et
1028 4378 1146 4434 occulte
1177 4375 1341 4449 diligenter
1364 4377 1489 4434 investi·

219 4484 322 4556 gando
346 4485 499 4557 premissa
523 4483 602 4541 lacta
626 4483 721 4542 luisse
744 4486 787 4542 sie
810 4485 978 4555 scivissent,
1000 4493 1095 4558 prout
1118 4484 1236 4542 dictum
1259 4484 1360 4540 extitit
1387 4491 1488 4540 vestre

223 4589 384 4647 maiestati.
409 4589 525 4647 Datum
545 4591 654 4662 quinto
677 4589 727 4648 die
751 4590 812 4648 diei
835 4591 1047 4665 inquisicionis
1071 4596 1238 4663 prenotate.
1263 4593 1352 4646 Anno
1369 4589 1487 4647 domini

220 4694 407 4768 supradicto

313 4813 454 4880 Originale
473 4813 500 4864 in
520 4814 619 4872 charta,
639 4814 781 4880 vestigium
800 4814 884 4881 sigilli
903 4830 918 4864 a
937 4821 1020 4880 tergo,
1043 4819 1161 4878 apparet.
1186 4813 1216 4863 In
1235 4813 1344 4864 archivo
1364 4813 1411 4862 lib.
1431 4827 1486 4878 reg.

221 4901 314 4953 civitat
341 4902 445 4967 zagrab.
