3600 5804
519 567 594 624 Dec.
617 579 688 642 219.
711 581 781 625 220.
809 602 844 612 -
871 569 927 626 An.
952 581 1041 646 1350·
1352 588 1411 648 197

144 783 203 840 que
216 767 265 824 ilii
282 767 460 839 preficimus
476 767 507 824 in
523 767 705 840 episcopum
718 775 748 824 et
764 773 931 842 pastorem,
951 785 1056 826 curam
1070 775 1100 826 et
1116 769 1412 828 administrationem

145 873 243 946 ipsius
271 872 327 929 tibi
352 877 415 928 tam
438 872 470 929 in
493 871 708 944 spiritualibus
732 887 828 946 quam
850 873 882 930 in
904 875 1087 947 temporalis
1111 875 1248 947 plenarie
1271 878 1413 933 commit·

145 977 247 1046 tendo,
272 977 466 1050 liberamque
489 978 547 1034 tibi
570 977 727 1034 licentiam
747 978 912 1036 tribuendo
934 979 973 1036 ad
998 980 1098 1052 ipsam
1113 981 1346 1052 zagrabiensem
1367 998 1414 1039 ec·

145 1085 273 1141 clesiam
304 1083 498 1154 transeundi;
530 1083 622 1140 firma
651 1099 707 1156 spe
738 1083 913 1157 fiduciaque
940 1087 1104 1159 conceptis,
1130 1086 1212 1158 quod
1236 1086 1343 1144 eadem
1367 1104 1412 1144 za·

145 1190 319 1263 grabieusis
343 1190 481 1262 ecclesia,
512 1190 612 1264 gratia
641 1190 700 1248 tibi
725 1191 885 1248 assistente
915 1191 1029 1262 divina,
1053 1207 1110 1265 per
1136 1199 1186 1248 tue
1210 1193 1415 1266 circumspec-

147 1297 237 1354 tionis
264 1295 449 1354 industriam
473 1301 503 1353 et
526 1295 756 1369 providentiam
778 1297 1035 1371 circumspectam
1059 1297 1196 1354 salubria
1220 1297 1347 1370 recipiet
1370 1299 1415 1355 in·

146 1408 309 1460 crementa.
326 1401 478 1474 Quocirca
508 1401 684 1460 discretioni
714 1407 766 1459 tue
797 1418 854 1476 per
884 1403 1055 1475 apostolica
1084 1403 1199 1476 scripta
1223 1403 1416 1476 mandamus,

146 1501 296 1582 quatenus
328 1508 509 1581 impositum
540 1509 597 1566 tibi
627 1524 704 1566 onus
736 1509 833 1582 ipsius
863 1509 1070 1581 zagrabiensis
1097 1509 1225 1566 ecclesie
1248 1524 1266 1566 a
1289 1509 1415 1568 domino

148 1614 259 1672 devote
290 1614 469 1688 suscipiens,
504 1615 547 1671 sic
577 1615 673 1688 ipsius
708 1615 915 1687 zagrabiensis
950 1615 1077 1672 ecclesie
1111 1615 1249 1687 regimen
1284 1615 1416 1674 sollicite

148 1719 271 1778 studeas
294 1735 445 1790 exercere,
466 1735 593 1792 gregem
617 1719 807 1786 dominicum
827 1721 858 1778 iu
874 1735 910 1778 ea
925 1721 984 1778 tibi
1002 1720 1155 1778 creditum
1170 1719 1310 1778 doctrina
1326 1721 1415 1778 verbi

149 1835 177 1883 et
200 1827 306 1900 operis
329 1825 534 1898 informando,
556 1825 639 1899 quod
658 1825 778 1901 prefata
793 1827 1000 1899 zagrabiensis
1016 1826 1145 1884 ecclesia
1161 1832 1210 1883 tue
1228 1828 1416 1900 operationis

150 1934 321 1992 ministerio
352 1933 466 1990 votivis
496 1933 609 2006 iugiter
631 1933 775 2006 proficiat
795 1932 967 1990 commodis
990 1941 1020 1990 et
1042 1933 1234 1990 successibus
1258 1934 1416 2006 prosperis

148 2045 305 2110 augeatur,
329 2045 424 2111 tuque
447 2038 578 2113 proinde
601 2039 749 2107 divinam,
773 2037 854 2096 dicte
873 2038 955 2096 sedis
971 2046 1001 2095 et
1017 2043 1153 2094 nostram
1170 2039 1415 2096 benedictionem

148 2155 177 2203 et
209 2147 349 2218 graciam
384 2146 511 2203 uberius
549 2147 693 2219 consequi
729 2146 884 2204 merearis.
919 2145 1035 2203 Datum
1071 2145 1229 2216 Avinione,
1266 2146 1315 2204 lli.
1347 2146 1416 2203 idus

149 2251 286 2326 januarii.
311 2254 400 2310 Anno
423 2258 540 2310 octavo.

236 2358 268 2414 ln
293 2374 317 2414 e.
343 2374 382 2414 m.
415 2358 552 2430 capitulo
582 2359 782 2430 zagrabiensi,
815 2359 899 2416 clero
931 2363 961 2416 et
990 2359 1109 2432 populo
1132 2358 1265 2416 civitatis
1282 2364 1312 2414 et
1335 2357 1417 2415 dioe-

150 2465 223 2521 cesis
247 2464 464 2536 zagrabiensis,
489 2463 632 2520 vassallis
655 2464 793 2522 eiusdem
817 2464 973 2521 ecclesiae.

237 2600 258 2648 E
279 2615 333 2664 reg.
354 2599 422 2664 orig.
442 2615 481 2648 an.
503 2599 574 2649 Vlll.
594 2601 624 2648 Α.
645 2598 767 2650 Theiner.
789 2597 858 2648 Mon.
879 2599 966 2664 Hung.
988 2599 1047 2648 hist.
1068 2598 1129 2648 libr.
1151 2597 1169 2647 1.
1190 2612 1249 2662 pag.
1271 2596 1416 2655 its-776.

740 2849 824 2917 219.

255 2995 331 3043 Anno
353 3001 427 3050 1350,
450 3001 488 3054 14.
507 2991 609 3056 aprilis.
629 2990 767 3041 Avinione.

237 3121 368 3180 Nicolao
391 3122 489 3179 electo
517 3121 708 3194 zagrabiensi
738 3136 756 3177 a
782 3121 928 3195 pontifice
958 3121 1118 3178 Clemente
1149 3121 1199 3177 Vl.
1234 3119 1420 3188 conceditur,

153 3235 183 3284 ut
207 3235 341 3301 quatuor
364 3228 504 3302 personis
532 3243 589 3301 per
620 3243 692 3284 eum
723 3227 872 3300 eligendis
903 3227 941 3284 de
965 3233 1097 3300 quatuor
1127 3226 1360 3283 canonicatibus
1388 3233 1418 3282 et

154 3333 336 3407 praebendis
359 3334 514 3391 vacaturis
536 3332 703 3408 providere
725 3335 830 3406 possit.

240 3454 270 3501 A.
292 3449 414 3500 Theiner.
435 3449 505 3500 Mon.
526 3450 615 3516 Hung.
635 3450 699 3500 hist.
713 3449 732 3499 1.
753 3466 777 3516 p.
798 3451 856 3508 785.

256 3811 332 3858 Anno
355 3817 429 3868 1350,
448 3821 471 3872 9.
491 3807 566 3873 Julii.
586 3805 683 3855 Budae.
741 3718 830 3784 220·

246 3936 409 4011 Stephanus
445 3935 540 3993 Craat.
566 3933 646 3992 Slaa.
670 3942 699 3992 et
715 3935 887 3992 Dalmatiae
911 3935 981 4003 dux,
1004 3935 1078 3990 cives
1107 3931 1281 3992 Grechcnscs
1303 3935 1333 3990 in

663 4043 780 4099 tutelam
802 4043 909 4116 recipit.

240 4185 414 4262 Stephanus
438 4186 488 4245 dei
511 4187 615 4260 gracia
638 4188 735 4246 tocius
758 4185 929 4256 Sclauonie,
961 4185 1089 4244 Croacie
1111 4191 1142 4243 et
1164 4185 1326 4242 Dalmacie
1349 4183 1420 4242 dux.

160 4293 313 4353 Fidelibus
336 4294 400 4352 suis
424 4294 576 4352 universis
600 4293 737 4368 prelatis,
760 4293 938 4362 baronibus,
962 4293 1137 4362 comitibus,
1162 4290 1345 4360 castellanis,
1368 4304 1422 4346 no-

161 4400 271 4458 bilibus
294 4415 331 4458 ac
354 4415 463 4458 eorum
487 4401 571 4457 vices
594 4400 787 4472 gerentibus;
811 4400 886 4456 item
902 4399 1089 4467 civitatibus,
1106 4396 1253 4468 villisque
1270 4401 1300 4451 et
1315 4409 1422 4452 earum

161 4507 326 4565 rectoribus
357 4519 475 4563 necnon
506 4506 670 4578 quibusvis
700 4505 770 4562 aliis
801 4505 980 4562 hominibus
1011 4503 1147 4561 cuiusvis
1177 4500 1364 4558 condicionis
1394 4505 1423 4556 et

162 4613 382 4684 preeminencie
416 4613 549 4670 existant
583 4617 613 4670 et
646 4612 822 4686 specialiter
856 4611 1028 4669 tributariis
1063 4611 1093 4668 in
1125 4609 1207 4667 dicto
1241 4622 1337 4680 regno
1367 4621 1423 4664 suo

163 4715 318 4776 Sclauonie
353 4718 526 4776 constitutis
560 4723 591 4775 et
622 4717 841 4775 constituendis
872 4717 902 4774 in
933 4716 1083 4787 futurum,
1118 4715 1233 4789 quibus
1266 4718 1423 4786 presentes

163 4825 355 4882 ostendentur
377 4825 511 4882 salutern
534 4831 564 4882 et
583 4824 728 4896 graciam.
752 4823 886 4896 Querele
908 4824 1093 4880 nunciorum
1114 4822 1230 4879 civium
1246 4825 1423 4877 nostrorum

165 4927 200 4986 de
226 4936 331 4989 monte
362 4930 464 4988 Grech
496 4931 525 4988 in
557 4945 602 5002 eo,
634 4929 717 5002 quod
741 4947 798 5004 per
821 4929 987 4987 nonnullos
1011 4945 1049 4986 ex
1072 4929 1163 4986 vobis
1187 4931 1293 4985 contra
1316 4941 1425 4984 eorum

166 5033 316 5096 libertates
340 5037 530 5110 abantiquo
561 5041 758 5094 conservatas
791 5036 1056 5110 perturbarentur,
1088 5051 1177 5093 aures
1204 5038 1307 5092 nostre
1331 5032 1425 5089 maie·
