3728 5806
412 551 475 612 314
785 537 857 594 Doc.
876 548 948 613 337.
967 532 1043 613 338.
1068 570 1110 578 -
1135 537 1190 594 An.
1215 532 1306 613 1389.

411 734 530 792 decime
553 733 627 792 dicti
650 735 768 792 domini
791 736 937 809 episcopi,
961 742 1025 792 tarn
1049 735 1193 792 vinorum
1217 751 1311 808 quam
1334 734 1460 808 frugum
1477 736 1508 792 in
1525 737 1681 794 territorio

412 839 492 897 dicte
515 841 649 898 civitatis
671 842 784 898 montis
816 839 978 898 Grecensis
1001 847 1234 914 procreatorum
1258 857 1315 914 per
1340 842 1423 898 cives
1444 841 1582 898 eiusdem
1606 843 1682 899 civi-

412 946 482 1004 tatis
516 947 629 1004 montis
666 945 826 1004 Grecensis
861 962 984 1021 semper
1008 947 1115 1004 luisset
1137 954 1245 1004 exacta
1267 953 1297 1005 et
1319 953 1444 1020 recepta
1467 953 1497 1005 et
1520 965 1602 1005 nunc
1623 963 1682 1022 per

412 1052 538 1110 eosdem
561 1053 644 1110 cives
668 1053 706 1110 de
730 1053 797 1110 iure
829 1054 964 1124 exigitur
990 1063 1019 1110 et
1042 1053 1198 1127 recipitur.
1234 1054 1350 1110 Datum
1373 1053 1474 1124 Crisii,
1499 1054 1607 1126 quinto
1630 1054 1681 1110 die

412 1157 480 1215 sesti
504 1159 673 1232 supradicti
695 1174 775 1216 anno
798 1158 916 1216 domini
941 1159 1114 1216 millesimo
1138 1159 1330 1216 CCCLXXX
1354 1175 1442 1217 nono.

507 1277 529 1326 E
550 1281 715 1341 transumpto
734 1275 843 1326 Martini
862 1275 938 1336 Ders‚
958 1275 1087 1335 vicebani,
1106 1283 1136 1327 ut
1154 1276 1231 1326 infra

1001 1491 1087 1559 337.

520 1635 597 1682 Anno
620 1634 694 1695 1389,
712 1634 736 1683 8.
756 1632 920 1698 septembris.
940 1631 1094 1698 Zagrabiae.

412 1760 563 1817 Martinus
585 1763 666 1818 Drrr
688 1763 838 1819 oriebantur
860 1769 918 1832 etc„
940 1763 1083 1819 crr'siensis
1097 1780 1186 1818 comcs
1200 1769 1347 1831 stantum,
1370 1781 1425 1835 quo
1445 1761 1583 1818 sedecmra
1603 1770 1682 1835 pars

412 1865 584 1923 decimarum
607 1869 638 1923 in
660 1869 880 1942 congregatione
909 1868 998 1926 Cre'sir'
1025 1869 1165 1925 celebrato
1196 1867 1303 1925 civibus
1333 1867 1541 1925 Grecltcnsibus
1567 1867 1681 1936 adiudi-

893 1983 979 2032 catur
1000 1974 1205 2032 transsummit.

500 2119 563 2177 Nos
587 2120 738 2176 Martinus
761 2119 841 2176 Ders
863 2119 1031 2176 vicebanus
1054 2125 1085 2176 et
1107 2133 1211 2176 comes
1234 2117 1393 2176 crisiensis.
1425 2117 1575 2175 llemorie
1598 2133 1681 2175 com·

414 2225 607 2296 mendamus‚
633 2223 717 2298 quod
740 2226 928 2294 Franciscus‚
952 2225 1037 2282 filius
1060 2225 1164 2294 Marci,
1188 2223 1281 2281 iudex
1304 2224 1439 2282 civitatis
1463 2225 1577 2282 montis
1604 2223 1681 2282 Gre-

414 2331 520 2401 censis,
544 2330 583 2388 ad
607 2336 745 2388 nostram
768 2331 920 2388 veniendo
943 2331 1143 2404 presenciam,
1167 2329 1320 2403 quasdam
1343 2329 1461 2387 litteras
1485 2329 1602 2387 domini
1625 2330 1682 2387 La-

413 2437 503 2494 dislai
528 2436 567 2494 de
591 2437 756 2508 Iossoncb‚
780 2436 902 2509 pridem
925 2438 1013 2510 regni
1037 2436 1200 2495 Sclauonie
1223 2437 1305 2506 bani,
1329 2442 1476 2510 patentes,
1500 2437 1591 2494 nobis
1612 2453 1682 2510 pre·

414 2543 553 2614 sentavit,
577 2549 684 2616 petens
708 2558 763 2600 nos
787 2558 858 2600 cum
873 2543 1021 2600 instancia
1037 2550 1071 2600 ut
1086 2549 1225 2600 tenorem
1246 2541 1425 2600 earumdem
1443 2543 1553 2600 litteris
1569 2543 1681 2600 uostris

414 2649 590 2720 patentibus
613 2647 652 2705 de
676 2648 774 2705 verbo
797 2647 834 2705 ad
861 2649 993 2705 verbum
1016 2650 1180 2707 transcribi
1204 2648 1352 2720 faciendo,
1377 2648 1451 2706 dare
1472 2649 1678 2722 dignaremur.

414 2753 555 2826 Quarum
578 2759 666 2812 tenor
697 2754 767 2811 talis
798 2759 858 2812 est:
891 2749 964 2832 (vid.
995 2771 1039 2813 nr.
1074 2755 1145 2829 336,
1169 2771 1248 2813 anno
1277 2754 1367 2830 1389,
1393 2748 1594 2832 zamareni.
1619 2755 1681 2814 Nos

417 2861 512 2932 igitur
534 2861 621 2918 iustis
645 2861 850 2936 peticionibus
872 2861 985 2935 prefati
1009 2863 1163 2920 Francisci
1179 2861 1289 2920 iudicis
1305 2862 1442 2919 inclinati
1457 2866 1598 2918 tenorem
1614 2879 1681 2936 pre-

415 2967 600 3040 scriptarum
623 2967 799 3025 litterarum
816 2967 935 3025 domini
956 2968 1093 3026 Ladislai
1116 2968 1188 3026 bani
1220 2967 1415 3041 presentibus
1438 2967 1550 3026 litteris
1572 2969 1683 3026 nostris

415 3073 592 3146 patentibus
615 3073 653 3130 de
677 3075 774 3132 verbo
805 3074 844 3132 ad
877 3075 1009 3132 verbum
1042 3075 1205 3132 transcribi
1235 3072 1382 3144 saciend0,
1407 3073 1554 3131 duximus
1577 3091 1682 3132 conoe-

417 3179 561 3236 dendum.
585 3179 701 3236 Datum
724 3179 882 3252 Zagrabie,
906 3180 937 3238 in
961 3180 1039 3238 festo
1070 3181 1240 3238 nativitatis
1270 3179 1400 3252 virginis
1423 3179 1566 3252 gloriose.
1590 3182 1679 3239 Anno

416 3283 533 3342 domini
557 3285 726 3342 millesimo
749 3286 941 3342 CCCLXXX
964 3301 1053 3344 nono,

504 3402 644 3469 Originale
658 3403 684 3452 in
697 3404 795 3463 charta,
808 3420 823 3453 a
837 3410 914 3472 tergo
927 3404 1070 3470 vestigium
1086 3405 1170 3470 sigilli
1183 3413 1300 3471 apparet.
1315 3405 1345 3456 ln
1358 3405 1428 3456 arch.
1442 3407 1459 3455 l.
1473 3420 1497 3454 r.
1513 3403 1562 3456 civ.
1576 3406 1683 3471 zagrab.

1008 3619 1096 3685 338.

521 3760 597 3808 ,Anno
620 3760 693 3820 1389,
716 3769 753 3808 12.
774 3759 938 3825 septembris
958 3760 1054 3809 Budae.

417 3885 619 3960 Segr'smundus
641 3888 797 3960 litargum
820 3896 866 3944 etr.
890 3907 944 3944 rex
962 3890 1118 3945 collectores
1141 3896 1169 3945 et
1188 3889 1397 3945 subcollectores
1417 3906 1548 3944 camerae
1571 3896 1681 3960 aposto·

461 3995 533 4050 lt'cae
562 3994 688 4067 episcopo
710 3995 828 4067 zograb.
852 4001 880 4051 et
900 3995 1007 4052 cior'bus
1030 3994 1240 4052 Greclrensr'bus
1260 3994 1464 4051 commendator
1486 4012 1543 4051 esse
1566 3995 1635 4052 vult.

507 4137 721 4209 Sigismundus
752 4137 801 4195 dei
832 4139 935 4210 gracia
958 4155 1012 4196 rex
1036 4139 1203 4210 Hungarie‚
1227 4138 1395 4208 Dalmacie,
1420 4137 1548 4194 Croacie
1571 4143 1626 4195 etc.
1650 4153 1685 4194 ac

417 4245 555 4302 marchio
587 4243 902 4316 Brandemburgensis
934 4250 988 4302 etc.
1021 4244 1180 4302 Fideiibus
1215 4245 1278 4300 suis
1312 4243 1483 4300 reverendo
1506 4243 1537 4300 in
1561 4243 1685 4300 Christo

418 4351 500 4424 patri
523 4355 552 4407 et
575 4349 709 4419 domino
743 4349 869 4407 domino
898 4351 1031 4432 Johanni
1060 4349 1110 4407 dei
1133 4357 1163 4406 et
1185 4349 1355 4422 apostolice
1375 4346 1457 4406 sedis
1479 4349 1583 4421 gracia
1606 4349 1687 4422 epis-

418 4471 497 4530 copo
527 4456 726 4528 zagrabiensi,
757 4472 792 4513 ac
824 4455 916 4513 iudici
951 4463 980 4513 et
1010 4457 1117 4513 iuratis
1150 4457 1264 4513 montis
1295 4455 1465 4524 Grecensis,
1498 4456 1687 4512 salutemet

418 4563 562 4635 graciam.
594 4561 701 4634 Nuper
731 4561 958 4634 fidedignorum
989 4563 1143 4619 relacione
1174 4563 1377 4634 percepimus,
1415 4561 1498 4634 quod
1534 4562 1686 4630 nonnulli,

420 4668 504 4741 quod
528 4684 583 4725 nos
599 4669 729 4725 nimium
747 4668 887 4726 dolenter
917 4670 1090 4742 recepimus
1113 4667 1165 4725 sed
1190 4669 1287 4725 eciam
1315 4669 1494 4738 amiramur‚
1515 4667 1608 4724 deum
1631 4685 1688 4742 pre

419 4776 517 4832 oculis
540 4791 599 4832 non
623 4775 780 4844 habentes
804 4775 956 4832 mandatis
979 4775 1156 4848 apostolicis
1179 4774 1335 4846 negligitis
1358 4789 1466 4844 ymmo
1490 4775 1594 4831 verius
1617 4789 1688 4832 eon·

421 4882 578 4954 tempnitis
609 4881 805 4954 pertinaciter
832 4881 967 4952 obedire,
999 4883 1065 4938 iura
1092 4881 1261 4954 apostolice
1286 4895 1416 4952 camare,
1440 4881 1688 4953 sanctissimique

421 4987 518 5060 patris
542 5003 577 5043 ac
601 4986 717 5044 domini
741 4988 836 5045 nostri
861 5002 941 5061 pape
965 4987 1107 5045 fraudare
1128 4987 1264 5058 nitentes
1292 4987 1518 5060 vilipendentes
1546 5001 1689 5045 censuras
