3600 5804
801 519 1061 602 Doc.164.165.
1087 538 1123 565 -·
1151 524 1205 581 An.
1230 539 1318 602 1334.

1016 717 1102 782 164.

530 859 607 907 Anno
629 867 702 918 1334.
726 867 746 906 t.
764 857 887 922 januarii.
907 857 1060 923 Zagrabiae.

431 985 593 1059 Capitulum
617 985 733 1059 zagrab.
757 988 881 1055 nuntiat,
905 1005 1007 1054 omnes,
1031 989 1084 1060 qui
1105 988 1205 1044 vincas
1227 991 1318 1061 spatio
1333 990 1460 1062 quinque
1476 1007 1615 1044 annorum
1630 1007 1680 1044 non

772 1095 918 1163 coluerint,
942 1112 991 1150 eos
1013 1113 1080 1150 mox
1102 1095 1260 1152 amissuros
1281 1114 1345 1153 esse.

513 1255 577 1314 Nos
599 1255 772 1329 capitulum
796 1255 1003 1328 zagrabiensis
1026 1255 1162 1314 ecclesie.
1190 1255 1407 1328 significamus
1432 1257 1545 1330 quibus
1567 1255 1683 1329 expedit

426 1377 482 1435 per
513 1368 679 1433 presentes,
712 1360 797 1434 quod
828 1361 972 1432 quamvis
1003 1362 1106 1436 sepius
1138 1379 1195 1437 per
1224 1369 1346 1420 nostros
1374 1362 1505 1420 decanos
1529 1362 1683 1419 fecerimus

426 1468 575 1541 pupplice
606 1467 803 1541 proclamari,
827 1483 864 1524 ne
887 1467 1002 1541 aliquis
1026 1469 1149 1526 vineam
1172 1485 1261 1526 suam
1284 1470 1315 1526 in
1338 1469 1495 1526 territorio
1517 1475 1619 1526 nostre
1640 1483 1682 1524 ec·

426 1575 519 1632 clesie
550 1573 687 1632 dimittat
718 1574 866 1632 desertari
897 1575 947 1643 ita,
980 1580 1012 1632 ut
1043 1574 1082 1631 ad
1106 1575 1179 1649 plus
1202 1591 1259 1648 per
1281 1575 1419 1648 quinque
1442 1590 1536 1632 annos
1560 1589 1618 1631 non
1640 1589 1683 1629 co

425 1675 523 1750 latur,
548 1680 650 1738 adhuc
681 1687 783 1738 tamen
817 1686 921 1737 tenore
951 1682 1147 1755 presencium
1178 1686 1286 1738 notum
1309 1697 1376 1738 esse
1399 1681 1553 1751 volumus,
1577 1679 1682 1753 quibus

427 1785 552 1859 expedit
575 1787 605 1844 in
630 1785 778 1856 futurum,
804 1792 838 1842 ut
860 1802 931 1843 suas
955 1787 1057 1844 colant
1082 1788 1186 1844 vineas
1210 1791 1241 1844 et
1264 1793 1379 1844 terram
1402 1793 1539 1845 nostram
1562 1802 1621 1844 non
1646 1791 1683 1842 te·

426 1898 518 1949 neant
545 1898 728 1965 occupatam
760 1908 830 1950 cum
862 1893 977 1950 talibus
1009 1893 1139 1950 desertis
1167 1894 1280 1962 vineis;
1312 1895 1384 1967 quia
1408 1895 1434 1951 si
1457 1894 1537 1952 inira
1560 1899 1683 1966 tempus,

426 2003 460 2055 ut
483 1998 681 2072 premittitur,
713 1997 803 2056 vinee
833 1997 1010 2056 huiusmodi
1035 2015 1096 2056 non
1120 2001 1269 2070 colantur,
1291 2007 1403 2058 extunc
1425 2001 1548 2058 comuni
1570 1999 1683 2056 estima-

428 2105 514 2162 cione
537 2119 598 2162 non
622 2109 847 2162 consveverunt
879 2106 968 2162 vinee
999 2106 1162 2179 appellari,
1194 2107 1330 2164 maxime
1361 2122 1419 2180 pro
1442 2123 1487 2178 eo,
1511 2107 1581 2180 quia
1605 2105 1684 2162 nulla

427 2211 544 2268 utilitas
568 2211 657 2268 nobis
680 2226 789 2282 ymmo
812 2227 868 2268 nec
892 2227 999 2268 eorum
1023 2213 1099 2270 olim
1123 2213 1258 2271 dominis
1282 2214 1347 2270 iure
1371 2214 1520 2286 acquisito
1541 2213 1589 2269 vel
1605 2226 1683 2283 emp·

427 2317 499 2375 ticio
530 2317 695 2390 provenire
725 2318 891 2374 consuevit.
924 2317 1120 2392 Quicumque
1152 2325 1254 2377 autem
1286 2336 1373 2377 secus
1405 2319 1531 2377 fecerint
1561 2334 1596 2376 eo
1621 2319 1682 2390 ipso

426 2425 567 2481 amittant
600 2424 655 2492 ius,
688 2423 771 2496 quod
804 2425 833 2480 in
858 2424 933 2497 ipsis
957 2425 1089 2482 habeant
1113 2426 1190 2482 olim
1215 2427 1320 2496 vineis,
1354 2441 1409 2483 nec
1434 2427 1550 2498 possint
1573 2421 1681 2495 aliquid

426 2530 540 2587 habere
572 2530 764 2602 querimonie
796 2537 901 2587 contra
931 2531 1011 2598 illos,
1044 2532 1110 2588 sive
1140 2532 1200 2589 sint
1230 2533 1328 2589 nostri
1351 2531 1513 2606 prediales,
1541 2532 1603 2588 sive
1625 2528 1680 2586 alio

425 2637 492 2693 iure
523 2637 730 2710 possessiones
756 2653 774 2694 a
797 2641 901 2694 nostra
925 2638 1053 2694 ecclesia
1076 2638 1266 2706 obtinentes;
1289 2639 1341 2710 qui
1366 2638 1463 2694 dictas
1486 2638 1563 2694 olim
1584 2637 1679 2692 vineas

425 2742 647 2815 reparaverint,
678 2741 849 2800 dummodo
883 2741 921 2800 de
951 2744 1080 2802 licencia
1109 2743 1307 2801 dominorum
1339 2745 1369 2800 in
1401 2743 1514 2816 quibus
1537 2740 1680 2798 extiterint

427 2849 485 2906 hoc
508 2849 700 2921 processerit,
718 2839 838 2920 'ymmo
866 2850 910 2906 eis
929 2855 1040 2908 extunc
1067 2857 1230 2922 conpetant
1254 2849 1283 2906 in
1308 2854 1501 2922 perpetuum,
1526 2853 1612 2921 prout
1635 2849 1675 2901 est

426 2955 522 3012 moris
545 2955 622 3012 alias
647 2955 738 3027 pleno
761 2955 834 3011 iure.
869 2955 902 3012 ln
930 2951 1016 3013 cuius
1040 2957 1084 3013 rei
1109 2956 1290 3013 memoriam
1317 2961 1473 3028 presentes
1489 2951 1681 3010 concessimus

426 3061 545 3118 litteras
577 3060 674 3133 sigilli
703 3061 800 3119 nostri
831 3061 992 3134 pendentis
1023 3063 1193 3119 munimine
1225 3063 1394 3118 roboratas.
1421 3061 1537 3116 Datum
1560 3059 1588 3115 in
1612 3056 1681 3112 testo

426 3143 667 3238 circumcisionis
691 3165 816 3223 domini.
843 3168 931 3224 Anno
954 3167 1094 3224 eiusdem
1119 3167 1318 3224 MCCCXXX
1341 3175 1460 3240 quarto

515 3320 536 3367 E
555 3319 627 3370 libro
646 3320 772 3378 Statutor,
793 3319 870 3384 capit.
891 3319 995 3386 zagrab.
1016 3325 1082 3384 part.
1104 3320 1148 3368 IV.
1168 3335 1188 3369 c.
1210 3319 1286 3368 XIX.
1307 3321 1381 3386 Joan.
1401 3320 1516 3370 Tkaldic'.
1537 3315 1601 3364 Mon.
1626 3314 1680 3366 hist.

427 3406 505 3472 episc.
526 3408 629 3473 zagrab.
650 3414 711 3457 tom.
732 3407 765 3456 ΙΙ.
785 3423 810 3472 p.
834 3418 888 3471 139.

1022 3639 1104 3706 165.

532 3745 610 3793 Anno
631 3752 705 3804 1334.
725 3743 862 3808 Strigonii.

431 3871 594 3944 Capitulum
617 3872 813 3944 strigoniensis
836 3873 896 3928 eccl.
920 3873 1088 3930 sententium
1105 3873 1257 3949 johannis
1282 3875 1368 3931 totius
1391 3873 1547 3932 Sluvonioe
1568 3873 1633 3930 bani
1649 3870 1679 3927 dr

592 3979 674 4034 nortis
696 3978 809 4035 trr'butis
830 3979 955 4050 capitulo
976 3979 1093 4051 zagrub.
1117 3979 1297 4050 adiudicatis,
1326 3985 1528 4040 trumsummit.

517 4121 699 4196 Capitulum
722 4123 849 4179 ecclesie
872 4123 1091 4194 strigoniensis.
1115 4124 1269 4182 Omnibus
1293 4124 1424 4183 Christri
1448 4125 1598 4194 fidelibus,
1619 4137 1680 4195 pre-

429 4233 546 4286 sentem
570 4229 717 4302 paginam
739 4229 923 4301 inspecturis
947 4229 1079 4286 salutem
1103 4230 1133 4287 in
1157 4228 1283 4288 domino
1307 4233 1536 4304 sempiternam.
1559 4229 1605 4287 Ad
1622 4227 1680 4284 uni-

429 4350 591 4392 versorum
623 4334 768 4391 noticiam
801 4335 912 4392 harum
944 4336 1023 4392 serie
1052 4337 1198 4394 volumus
1230 4339 1402 4410 pervenire,
1433 4337 1517 4410 quod
1545 4337 1680 4394 discretus

430 4442 479 4497 vir
501 4440 645 4498 dominus
667 4441 822 4524 Johannes
845 4440 1078 4499 archidiaconus
1095 4441 1133 4498 de
1150 4442 1278 4514 Gerche‚
1296 4443 1480 4502 deecclesia
1498 4440 1679 4516 zagrabiensi,

428 4561 487 4620 pro
510 4562 542 4602 se
566 4561 601 4603 ac
625 4562 682 4620 pro
707 4551 770 4604 toto
793 4547 926 4619 collegio
949 4547 1089 4605 eiusdem
1115 4549 1253 4621 capituli,
1277 4549 1316 4606 ad
1340 4557 1480 4608 nostram
1502 4544 1679 4608 accendendo

429 4653 621 4726 presenciam
644 4654 785 4712 exhibuit
807 4654 896 4711 nobis
919 4654 1121 4727 privilegium
1144 4655 1397 4713 excellentissimi
1415 4657 1561 4730 principis
1576 4650 1679 4711 domini

429 4758 538 4815 Karoli
567 4759 650 4830 regis
680 4759 847 4830 Hungarie,
880 4759 994 4816 tenoris
1017 4759 1214 4834 infrascripti,
1238 4769 1346 4835 petens
1367 4777 1424 4820 nos
1448 4779 1518 4820 cum
1541 4757 1681 4825 instancia,

429 4864 512 4938 quod
536 4864 609 4936 quia
632 4865 735 4938 ipsum
766 4865 968 4938 privilegium
999 4871 1129 4940 propter
1156 4882 1245 4924 casus
1272 4866 1491 4926 formidabiles
1514 4867 1626 4924 deterre
1646 4861 1680 4919 ad

429 4973 680 5047 prosecucionem
711 4987 873 5029 causarum
904 4988 1031 5030 suarum
1061 4973 1092 5030 in
1122 4973 1224 5046 specie
1253 4972 1431 5047 frequenter
1453 4991 1515 5033 non
1536 4974 1677 5038 auderent,
