3824 5806
794 562 1004 637 Mcrologium.
1476 575 1537 636 407

313 781 343 838 in
374 781 504 838 diversis
537 779 725 837 ornamentis
757 787 786 838 et
819 780 901 836 vasis
931 780 1082 851 argenteis
1111 779 1239 836 dotavit.
1264 779 1322 835 Hic
1346 785 1416 851 post
1438 779 1537 836 multa

316 887 474 944 meritoria
504 901 599 958 opera
622 885 700 942 obiit
723 892 833 957 quarta
856 885 905 942 die
930 885 1043 942 mensis
1066 885 1183 958 aprilis
1211 900 1290 941 anno
1313 884 1429 941 domini
1454 883 1538 941 MCC

315 992 524 1064 octuagesimo
556 991 627 1060 Vll;
659 990 745 1047 cuius
776 990 975 1064 sepulchrum
1000 997 1131 1063 apparet
1158 995 1227 1047 ante
1251 1005 1337 1047 aram
1363 991 1452 1046 beate
1476 990 1538 1046 vir·

314 1099 393 1171 ginis
417 1098 447 1155 in
471 1096 600 1154 ecclesia
623 1097 741 1154 maiori.

376 1253 452 1300 Anno
474 1251 548 1309 1287,
568 1259 590 1308 5·
610 1249 770 1300 novembris.
806 1263 811 1270 ·

267 1365 348 1421 Huic
379 1363 523 1420 successit
554 1362 698 1420 dominus
722 1364 896 1420 Anthonius
921 1381 976 1436 per
998 1365 1186 1422 eleccionem
1210 1364 1249 1420 de
1273 1365 1468 1436 prepositura
1491 1364 1536 1420 al-

316 1471 409 1541 bensi,
441 1470 494 1542 qui
526 1469 649 1526 modico
681 1473 820 1542 tempore
848 1469 935 1538 vixit,
960 1471 1032 1542 quia
1055 1487 1109 1526 sex
1135 1470 1299 1526 mensibus.
1324 1469 1407 1526 Obiit
1432 1477 1536 1526 autem

313 1591 392 1633 anno
416 1573 534 1632 domini
557 1574 640 1632 MCC
664 1575 873 1647 octuagesimo
896 1577 1029 1648 septimo
1053 1577 1084 1632 in
1108 1575 1157 1632 die
1183 1575 1263 1632 beati
1288 1575 1419 1632 Emerici
1449 1575 1537 1632 ducis

312 1682 483 1751 Sclauonie,
506 1682 564 1738 filii
587 1681 683 1738 sancti
707 1681 788 1754 regis
812 1679 970 1754 Stephani,
995 1681 1034 1739 de
1058 1697 1163 1739 mense
1187 1681 1359 1738 novembri.

374 1854 451 1902 Auno
473 1861 547 1914 1295,
567 1860 591 1910 3.
611 1851 736 1902 octobris.

268 1966 348 2022 Huic
374 1964 519 2021 successit
546 1962 690 2020 dominus
719 1963 874 2044 Johannes
899 1979 954 2036 per
977 1965 1163 2022 eleccionem
1189 1964 1226 2021 de
1249 1965 1408 2038 preposito
1432 1981 1536 2038 ragra-

314 2071 420 2129 biensi.
445 2071 532 2126 cuius
556 2075 696 2141 ternpore
720 2068 776 2126 fuit
800 2079 935 2127 castrum
966 2070 1075 2128 hledue
1098 2072 1139 2127 ab
1163 2071 1291 2128 ecclesia
1315 2071 1482 2128 alienatum
1507 2077 1537 2127 et

313 2176 368 2234 fuit
399 2192 456 2248 per
486 2177 544 2232 hoc
576 2174 705 2231 ecclesia
737 2175 767 2231 in
799 2177 1070 2248 persecucionibus
1101 2177 1201 2250 posita
1229 2178 1363 2233 maxime
1387 2183 1535 2249 quantum

313 2282 351 2339 ad
376 2281 556 2354 capitulum.
588 2281 647 2338 llic
670 2281 747 2338 obiit
773 2297 852 2339 anno
873 2281 992 2340 domini
1015 2284 1098 2339 MCC
1122 2284 1322 2355 nonagesimo
1345 2283 1462 2355 quinto,
1486 2282 1535 2340 die

313 2387 529 2446 terciadecima
551 2388 695 2444 octobris.

374 2561 451 2609 Anno
473 2567 547 2616 1323,
567 2567 590 2616 3.
610 2558 734 2623 Augusti.

269 2673 348 2729 Huic
378 2665 408 2748 (i.
440 2687 464 2728 e.
497 2670 641 2727 Michaeli
674 2663 908 2748 1²95-1303·)
939 2673 1083 2730 successit
1113 2672 1257 2730 dominus
1287 2673 1473 2744 Augustinus
1497 2671 1536 2729 de

312 2777 420 2836 ordine
444 2775 577 2834 fratrum
601 2776 843 2846 Predicatorum‚
874 2779 937 2834 vite
960 2780 1120 2836 sanctitate
1145 2778 1324 2853 prefulgens
1348 2785 1440 2852 prout
1463 2795 1536 2836 suus

313 2884 413 2940 exitus
443 2882 541 2952 docet,
573 2898 630 2956 per
660 2883 871 2955 provisionem
902 2885 1041 2943 eiusdem
1064 2885 1182 2943 domini
1206 2885 1361 2942 Benedicti
1385 2901 1481 2959 pape;
1505 2891 1535 2942 et

312 2991 384 3047 licet
415 2988 609 3062 temporibus
641 2987 803 3061 impacatis
837 2996 939 3047 tamen
969 2991 1087 3048 utiliter
1118 2997 1147 3048 et
1183 2991 1383 3048 laudabiliter
1419 2989 1536 3065 prefuit

312 3096 439 3154 ecclesie
462 3101 603 3167 tempore
626 3094 744 3152 domini
769 3095 875 3153 Karoli
900 3097 981 3169 regis
1005 3097 1181 3169 Hungaric;
1205 3105 1235 3154 et
1259 3097 1384 3154 demum
1409 3113 1465 3171 per
1480 3096 1534 3154 do·

315 3205 434 3260 minum
449 3203 622 3284 Johannem
640 3217 753 3275 papam
770 3203 856 3260 XXII
880 3204 1046 3260 translatus
1069 3203 1127 3261 fuit
1150 3206 1179 3261 in
1204 3205 1385 3277 episcopum
1401 3204 1534 3261 civitatis

314 3315 416 3367 sancte
438 3309 534 3365 Marie
558 3307 596 3364 de
620 3307 782 3378 Nucheria,
814 3309 920 3380 ibique
951 3309 1028 3366 obiit
1058 3309 1107 3366 die
1139 3310 1233 3367 tercia
1256 3310 1370 3366 mensis
1394 3310 1533 3380 Augusti,

313 3430 392 3474 anno
408 3414 526 3472 domini
549 3413 770 3484 MCCCXXIII,
798 3415 851 3487 qui
876 3429 973 3487 usque
995 3414 1088 3472 hodie
1111 3421 1267 3472 corruscat
1291 3415 1456 3472 miraculis.

374 3588 450 3636 Anno
472 3587 546 3648 1348,
570 3587 608 3635 16.
629 3583 753 3635 octobris.

267 3699 347 3756 Huic
371 3693 400 3777 (i.
424 3715 448 3756 e.
472 3699 615 3756 ladislao
639 3697 677 3754 de
700 3697 804 3755 Kobol
830 3691 1064 3774 1326—1343.)
1080 3701 1226 3756 successit
1241 3699 1384 3756 dominus
1399 3700 1534 3781 Jacobus

316 3805 354 3862 de
378 3805 545 3875 placencia,
578 3805 631 3877 qui
663 3803 722 3861 fuit
751 3805 854 3878 primo
878 3805 1015 3878 phisicus
1039 3805 1157 3862 domini
1182 3805 1288 3862 Karoli
1313 3805 1402 3877 regis,
1427 3810 1533 3877 postea

312 3913 475 3986 episcopus
499 3911 713 3968 chanadiensis
736 3916 765 3967 et
788 3911 900 3968 abhinc
923 3913 1089 3968 translatus
1112 3913 1142 3968 in
1158 3911 1533 3985 episcopumzagrabien·

315 4034 379 4074 sem
411 4033 468 4091 per
495 4017 625 4074 eundem
658 4017 819 4074 dominum
848 4032 963 4090 papam
987 4017 1188 4074 Clementem.
1212 4018 1270 4074 Hic
1293 4017 1369 4074 obiit
1394 4017 1478 4075 Bude
1502 4019 1532 4075 in

311 4123 389 4182 festo
413 4124 493 4180 beati
517 4122 603 4181 Galli
626 4123 756 4180 abbatis.
780 4125 871 4180 Anno
894 4123 1011 4180 domini
1036 4114 1305 4202 Mccttxutvtlll.

479 4260 564 4309 Notae
583 4275 597 4308 e
616 4258 684 4308 serie
704 4258 890 4323 cpiscoporum
909 4259 1013 4324 zagrab.
1035 4265 1115 4324 prout
1135 4259 1160 4308 in
1181 4258 1265 4309 Libro
1281 4259 1446 4309 Statutorum
1463 4259 1531 4325 capi·

516 4348 565 4398 tuli
586 4348 690 4413 zagrab.
712 4345 893 4411 perhibentur.

862 4629 939 4695 111.

374 4763 449 4811 Anno
472 4760 544 4819 1326.
570 4775 657 4809 mense
675 4758 757 4825 Julio.

267 4893 422 4975 Johannes
446 4891 550 4962 lector,
572 4891 623 4964 qui
649 4891 726 4948 obiit
749 4890 787 4946 de
811 4905 915 4947 mense
937 4890 1021 4972 Julii,
1044 4905 1124 4946 anno
1147 4887 1265 4945 domini
1289 4886 1508 4944 thCCXXVl.

479 5024 562 5075 Liber
581 5027 707 5076 Statutor.
728 5040 784 5076 ven.
805 5040 860 5091 cap.
880 5025 985 5091 zagrab.
1004 5028 1072 5090 part.
1092 5023 1138 5074 IV.
1158 5038 1178 5072 c.
1199 5021 1231 5072 11.
