3600 5804
564 549 636 606 Doc.
661 563 725 624 113.
753 581 789 590 -
815 549 981 626 Ara1321.
1366 567 1404 628 97

158 655 520 662 ——---——-—--—
542 655 657 662 —·-—--
679 655 774 660 .—.......

154 748 278 831 Johanne
299 747 395 806 XXII.
419 746 603 822 providetur
626 763 662 805 ac
684 748 851 806 abbatibus
879 747 917 805 de
946 747 1032 806 Grab
1064 755 1094 807 et
1124 748 1162 806 de
1193 749 1353 824 Thoplica,
1377 753 1407 806 et

155 854 317 928 praeposito
351 854 499 910 ecclesiae
529 869 551 910 s.
583 853 698 910 Mariae
729 853 767 910 de
797 853 908 925 Vaslra,
945 855 1113 912 colocensis
1140 861 1170 912 et
1200 855 1406 928 zagrabiensis

155 960 333 1028 dioecesium,
350 959 515 1017 mandatur
537 963 571 1016 ut
586 957 719 1016 eundern
740 960 907 1018 Martinam
923 962 953 1018 in
970 963 1166 1036 corporalem
1182 963 1406 1036 possessionem

153 1065 315 1122 huiusmodi
340 1064 606 1122 archidiaconatus
630 1063 775 1122 inducant
798 1071 828 1122 et
851 1065 1024 1126 defendant.

231 1219 251 1268 E
268 1233 321 1283 reg.
335 1217 404 1282 orig.
428 1217 647 1284 Job.XX11.an.
667 1218 713 1277 lv,
733 1235 772 1284 ep.
793 1227 842 1276 555
863 1225 889 1268 et
908 1220 966 1282 967.
979 1221 1002 1268 Α
1014 1219 1137 1270 Tbeiner.
1159 1220 1227 1270 Mon.
1242 1220 1330 1286 Hung.
1345 1219 1405 1271 nist

154 1308 170 1358 1.
187 1325 208 1373 p.
226 1315 281 1368 470.

737 1505 815 1572 113.

247 1647 321 1696 Anno
343 1655 418 1706 1321,
438 1657 461 1697 2.
481 1645 619 1698 februarii.
645 1645 675 1696 1n
694 1645 843 1698 Temesvar.

158 1773 268 1832 Carolus
294 1776 472 1848 Hungariae
501 1783 548 1833 etc.
577 1794 639 1844 rex,
663 1775 804 1852 johanni
826 1776 902 1834 bano
921 1777 1007 1834 latrias
1040 1775 1198 1836 Slavoniae
1224 1777 1352 1848 madae,
1375 1786 1409 1835 ut

277 1883 498 1940 constitutionem
529 1883 600 1938 novi
619 1882 721 1940 tributi
732 1882 890 1957 filardc'ina
913 1891 942 1940 et
960 1883 1102 1953 solmiac,
1125 1885 1262 1960 inquirat.

233 2046 363 2104 Karolus
380 2045 430 2104 dei
446 2046 550 2118 gracia
565 2062 620 2104 rex
635 2045 778 2118 Vngarie.
795 2045 894 2103 Fideli
910 2060 966 2104 suo
983 2045 1147 2118 magnifico
1164 2047 1233 2104 viro
1248 2039 1405 2129 Jlohanni)

152 2151 225 2208 bano
253 2152 350 2209 tocius
380 2150 543 2209 Sclauonie
574 2152 707 2208 salutem
738 2159 767 2208 et
798 2152 942 2224 graciam.
969 2151 1091 2210 Fideles
1114 2153 1210 2210 nostri
1233 2153 1405 2226 capitulum

152 2259 336 2330 zagrabiense
367 2259 458 2315 nobis
489 2257 624 2315 indicant
652 2257 876 2331 conquerendo
908 2259 992 2332 quod
1023 2275 1094 2316 curn
1123 2265 1222 2316 totum
1254 2261 1405 2317 tributum

153 2362 204 2420 iori
232 2365 436 2436 zagrabiensis
467 2364 499 2422 in
529 2368 630 2422 castro
662 2363 807 2422 Grecensi
839 2381 878 2422 ex
901 2365 1071 2423 collacione
1095 2365 1329 2440 progenitorum
1353 2379 1405 2422 no-

152 2474 274 2527 strorum
298 2470 336 2527 ad
361 2470 467 2542 ipsum
489 2470 662 2543 capitulum
686 2471 838 2543 pertineat
862 2471 956 2544 pleno
979 2471 1054 2542 iure,
1078 2471 1162 2528 cives
1185 2469 1353 2528 Grecenses
1375 2471 1404 2528 in

152 2573 280 2632 fraudem
301 2577 373 2633 iusti
391 2583 420 2633 et
436 2577 550 2649 regalis
566 2576 674 2634 tributi
693 2578 918 2634 constituerunt
937 2593 1031 2650 super
1046 2578 1164 2634 salibus
1181 2583 1212 2634 et
1226 2577 1319 2634 rebus
1335 2577 1406 2634 aliis

150 2696 223 2738 nova
243 2683 376 2756 quedam
400 2679 608 2757 tributaque
633 2684 818 2758 quandoque
841 2684 1004 2742 filarcbina
1027 2685 1195 2756 nominant,
1219 2683 1404 2757 quandoque

151 2793 176 2843 et
196 2789 254 2846 alia
275 2790 401 2847 nomina
424 2789 583 2863 inponunt,
616 2805 676 2862 que
700 2791 816 2847 tributa
839 2789 922 2848 idem
946 2790 1118 2864 capitulum
1135 2789 1209 2847 dicit
1225 2804 1286 2847 non
1302 2789 1404 2847 solum

151 2895 203 2952 sibi
225 2909 287 2952 esse
309 2897 466 2968 iniuriosa,
490 2895 543 2953 sed
567 2897 664 2954 eciam
686 2897 831 2954 omnibus
855 2897 982 2954 illarum
1007 2897 1147 2971 parcium
1171 2897 1336 2968 regnicolis
1351 2912 1403 2954 no·

151 3001 257 3059 bilibus
279 3009 308 3060 et
331 3003 532 3074 innobilibus
557 3003 611 3076 qui
634 3003 761 3060 marinis
785 3004 903 3062 salibus
926 3005 971 3061 uti
994 3005 1101 3061 solent.
1125 3002 1224 3076 Super
1247 3019 1309 3076 quo
1330 3003 1404 3060 fide·

151 3106 257 3165 litatem
289 3115 375 3166 tuam
405 3109 594 3182 requirimus
627 3125 684 3183 per
714 3115 880 3184 presentes
903 3114 1053 3183 quatenus
1078 3109 1243 3181 diligenter
1266 3110 1404 3182 inquiras

151 3211 184 3269 de
202 3214 307 3272 eodem
330 3216 456 3287 tributo,
484 3222 514 3273 et
546 3215 571 3272 si
595 3215 749 3274 inveneris
776 3232 814 3273 ex
843 3216 949 3288 aliqua
977 3231 1068 3273 causa
1088 3215 1271 3274 racionabili
1295 3215 1405 3272 consti-

150 3323 249 3392 tutum,
272 3317 411 3394 applices
434 3319 517 3378 idem
541 3322 694 3379 tributum
718 3323 835 3380 tributo
858 3323 956 3394 regali
979 3324 1063 3380 iuxta
1088 3329 1227 3380 tenorem
1243 3323 1400 3395 privilegii

150 3427 236 3482 nostri
257 3433 287 3484 et
307 3429 392 3485 iuxta
412 3433 549 3486 tenorem
575 3429 812 3502 privilegiorum
845 3428 1101 3503 predecessorum
1123 3433 1301 3486 nostrorum
1321 3429 1403 3502 capi-

151 3531 208 3588 tulo
229 3533 419 3605 zagrabiensi
439 3533 658 3607 relinquendo;
682 3536 707 3592 si
731 3551 806 3593 vero
829 3551 866 3592 ex
890 3551 982 3592 causa
1004 3535 1214 3592 irracionabili
1238 3535 1319 3606 exigi
1336 3551 1405 3608 per·

151 3637 289 3712 penderis,
320 3640 404 3697 cives
434 3641 475 3697 ab
505 3641 570 3698 eius
599 3641 763 3719 exaccione
796 3641 919 3714 penitus
949 3655 1122 3714 conpescas‚
1154 3641 1278 3699 noveris
1313 3643 1403 3710 enim,

152 3744 225 3815 quod
246 3761 325 3803 nova
348 3747 466 3804 tributa
489 3747 554 3804 sive
577 3746 709 3820 pedagia
733 3748 798 3804 sive
821 3747 966 3804 salinaria
990 3747 1041 3804 vel
1062 3763 1256 3820 quecumque
1272 3748 1333 3805 alia
1349 3765 1405 3805 nec

151 3850 316 3910 civitatibus
338 3869 395 3910 nec
419 3853 577 3926 aliquibus
600 3853 670 3910 aliis
694 3854 851 3911 instituere
874 3859 920 3911 est
943 3854 1139 3927 permissum,
1156 3853 1209 3910 sed
1227 3854 1404 3911 huiusmodi

152 3961 274 4027 potestas
296 3961 372 4017 solis
396 3959 589 4033 principibus
612 3967 641 4016 et
664 3960 790 4032 regibus
814 3967 997 4018 reservatur.
1021 3961 1105 4017 Licet
1129 3967 1231 4017 autern
1256 3961 1403 4030 civitates,

151 4065 381 4136 constituciones‚
405 4066 507 4124 banna
534 4067 599 4123 sive
623 4067 759 4124 mullrtas
783 4067 862 4124 inter
892 4068 1075 4140 semetipsos
1106 4071 1136 4124 et
1167 4083 1222 4140 per
1256 4083 1288 4124 se
1318 4067 1402 4139 ipsos

151 4169 347 4231 observandas
370 4174 555 4230 constituere
578 4175 696 4248 possint
720 4174 772 4230 vel
796 4173 895 4242 edere,
919 4189 970 4231 eas
991 4179 1093 4230 tamen
1116 4188 1176 4230 non
1201 4181 1329 4247 possunt
1353 4190 1403 4230 ex-

151 4275 263 4335 tendere
286 4279 316 4336 in
339 4279 539 4337 ecclesiarum
577 4280 627 4336 vel
666 4281 879 4352 quorumlibet
910 4295 1088 4352 gravamen,
1124 4281 1178 4352 qui
1214 4297 1251 4336 ex
1275 4295 1404 4336 suorum

150 4396 267 4442 numero
289 4386 465 4444 concivium
488 4401 549 4444 non
573 4387 713 4444 existunt.
742 4387 858 4444 Datum
882 4387 912 4443 in
932 4386 1113 4458 Tymesuar,
1138 4387 1168 4443 in
1194 4385 1271 4443 festo
1295 4386 1403 4460 purifi-

152 4489 270 4548 cacionis
293 4493 381 4550 beate
403 4493 540 4565 virginis.

229 4625 249 4674 E
268 4632 431 4692 transumpto
451 4627 561 4693 capituli
581 4627 726 4685 dasmensis
740 4629 832 4677 eodem
851 4643 919 4678 anuo
939 4629 1015 4678 iacto.
1037 4629 1177 4696 Originale
1197 4629 1224 4678 in
1243 4630 1400 4680 membrana,

153 4707 179 4758 Iu
195 4713 258 4764 arch.
277 4731 332 4766 ven.
353 4717 431 4781 capit.
451 4717 555 4782 zagrab.
575 4715 636 4766 fasc.
662 4727 697 4766 lo.
717 4732 756 4766 ur.
776 4727 817 4778 47.
