3600 5804
551 547 623 604 Doc.
648 560 713 602 121.
740 579 775 588 —
802 503 970 624 Ansrjea
1345 566 1403 625 103

159 743 191 800 ad
213 745 289 800 viam
311 749 340 800 et
363 759 419 817 per
442 744 571 802 eandem
595 745 681 802 viam
711 759 820 803 versus
851 749 1103 820 septemtrionem
1135 763 1192 820 per
1223 749 1354 820 longum
1377 755 1406 805 et

160 866 292 923 magnum
313 852 451 924 spacium
474 851 557 908 cadit
579 851 619 908 ad
642 853 802 924 antiquam
827 853 919 922 viam,
944 869 1004 926 que
1028 852 1186 926 quondam
1211 853 1276 910 ibat
1298 869 1406 911 versus

159 955 333 1028 Zagrabiam‚
357 958 411 1014 ubi
435 963 479 1013 est
503 963 585 1014 meta
609 964 716 1028 terrea,
740 973 800 1030 que
822 958 976 1015 vicinatur
993 963 1072 1015 terre
1088 958 1328 1030 Heremitarum,
1344 960 1407 1016 col-

158 1063 212 1119 lata
233 1078 284 1135 per
307 1063 499 1134 llirozlaum‚
523 1063 593 1121 inde
616 1063 703 1120 vadit
719 1079 826 1121 versus
843 1064 1005 1121 meridiem
1021 1079 1078 1137 per
1094 1063 1223 1121 eandem
1247 1065 1407 1138 antiquam

158 1169 231 1224 viarn
254 1183 308 1240 per
330 1168 460 1242 longum
484 1175 514 1226 et
538 1184 686 1242 magnum
709 1171 850 1243 spacium
873 1175 903 1227 et
926 1171 1067 1244 pervenit
1091 1170 1172 1227 circa
1195 1171 1318 1227 vineam
1343 1182 1407 1226 ma-

158 1274 235 1345 gistri
257 1274 409 1346 Richardi,
433 1276 477 1333 ita
499 1281 612 1348 tamen,
637 1275 721 1350 quod
743 1275 884 1350 predicta
906 1276 1033 1348 antiqua
1063 1276 1114 1333 via
1138 1282 1276 1333 remanet
1299 1291 1408 1333 versus

158 1379 339 1453 occidentem,
363 1382 454 1439 vinea
477 1388 581 1440 autem
605 1381 736 1456 predicti
768 1382 909 1454 magistri
939 1381 1086 1438 Richardi
1117 1397 1226 1438 versus
1248 1382 1407 1452 orientem,

158 1493 184 1544 et
200 1488 239 1544 sic
252 1487 336 1545 vadit
351 1503 407 1562 per
423 1488 552 1546 eandem
570 1489 653 1546 viam
671 1505 779 1547 versus
795 1487 979 1560 Zagrabiam
996 1503 1052 1561 per
1066 1488 1196 1560 longum
1214 1493 1244 1544 et
1260 1501 1407 1560 magnum

158 1595 289 1666 spacium.
312 1594 346 1651 ln
370 1595 456 1651 cuius
479 1595 524 1652 rei
547 1595 731 1652 memoriam
755 1607 911 1668 presentes
928 1593 968 1650 ad
983 1593 1164 1650 instanciam
1181 1594 1321 1666 parcium
1337 1608 1407 1650 con·

159 1699 280 1771 tulimus,
303 1701 398 1773 sigilli
421 1703 519 1759 nostri
548 1702 718 1758 munimine
748 1701 919 1758 roboratas
950 1699 1068 1756 Datum
1097 1698 1174 1756 feria
1201 1703 1311 1772 quarta
1337 1715 1407 1773 pro-

158 1807 233 1862 xima
252 1812 320 1879 post
342 1806 569 1865 Penthekostes.
594 1808 682 1865 Anno
706 1806 825 1864 domini
846 1804 1016 1864 MCCCXX
1039 1805 1181 1864 secundo.

240 1959 375 2025 Originale
394 1961 422 2010 in
442 1962 626 2011 membranae
645 1976 698 2024 quo
718 1961 799 2010 rubra
824 1959 924 2010 sericea
947 1975 1012 2008 zona
1038 1959 1168 2024 dependet
1192 1959 1291 2023 absque
1309 1957 1408 2023 sigillo.

158 2045 185 2094 ln
201 2047 264 2096 arch.
282 2048 356 2114 regni
377 2049 450 2100 CSD.
469 2052 526 2098 Act.
546 2049 627 2100 Conv.
649 2047 818 2099 Remetensis.
839 2047 899 2098 fasc.
919 2047 938 2098 1.
959 2056 1054 2108 nr.14.

737 2349 812 2414 121.

252 2495 325 2541 Auno
347 2501 421 2550 1322,
441 2502 480 2541 21.
501 2491 621 2556 Augusti.
643 2489 780 2540 Avinioue.

161 2617 266 2676 Electus
280 2620 411 2696 jacobus
434 2620 575 2692 episcopus
598 2619 792 2692 zagrubr'cnsrs
814 2619 1006 2676 renuntiatur.
1029 2616 1170 2690 Capitul0,
1190 2617 1264 2674 clero
1278 2624 1308 2674 et
1320 2617 1411 2686 laicis,

533 2733 567 2781 ut
585 2725 672 2782 eidem
693 2725 831 2794 obediant,
855 2696 1018 2781 mandatur.

236 2891 385 2970 'lohannes
415 2892 580 2964 episcopus
612 2905 719 2947 servus
750 2903 913 2946 servorum
944 2887 1001 2944 dei.
1036 2886 1158 2944 Dilecto
1190 2885 1258 2943 filio
1291 2886 1409 2968 Jacobo

160 2997 248 3053 electo
279 2998 471 3071 zagabriensi
501 2997 633 3054 salutem
664 3001 694 3053 et
724 2995 928 3069 apostolicam
959 2992 1212 3051 benedictionem.
1244 2991 1411 3048 Pastoralis

160 3101 245 3160 officii
265 3105 353 3160 nobis
377 3119 567 3177 quamquam
591 3103 755 3160 immeritis
779 3116 912 3174 superna
936 3099 1136 3174 dispositione
1160 3098 1318 3155 commissi
1338 3113 1411 3154 cura

161 3208 257 3266 sedula
296 3211 443 3268 sollicitat
478 3216 613 3267 mentem
647 3215 793 3276 nostram,
831 3212 865 3263 ut
897 3205 936 3263 de
969 3205 1121 3262 universis
1156 3205 1241 3261 orbis
1275 3202 1412 3260 ecclesiis

161 3330 212 3386 pro
243 3332 346 3374 earum
379 3323 459 3374 statu
495 3316 630 3388 regendo
667 3315 834 3372 salubriter
870 3319 901 3369 et
938 3311 1068 3369 feliciter
1107 3308 1277 3382 dirigendo,
1316 3323 1411 3381 quan·

161 3424 220 3477 turn
248 3423 334 3480 nobis
364 3439 403 3480 ex
432 3423 496 3480 alto
526 3421 712 3492 conceditur,
743 3421 861 3478 solicite
892 3419 1076 3491 cogitemus:
1111 3415 1164 3474 sed
1196 3415 1235 3473 de
1265 3415 1329 3472 illis
1363 3429 1411 3480 eo

162 3527 251 3585 clesiis
273 3529 456 3602 propensius
479 3530 614 3602 cogitate
637 3544 692 3586 nos
715 3527 865 3598 convenit,
890 3541 966 3598 quas
990 3525 1053 3582 suis
1076 3523 1212 3597 propriis
1236 3537 1340 3580 carere
1357 3536 1411 3594 pa-

163 3634 284 3691 storibus
312 3636 476 3705 intuemur,
507 3643 541 3692 ut
570 3651 627 3708 per
657 3640 760 3692 nostre
789 3631 983 3707 providentie
1007 3629 1144 3688 studium
1168 3629 1212 3687 eis
1236 3629 1295 3686 viri
1318 3627 1411 3702 prefi-

145 3731 269 3797 'ciantur
291 3741 411 3813 ydonei,
436 3742 489 3816 qui
510 3742 607 3799 sciant
630 3745 660 3798 et
683 3741 803 3815 possint
817 3738 935 3797 eisdem
951 3737 1088 3796 ecclesiis
1106 3751 1229 3810 preesse
1245 3734 1412 3791 salubriter

164 3851 189 3901 et
211 3848 357 3919 prodesse.
388 3847 468 3905 Sane
498 3847 620 3922 pridem
652 3847 780 3904 ecclesia
807 3843 998 3918 zagabriensi
1021 3859 1078 3917 per
1102 3841 1333 3900 translationem
1356 3855 1412 3912 per

164 3966 211 4009 nos
233 3950 342 4012 iactam
365 3955 403 4012 de
426 3954 598 4012 venerabili
614 3953 708 4011 fratre
724 3958 830 4010 nostro
847 3951 1019 4024 Augustino
1043 3948 1175 4006 civitatis
1198 3951 1300 4004 sancte
1317 3946 1412 4002 Marie

165 4058 231 4116 olim
262 4061 451 4133 zagabriensi
481 4061 635 4134 episcopo,
659 4065 731 4116 tunc
754 4057 838 4132 apud
861 4057 967 4114 sedem
990 4055 1193 4129 apostolicam
1210 4051 1414 4126 personaliter

166 4166 323 4237 constituto,
347 4165 385 4223 ad
410 4166 570 4223 ecclesiam
595 4165 728 4223 civitatis
760 4172 863 4222 sancte
886 4164 982 4221 Marie
1006 4169 1077 4220 tunc
1100 4167 1224 4235 pastore
1248 4165 1412 4231 carentem,

167 4279 287 4344 vacante,
311 4287 366 4330 nos
390 4272 587 4343 attendentes,
612 4271 695 4344 quod
719 4271 824 4328 nullus
846 4275 950 4345 preter
973 4284 1028 4325 nos
1051 4267 1089 4324 de
1109 4265 1300 4324 ordinatione
1316 4265 1413 4337 ipsius

166 4377 278 4436 ecclesie
306 4379 513 4451 zagabriensis
543 4395 575 4436 se
606 4379 663 4435 hac
694 4377 760 4435 vice
790 4377 995 4434 intromittere
1025 4379 1155 4449 poterat,
1179 4387 1237 4446 pro
1260 4386 1304 4442 e0,
1329 4370 1413 4443 quod

167 4498 213 4540 nos
234 4485 280 4543 die
301 4493 371 4544 ante
401 4486 593 4543 vacationem
623 4483 802 4542 huiusmodi
832 4483 1026 4557 provisiones
1049 4480 1189 4538 omnium
1213 4477 1413 4535 ecclesiarum

167 4594 221 4646 tarn
249 4591 480 4660 cathedralium,
505 4607 599 4664 quam
622 4591 715 4649 etiam
739 4591 872 4648 aliarum
895 4594 967 4646 tunc
990 4587 1073 4662 apud
1097 4587 1213 4644 dictam
1236 4583 1341 4640 sedem
1360 4599 1413 4641 va-

167 4700 286 4756 cantium
309 4705 340 4758 et
362 4700 439 4757 inibi
462 4707 680 4758 vacaturarum
703 4699 908 4772 imposterum
931 4693 1126 4768 dispositioni
1149 4697 1252 4750 nostre
1268 4689 1413 4747 duximus

168 4807 361 4878 reservandas,
385 4806 576 4865 decernendo
600 4823 638 4864 ex
661 4813 733 4863 tunc
756 4805 880 4863 irritum
903 4806 933 4860 et
955 4803 1052 4873 inane,
1076 4801 1102 4858 si
1125 4814 1211 4856 secus
1235 4813 1328 4870 super
1355 4795 1414 4852 hiis

168 4923 216 4980 per
243 4929 450 4988 quoscumque
481 4914 611 4971 scienter
641 4913 694 4970 vel
724 4911 901 4984 ignoranter
931 4910 1101 4980 contigeret
1130 4903 1316 4977 attemptari,
1344 4905 1414 4976 post

170 5013 416 5094 deliberationem,
448 5036 542 5094 quam
573 5020 612 5078 ad
648 5017 861 5094 deputandum
882 5014 1027 5088 regimini
1050 5012 1186 5072 eiusdem
1217 5009 1345 5068 ecclesie
1366 5023 1414 5065 za-
