3824 5806
501 659 683 666 —————-

677 554 750 611 Doc.
769 549 846 628 360.
870 587 912 595 -
934 554 991 611 An.
1015 566 1104 629 1392.
1467 571 1527 630 337

263 752 424 810 nobiscum
448 752 685 810 consedentibus
709 768 767 826 pro
790 755 931 826 parcium
948 753 1100 810 dictarum
1125 752 1243 810 domini
1259 753 1398 826 episcopi
1419 757 1448 809 et
1464 752 1528 808 eius

262 864 350 929 parte
372 864 454 914 certe
477 859 681 930 allegaciones
697 864 727 915 et
743 859 973 932 proposiciones
999 859 1094 915 verbo
1111 858 1327 915 tantummodo
1351 857 1446 926 iacte;
1469 871 1529 930 pro

262 970 350 1037 parte
373 979 449 1021 vero
472 965 626 1022 dictorum
651 965 849 1022 dominorum
873 965 911 1021 de
934 965 1072 1038 capitulo
1095 971 1178 1022 certa
1201 965 1403 1021 instrumenta
1423 969 1453 1020 et
1470 969 1530 1019 sta-

262 1077 327 1126 tuta
349 1069 423 1127 dicti
447 1071 574 1143 capituli
598 1071 749 1143 producta
781 1070 902 1135 fuerint,
935 1087 992 1144 per
1022 1087 1082 1142 que
1115 1070 1318 1126 intencionem
1343 1085 1431 1126 suam
1454 1070 1528 1126 satis

263 1176 346 1232 clare
362 1175 616 1233 demonstrabant
641 1177 671 1233 et
694 1177 871 1249 probabant
887 1178 917 1234 in
933 1177 1091 1233 nonnullis
1108 1192 1163 1248 per
1180 1177 1264 1248 ipsos
1281 1176 1391 1248 petitis.
1409 1174 1530 1247 Quibus

262 1282 406 1338 omnibus
430 1283 589 1355 premissis
613 1283 687 1339 visis
711 1287 740 1339 et
763 1281 877 1339 auditis
898 1298 933 1339 ac
956 1281 1121 1354 diligenter
1144 1281 1288 1353 inspectis
1304 1287 1334 1337 et
1350 1296 1405 1336 nos
1422 1281 1528 1336 habito

262 1387 337 1444 iuris
360 1387 467 1444 ordine
491 1387 614 1444 easdem
639 1388 802 1460 requisitas
827 1389 1044 1456 habueramus,
1067 1388 1092 1444 si
1117 1403 1177 1460 que
1200 1386 1262 1443 alia
1285 1385 1395 1454 dicere,
1416 1401 1530 1459 propo

262 1509 334 1549 nere
357 1493 409 1548 vel
433 1494 578 1564 allegare,
604 1493 774 1566 producere
797 1499 850 1550 aut
873 1494 1007 1566 probare
1039 1493 1155 1549 vellent
1185 1508 1243 1565 pro
1277 1490 1453 1548 defensione
1476 1507 1530 1548 sue

263 1599 431 1669 peticionis
456 1599 593 1672 ipsisque
617 1599 759 1672 partibus
790 1599 1049 1672 respondentibus
1074 1598 1207 1670 probare
1239 1603 1292 1654 aut
1316 1597 1452 1668 allegare
1475 1611 1529 1653 no-

263 1704 327 1760 lent
350 1703 389 1761 de
412 1705 556 1778 presenti,
580 1704 634 1762 sed
657 1705 760 1761 solum
784 1704 938 1762 instabant
969 1721 1063 1778 super
1092 1703 1260 1777 premissis,
1284 1707 1318 1760 ut
1342 1701 1381 1758 ad
1405 1717 1530 1759 concor·

263 1808 348 1866 diam
372 1810 450 1867 inter
472 1810 557 1883 ipsos
573 1808 747 1867 faciendam
763 1826 815 1866 seu
833 1809 981 1867 iudicium
1005 1809 1173 1883 procedere
1196 1808 1388 1866 deberemus.
1408 1806 1530 1879 Quibus

263 1917 515 1988 responsionibus
537 1931 595 1988 per
616 1931 672 1972 nos
695 1915 816 1985 auditis,
841 1915 915 1972 visis
938 1921 969 1972 et
992 1915 1156 1986 diligenter
1175 1913 1367 1984 examinatis,
1384 1913 1529 1970 omnibus

264 2027 293 2078 et
316 2022 446 2094 singulis
469 2023 582 2096 petitis,
615 2021 774 2095 productis
806 2028 835 2079 et
864 2021 1015 2092 allegatis,
1047 2019 1201 2094 predictas
1233 2025 1431 2094 partescum
1455 2033 1528 2076 non-

263 2127 358 2184 nullis
383 2129 623 2198 venerabilibus,
648 2127 861 2200 prudentibus,
886 2125 1025 2200 providis
1049 2133 1078 2183 et
1102 2126 1333 2198 circumspectis
1356 2125 1441 2194 viriS,
1467 2124 1528 2181 cle-

264 2233 334 2290 ricis
356 2234 577 2306 nobilibusque
600 2233 678 2304 aliis,
702 2248 780 2305 quos
804 2234 833 2290 in
858 2249 1026 2290 assessores
1056 2237 1178 2288 nostros
1206 2231 1439 2304 assumpsimus,
1464 2245 1531 2287 mu·

264 2345 377 2412 tuaque
408 2346 438 2396 et
469 2338 588 2411 digesta
627 2339 854 2396 deliberacione
886 2339 1064 2412 prehabitis,
1096 2337 1134 2393 de
1166 2337 1320 2394 dictorum
1354 2343 1530 2394 nostrorum

263 2460 452 2502 assessorum
483 2445 621 2507 consilio.
653 2445 756 2517 primo
785 2451 815 2502 et
837 2444 1051 2518 principaliter
1082 2442 1284 2500 deliberando
1315 2442 1525 2500 decrevimus:

264 2551 346 2623 quod
371 2551 444 2608 dicti
468 2551 586 2608 domini
610 2551 747 2607 canonici
771 2556 800 2607 et
823 2549 1004 2624 capitulum,
1022 2550 1158 2606 universi
1181 2549 1398 2606 universaliter
1421 2555 1452 2604 et
1468 2548 1529 2605 sin·

263 2658 329 2730 guli
345 2659 544 2730 singulariter
565 2659 704 2730 ipsorum
723 2656 859 2730 propriis
875 2657 906 2714 iu
922 2656 1061 2729 personis
1078 2655 1248 2727 insignum
1273 2671 1346 2712 vere
1369 2653 1531 2712 concordie

263 2779 299 2822 ac
329 2764 432 2822 debite
463 2763 642 2821 obediencie
674 2777 734 2819 una
765 2761 928 2819 nobiscum
959 2777 1066 2818 coram
1097 2737 1207 2818 eodem
1230 2761 1357 2848 domino
1382 2761 1529 2834 episcopo

263 2871 394 2942 genibus
426 2871 456 2927 in
487 2875 602 2926 terram
635 2867 818 2941 provolutis,
851 2868 1029 2924 humillima
1060 2883 1130 2923 cum
1160 2867 1308 2924 instancia
1338 2866 1460 2922 veniam
1492 2864 1531 2922 de

263 2977 423 3046 universis,
447 2991 507 3048 que
532 2975 591 3048 ipsi
614 2973 708 3031 simul
725 2981 755 3030 et
771 2973 904 3045 quilibet
921 2973 1060 3045 ipsorum
1078 2988 1181 3045 perse
1198 2970 1408 3044 delinquendo
1425 2979 1531 3027 contra

263 3084 367 3156 ipsum
399 3082 624 3138 commisissent
656 3078 789 3152 petendo
817 3078 856 3135 de
879 3078 1007 3151 pretatis
1030 3079 1093 3135 suis
1116 3078 1285 3147 sentenciis
1310 3077 1423 3149 quibus
1447 3077 1530 3148 ipsos

263 3189 342 3246 iuste
365 3188 417 3244 vel
440 3188 551 3245 iniuste
567 3185 778 3254 innodaverat,
795 3183 975 3256 dignaretur
990 3184 1163 3254 absolvere,
1180 3182 1327 3240 deberent
1344 3183 1530 3256 supplicare.

264 3295 385 3367 Quibus
410 3294 525 3350 ibidem
558 3309 614 3365 per
645 3307 700 3348 nos
731 3292 762 3348 in
793 3291 984 3364 presenciam
1013 3290 1086 3347 dicti
1110 3289 1228 3346 domini
1252 3289 1390 3362 episcopi
1413 3287 1531 3345 eductis

265 3409 295 3458 et
319 3400 415 3458 modo
437 3399 601 3474 prehabito
625 3414 718 3471 super
742 3399 800 3454 hoc
823 3397 953 3469 genibus
975 3395 1062 3453 tlexis
1086 3412 1145 3454 una
1169 3396 1331 3454 nobiscum
1352 3395 1530 3468 supplican-

265 3506 350 3562 tibus
373 3504 454 3562 idem
472 3505 616 3561 dominus
633 3504 805 3576 episcopus,
822 3503 867 3559 uti
891 3509 979 3574 pater
1002 3503 1080 3574 pius,
1105 3517 1227 3558 summa
1251 3515 1320 3557 cum
1345 3500 1532 3572 benignitate

266 3611 391 3669 eosdem
423 3609 647 3684 amplectendo,
681 3609 840 3665 universas
873 3608 1041 3664 sentencias
1076 3622 1132 3679 per
1166 3607 1269 3679 ipsum
1305 3604 1529 3678 quoquomodo

263 3719 342 3775 latas
377 3723 406 3774 et
441 3722 547 3774 contra
576 3717 661 3790 ipsos
691 3715 905 3787 promulgatas
935 3713 1093 3770 revocavit
1127 3718 1219 3784 atque
1250 3713 1389 3784 quelibet
1419 3710 1532 3768 delicta

264 3830 370 3880 contra
391 3839 423 3880 se
448 3839 504 3896 per
526 3823 609 3895 ipsos
629 3821 724 3878 simul
746 3825 775 3877 et
799 3819 925 3877 divisim
945 3819 1111 3876 commissa
1128 3819 1327 3891 paternaliter
1343 3816 1531 3889 indulgendo

263 3931 405 4002 ipsorum
436 3928 575 4000 singulos
607 3926 645 3983 ad
679 3927 820 3983 osculum
853 3926 938 3999 pacis
969 3926 1100 3998 recepit;
1132 3924 1318 3996 tandemque
1342 3939 1397 3980 nos
1420 3923 1531 3980 exinde

263 4035 380 4093 reversi
406 4039 435 4092 et
459 4049 517 4107 pro
532 4033 682 4090 tribunali
702 4047 834 4090 unacum
851 4031 967 4088 eisdem
985 4031 1097 4088 nostris
1113 4030 1320 4088 assessoribus
1336 4027 1531 4098 considendo

263 4142 378 4199 Christi
412 4141 536 4197 nornine
573 4139 698 4210 eiusque
733 4139 842 4196 matris
869 4137 998 4209 virginis
1032 4137 1166 4209 gloriose
1208 4137 1358 4204 invocat0,
1394 4134 1532 4191 volentes

263 4263 390 4306 omnem
412 4246 573 4303 materiam
598 4245 670 4314 litis,
698 4243 851 4301 discordie
875 4249 904 4299 et
928 4243 1126 4299 dissensionis
1149 4243 1228 4298 inter
1252 4245 1355 4314 partes
1378 4239 1532 4312 predictas

263 4355 446 4411 existentem
469 4351 604 4408 evellere
629 4358 658 4407 et
682 4365 791 4423 pacem
816 4350 895 4406 inter
918 4355 1038 4422 patrem
1064 4355 1093 4406 et
1117 4347 1200 4404 filios
1224 4361 1418 4420 componere,
1434 4361 1531 4402 mem·

264 4461 383 4532 braque
408 4459 503 4532 capiti
531 4457 724 4529 coniungere,
749 4455 893 4524 diximus,
918 4453 1201 4526 pronunciavimus,
1224 4451 1530 4520 sentencionavimus,

265 4565 408 4622 arbitrati
425 4563 541 4620 fuimus
558 4569 587 4619 et
603 4563 836 4635 composuimus
849 4577 884 4617 ac
899 4576 956 4633 per
972 4565 1128 4632 presentes
1144 4557 1284 4627 dicimus,
1298 4557 1530 4626 sentenciamus,

262 4671 453 4728 arbitramur
488 4676 518 4726 et
549 4668 765 4740 componimus
795 4666 899 4723 taliter
923 4667 1001 4721 inter
1035 4669 1138 4738 partes
1172 4662 1335 4736 predictas
1372 4661 1531 4719 videlicet:

263 4777 347 4848 quod
383 4775 526 4833 dominus
557 4775 722 4848 episcopus
749 4771 955 4845 zagrabiensis
980 4771 1132 4828 canonicis
1155 4777 1184 4826 et
1209 4769 1344 4842 capitulo
1368 4768 1531 4841 prelibatis

262 4883 421 4940 remittere
455 4881 567 4938 debeat
598 4896 705 4937 omnes
737 4879 870 4947 iniurias
902 4892 1060 4950 expensas,
1085 4875 1198 4932 damna
1221 4880 1251 4931 et
1274 4875 1428 4943 interesse,
1454 4889 1531 4946 quos

262 4995 376 5062 etque
407 4988 508 5045 dictus
539 4987 683 5043 dominus
717 4986 881 5058 episcopus
905 4999 1013 5056 passus
1036 4983 1077 5039 ab
1101 4982 1177 5055 ipsis
1201 4979 1301 5038 fuerat
1324 4979 1446 5036 racione
1469 4980 1532 5036 litis

1391 5106 1423 5145 22
