3824 5806
398 522 459 596 408
755 519 957 592 Merologium
980 527 1009 576 ct
1028 518 1171 592 supulchr.
1195 537 1307 577 memor.

508 731 583 780 Anno
607 731 680 788 1361,
701 739 740 788 3ο,
761 727 919 778 novembris.

403 843 469 898 Hoc
492 842 616 898 missale
641 841 773 915 pertinet
795 839 832 898 ad
850 840 1050 898 halendinum
1067 840 1264 899 dominorum
1284 840 1561 898 Prehendariorum
1582 841 1672 898 chori

445 948 574 1004 ecclesie
602 947 817 1018 zagrabiensis‚
848 945 930 1019 quod
956 947 1093 1019 legatum
1117 954 1162 1003 est
1185 964 1242 1020 per
1266 947 1475 1004 venerabilem
1500 947 1669 1003 domiuum

442 1053 602 1136 jacobum,
625 1053 818 1126 prepositum
841 1053 1072 1124 zagrabiensem
1095 1058 1125 1109 et
1140 1053 1320 1110 canonicum
1339 1052 1456 1124 prefate
1472 1052 1600 1109 ecclesie
1618 1067 1668 1108 za·

444 1159 631 1230 grabiensis;
656 1159 709 1230 qui
733 1158 811 1216 obiit
834 1158 864 1216 in
881 1156 958 1215 sesto
975 1159 1058 1215 beati
1074 1158 1197 1216 Andree
1213 1159 1353 1232 apostoli.
1372 1160 1461 1215 Anno
1479 1157 1671 1214 ticestxt.

612 1275 681 1324 Nota
700 1274 726 1325 in
747 1274 853 1334 missali,
874 1277 946 1339 quod
965 1283 1115 1327 asservatur
1136 1275 1162 1326 in
1182 1275 1304 1326 biblioth.
1329 1281 1440 1341 metrop.
1460 1277 1565 1341 ragrab.

991 1555 1067 1620 IV.

504 1665 578 1712 Anno
603 1666 676 1723 1185.

336 1801 339 1808 ¹
396 1770 489 1852 (Huic
511 1776 528 1831 i.
552 1791 577 1832 c.
603 1769 767 1852 Bernaldoi
783 1777 928 1834 successit
943 1775 1087 1833 dominus
1106 1776 1272 1843 l'rodanus
1289 1771 1320 1854 (†
1338 1771 1441 1849 1185.)
1458 1778 1511 1850 qui
1536 1779 1669 1850 quiescit

442 1882 500 1938 sub
517 1881 625 1938 eodem
643 1882 748 1956 lapide
764 1883 838 1940 albo
861 1883 939 1939 sicut
963 1882 1083 1953 dicitur,
1108 1883 1167 1940 sub
1190 1898 1253 1954 quo
1277 1891 1306 1940 et
1330 1883 1492 1956 proximus
1515 1884 1668 1957 superior.

503 2053 579 2102 Anno
602 2059 782 2113 1190-1201.

400 2165 480 2220 Huic
510 2163 654 2220 successit
684 2163 828 2221 dominus
860 2165 1042 2223 Dominicus
1073 2158 1325 2241 (troo-1201.)
1355 2166 1441 2222 cuius
1473 2167 1535 2222 iam
1563 2167 1668 2224 littere

439 2276 591 2342 apparent
614 2275 644 2326 et
666 2270 764 2326 eciam
787 2271 989 2343 sepulchrum
1013 2272 1043 2328 in
1067 2271 1196 2328 ecclesia
1220 2271 1330 2328 maiori
1353 2273 1413 2328 sub
1435 2271 1539 2345 lapide
1567 2274 1667 2330 rubeo

441 2389 617 2431 marmoreo
640 2379 709 2431 ante
732 2389 820 2432 aram
844 2376 924 2434 beati
941 2377 1111 2448 hlychaelis
1134 2377 1312 2449 archangeli
1331 2377 1361 2434 in
1377 2377 1506 2435 ecclesia
1522 2369 1664 2436 maiori'

500 2544 576 2593 Anno
599 2553 672 2603 1215.

395 2655 475 2711 Huic
506 2658 651 2714 successit
681 2657 825 2716 dominus
855 2658 1042 2728 Gothardus‚
1074 2653 1106 2737 (†
1141 2655 1243 2736 1215.)
1275 2677 1367 2734 quem
1399 2662 1558 2736 predictus
1590 2665 1668 2737 tegit

442 2761 523 2835 lapis
546 2763 646 2834 albus,
670 2764 748 2821 sicut
772 2763 892 2822 dicitur.

606 2880 629 2930 E
647 2880 715 2930 serie
734 2880 812 2947 episc.
832 2881 936 2946 zagrab.
957 2881 983 2932 in
1002 2883 1064 2933 libr.
1085 2885 1148 2934 Stat
1168 2884 1246 2949 capit.
1265 2886 1372 2953 zagrab.

395 3041 441 3120 (ln
469 3045 598 3103 ecclesia
620 3047 792 3105 cathedrali
814 3050 935 3121 zagrab.
959 3050 990 3107 in
1014 3050 1176 3123 capellas.
1200 3043 1350 3128 ladislai)
1366 3053 1444 3111 inter
1460 3068 1555 3110 cornu
1571 3069 1666 3111 evan-

441 3152 514 3224 gelii
541 3157 572 3209 et
600 3168 725 3210 murum
754 3154 901 3211 ecclesiae
923 3163 969 3213 est
992 3164 1228 3214 monumentum
1246 3158 1409 3217 ostendeus
1425 3160 1568 3216 habitum
1584 3161 1664 3218 anti-

441 3273 548 3329 quum,
575 3258 878 3333 circumscripcione:
903 3261 961 3318 Hic
992 3262 1069 3319 lacet
1095 3277 1243 3335 generosa
1266 3264 1392 3322 domina
1415 3266 1574 3323 Elisabeth
1596 3267 1664 3324 filia

443 3363 600 3435 magnifici
623 3364 778 3422 Valentini
802 3367 922 3424 comitis
945 3369 1161 3440 zagrabiensis.
1184 3370 1270 3427 Obiit
1293 3385 1372 3428 anno
1399 3361 1514 3430 1200.²

607 3480 665 3531 Raf.
686 3481 852 3532 Levakovie:
872 3483 939 3534 Hist.
959 3485 1038 3550 episc.
1058 3491 1083 3535 et
1102 3485 1186 3536 dioec.
1205 3488 1309 3552 zagrab.
1325 3489 1400 3539 MSC.
1421 3489 1451 3538 In
1465 3492 1546 3540 Acad.
1567 3491 1663 3542 Scicnt.

641 3570 710 3621 Slav.
730 3570 823 3620 merid.
843 3571 950 3622 Farlati.
970 3574 987 3622 1.
1008 3588 1028 3622 c.
1048 3573 1079 3622 V.
1100 3591 1125 3639 p.
1145 3584 1204 3639 339.
1224 3575 1393 3642 Kukuljevie.
1407 3578 1568 3629 Prvostolna
1581 3579 1665 3631 crkva

643 3659 746 3724 zagreb.

396 3820 492 3878 Paulo
522 3821 649 3880 iuferius
679 3831 725 3881 est
755 3824 840 3882 aliud
874 3833 1110 3886 monumentum
1143 3830 1292 3912 Johannis
1328 3833 1537 3893 archidiaconi
1572 3837 1664 3895 dubi-

440 3929 546 3999 censis,
574 3928 664 4002 1383.

605 4044 766 4106 Levalrovie,
786 4049 804 4097 l.
825 4063 845 4098 0,

485 4217 542 4270 ¹Iu
560 4221 628 4271 serie
646 4223 724 4288 episc.
743 4225 848 4290 zagrab.
869 4225 910 4290 (in
929 4227 1001 4278 libro
1027 4230 1136 4295 Statut.)
1162 4247 1271 4282 erronee
1296 4233 1406 4298 ponitur
1428 4235 1584 4286 Dominicus
1603 4245 1663 4288 ante

397 4307 555 4358 Prodanum.

481 4393 491 4424 ²
510 4396 651 4462 Inscriptio
670 4398 741 4458 haec,
760 4415 839 4463 quam
859 4404 1046 4466 praelaudatus
1061 4406 1214 4459 Levakovic‘
1233 4413 1328 4476 procul
1341 4413 1424 4464 dubio
1438 4418 1561 4468 mendose
1580 4421 1661 4471 adno-

397 4489 505 4542 taverat,
524 4485 630 4536 extendi
651 4489 728 4540 debet
753 4493 796 4541 vel
821 4495 854 4542 ad
879 4494 956 4545 finem
980 4510 1045 4545 saec.
1072 4495 1147 4546 XIII.
1175 4499 1217 4547 vel
1244 4515 1327 4564 usquc
1351 4502 1467 4553 medium
1491 4519 1556 4555 saec.
1577 4506 1663 4563 xlv..

395 4571 458 4634 quia
477 4571 547 4622 absis
566 4573 594 4623 in
612 4590 664 4638 qua
681 4577 787 4629 domina
800 4580 937 4634 Elisabeth
955 4587 1059 4650 sepulta
1078 4591 1142 4645 erat,
1162 4587 1211 4638 sub
1229 4587 1279 4638 linc
1298 4604 1362 4640 saec.
1383 4591 1459 4642 Xlll.
1478 4605 1661 4656 seuan.1275

396 4665 517 4711 extructa
536 4669 581 4711 est.

921 4779 1132 4791 -—-——.
