3824 5806
689 525 762 584 Dor.
785 521 861 604 408.
888 559 924 567 -
949 524 1006 582 An.
1030 532 1118 600 1597·
1477 537 1538 598 393

274 703 345 786 rum
368 744 462 802 super
486 728 565 785 iacto
581 726 842 798 contradiccionis,
859 725 1037 782 statucionis
1054 722 1214 780 cuiusdam
1238 721 1439 795 possessionis
1462 721 1540 778 Hra-

275 836 349 892 seha
371 840 489 903 vocate,
513 835 543 891 in
567 834 685 891 octavis
708 831 778 890 sesti
802 833 884 890 beati
907 829 1034 900 Georgii
1067 828 1211 896 martiris,
1236 842 1362 884 movere
1387 827 1542 884 habebant

277 956 380 998 coram
405 941 502 1011 nobiS,
527 939 565 996 de
591 939 730 1014 parcium
754 938 913 996 voluntate
934 935 973 992 ad
990 941 1114 992 octavas
1132 935 1212 990 beati
1229 933 1398 1005 ltlychaelis
1414 933 1540 990 archan·

275 1046 347 1118 geli,
378 1062 458 1103 nunc
488 1052 641 1114 venturas,
675 1043 820 1105 duximus
852 1041 1089 1117 prorogandam.
1123 1041 1280 1097 Presentes
1303 1045 1406 1097 autem
1430 1039 1542 1112 sigillis

276 1152 388 1209 nostris
410 1151 598 1219 absentibus,
622 1149 728 1222 sigillo
754 1149 897 1221 magistri
927 1147 1032 1205 Bakou
1063 1147 1205 1204 vicebani
1233 1154 1264 1204 et
1294 1147 1416 1204 comitis
1447 1147 1543 1204 nostri

275 1257 482 1328 zagrabiensis
506 1255 635 1312 fecimus
658 1255 839 1327 consignari.
870 1254 987 1310 Datum
1018 1253 1175 1324 Zagrabie,
1208 1259 1319 1310 octavo
1342 1251 1393 1309 die
1421 1252 1544 1310 termini

276 1363 436 1436 prenotati.
462 1364 550 1418 Anno
573 1359 692 1417 domini
716 1360 885 1417 millesimo
910 1359 987 1417 CCC
1010 1359 1209 1432 nonagesimo
1232 1359 1374 1432 septimo.

364 1514 503 1580 Originale
524 1513 550 1563 in
574 1513 671 1571 charta,
690 1529 704 1562 a
726 1519 801 1578 tergo
823 1513 965 1580 vestigium
984 1513 1068 1580 sigilli
1094 1513 1222 1579 impressi.
1242 1513 1272 1564 In
1291 1513 1400 1564 archivo
1420 1513 1466 1562 lib.
1487 1528 1541 1578 reg.

276 1605 347 1654 civit.
368 1605 473 1670 zagrab.

866 1818 960 1885 408.

368 1979 445 2028 Anno
468 1986 541 2040 1397,
562 1993 647 2027 mense
666 1977 818 2042 septembri.
837 1977 990 2042 Zagrabiae.

284 2122 476 2179 Communitas
498 2123 600 2179 montis
628 2120 799 2179 Grcchensis
821 2123 927 2180 abolito
949 2124 1044 2196 sigillo
1067 2125 1160 2181 veteri
1187 2142 1291 2180 nouum
1313 2125 1406 2197 sculpi
1431 2125 1547 2181 curavit

653 2227 794 2302 eidemque
816 2229 890 2286 iuris
913 2230 1038 2302 vigorem
1061 2231 1168 2287 tribuit.

365 2389 519 2462 Tempore
545 2390 673 2446 banatus
704 2389 822 2448 domini
853 2390 971 2449 Nicolai
1004 2391 1042 2449 de
1071 2391 1161 2462 Gara,
1187 2408 1354 2464 regnorum
1379 2391 1541 2449 Sclauonie

277 2495 437 2553 Dalmacie
460 2502 489 2552 et
514 2496 641 2553 Croacie
666 2496 745 2554 bani.
769 2497 855 2566 Item,
879 2513 935 2556 nos
959 2499 1165 2555 communitas
1189 2497 1322 2555 civitatis
1337 2497 1451 2555 montis
1467 2496 1542 2555 Gre-

276 2603 395 2660 chensis
418 2601 449 2659 in
472 2609 578 2659 nostro
601 2602 738 2674 generali
762 2603 891 2660 oonsilio
915 2604 993 2660 inter
1017 2620 1072 2661 nos
1095 2621 1190 2678 super
1212 2605 1259 2662 his
1283 2609 1403 2662 mature
1426 2602 1543 2661 delibe-

276 2715 352 2778 rata,
374 2709 595 2779 constituimus,
621 2707 815 2766 decrevimus
838 2709 895 2766 tali
921 2710 1029 2768 modo:
1056 2710 1138 2784 quod
1157 2711 1229 2784 quia
1245 2711 1427 2784 Stephanus,
1443 2710 1543 2768 dictus

277 2814 378 2886 Virus,
403 2814 588 2872 castellanus
611 2814 650 2871 de
673 2819 773 2872 castro
798 2814 966 2873 Medueuar
981 2831 1017 2873 ac
1032 2817 1196 2899 Johannes,
1214 2816 1297 2874 filius
1315 2817 1447 2889 Martini,
1465 2818 1544 2875 vice-

276 2921 462 2978 castellanus
485 2921 523 2978 de
547 2921 629 2979 dicto
654 2927 763 2993 castr0,
787 2921 908 2980 decimo
932 2921 982 2978 die
1000 2928 1069 2996 post
1086 2921 1197 2980 festum
1222 2923 1391 2981 nativitatis
1413 2923 1543 2996 virginis

275 3028 418 3100 gloriose,
442 3027 611 3101 providum
634 3027 737 3084 virum
769 3027 930 3084 dominum
953 3027 1135 3109 Johannem,
1169 3028 1271 3086 filium
1299 3027 1445 3102 Stephani
1469 3029 1543 3088 dicti

278 3134 365 3194 Bozo.
387 3150 446 3208 pro
470 3141 541 3191 tunc
565 3133 698 3191 iudicem
722 3134 801 3191 dicte
832 3134 965 3191 civitatis
998 3150 1058 3190 una
1090 3149 1160 3192 cum
1194 3135 1263 3192 aliis
1290 3135 1428 3193 eiusdem
1452 3137 1543 3193 sociis

276 3241 454 3298 concivibus
478 3239 558 3297 dicte
581 3240 713 3297 civitatis
737 3238 896 3297 invitando
921 3239 1045 3297 eosdem
1069 3239 1108 3298 ad
1130 3257 1225 3298 unum
1242 3241 1407 3314 prandium
1422 3243 1462 3300 ari
1480 3243 1542 3301 dic·

277 3355 344 3404 tum
367 3353 511 3416 castrum,
535 3346 740 3403 assecurando
762 3343 888 3402 eosdem
904 3345 965 3403 fide
985 3347 1125 3420 ipsorum
1142 3347 1312 3420 mediante:
1336 3355 1366 3406 et
1389 3351 1544 3424 cumipse
1638 3372 1645 3384 ·

277 3452 369 3510 iudex
396 3468 458 3509 una
488 3467 559 3509 cum
589 3451 659 3509 aliis
688 3451 751 3508 suis
781 3451 871 3507 sociis
902 3449 942 3507 ad
973 3451 1072 3509 dictos
1104 3453 1240 3527 hospites
1271 3455 1483 3513 transivissent
1514 3463 1544 3514 et

276 3559 393 3616 dictum
418 3564 552 3615 castrum
577 3558 749 3626 intrassent,
765 3563 837 3614 tunc
853 3556 927 3614 dicti
944 3558 1129 3616 castellanus
1152 3565 1182 3616 et
1201 3561 1455 3620 vicecastellanus
1474 3579 1544 3638 pre·

278 3665 356 3722 latos
380 3664 513 3722 iudicem
537 3670 568 3721 et
587 3663 665 3721 alios
680 3679 752 3720 suos
768 3663 865 3719 socios
882 3662 1075 3736 hospitasset,
1093 3665 1326 3740 hospitatosque
1341 3669 1444 3726 statim
1461 3668 1544 3729 facto

276 3769 408 3846 prandio
431 3769 645 3844 captivassent,
670 3775 700 3826 et
721 3769 762 3826 ab
786 3767 897 3825 eodem
921 3767 1022 3826 iudice
1045 3771 1186 3844 sigillum
1210 3789 1301 3832 suum
1324 3781 1354 3834 et
1369 3775 1449 3835 dicte
1465 3778 1540 3836 civi·

277 3877 346 3934 tatis
369 3877 555 3949 recepissent
590 3891 625 3932 ac
648 3874 752 3932 omnia
775 3874 856 3931 bona
883 3873 1023 3946 ipsorum
1055 3877 1170 3934 civium
1201 3894 1258 3952 pro
1289 3887 1361 3939 tunc
1391 3899 1464 3956 erga
1487 3877 1543 3962 (se)

277 3984 382 4042 habita
404 3984 599 4057 recepissent,
624 3987 792 4055 captosque
815 3980 854 4037 ad
879 3981 1058 4039 tenebrosos
1082 3999 1219 4043 carceres
1239 3989 1411 4061 posuissent
1427 3998 1457 4048 et
1473 3997 1543 4049 octo

276 4089 386 4148 diebus
409 4089 560 4147 continuis
576 4090 607 4146 in
623 4087 712 4146 dictis
728 4087 904 4144 carceribus
920 4097 1101 4160 servassent,
1125 4091 1281 4164 prefatum
1306 4112 1379 4154 vero
1402 4097 1540 4172 sigillum

275 4202 400 4270 portare
423 4195 567 4253 fecissent
589 4211 645 4269 per
668 4195 737 4251 loca
759 4192 835 4266 ipsis
859 4206 995 4268 congrua
1009 4197 1081 4256 hinc
1105 4198 1184 4270 inde,
1201 4206 1231 4258 et
1247 4201 1379 4262 eundem
1402 4206 1541 4279 sigillum

276 4317 435 4374 nunquam
457 4301 578 4358 restitui
601 4305 758 4358 curassent
780 4302 810 4355 et
832 4312 889 4354 nec
905 4304 1126 4375 restituissent;
1150 4307 1220 4365 ideo
1243 4323 1299 4366 nos
1322 4310 1443 4384 prefata
1459 4327 1541 4370 com-

276 4409 409 4465 munitas
433 4407 589 4482 prefatum
621 4405 761 4478 sigillum
793 4403 1007 4470 commisimus
1038 4413 1103 4472 fore
1133 4416 1197 4474 suis
1220 4416 1340 4474 viribus
1364 4418 1541 4490 cariturum,

275 4529 311 4570 ac
333 4528 442 4571 omnes
465 4513 584 4570 litteras
608 4512 666 4570 sub
691 4510 800 4568 eodem
823 4507 928 4582 sigillo
960 4529 1116 4582 emanatas
1147 4530 1212 4582 tam
1235 4531 1304 4582 ame
1327 4525 1540 4598 recepcionem

275 4619 372 4693 ipsius
395 4619 500 4693 sigilli,
524 4635 619 4694 <luam
641 4618 842 4694 POStmOdum
874 4631 933 4691 sub
963 4633 1211 4706 quibuscumque
1235 4632 1313 4690 datis
1337 4638 1437 4690 essent
1460 4649 1542 4690 ema-

276 4731 353 4796 nate,
378 4727 476 4784 immo
500 4729 625 4786 omniuo
648 4745 831 4792 revocamus
850 4735 986 4809 prefatas
1001 4737 1119 4796 litteras
1134 4737 1192 4794 sub
1208 4737 1318 4796 eodem
1334 4738 1439 4811 sigillo
1455 4739 1540 4796 latas.

363 4881 385 4930 Ε
405 4881 503 4932 tabulis
521 4881 670 4936 iudiciariis
689 4885 738 4936 civ.
758 4889 854 4940 montis
874 4890 1039 4951 Grechensis,
1059 4889 1166 4942 ibidem.
