3824 5806
667 597 1088 675 Mm-Mw·
1448 615 1507 676 m

252 795 385 852 sabbato
408 795 553 868 proximo
576 799 647 868 post
670 793 784 852 festum
808 793 1030 865 Penthecosles,
1054 811 1135 852 nunc
1157 796 1300 869 proxime
1325 797 1515 870 preteritum,

251 900 289 958 ad
323 900 417 957 facies
446 899 607 958 cuiusdam
636 899 789 975 particule
817 905 898 956 terre
929 899 1121 972 prefatorum
1153 901 1261 959 iudicis
1292 909 1322 960 et
1344 902 1514 960 iuratorum

252 1023 288 1064 ac
319 1007 434 1065 civium
464 1005 545 1063 dicte
575 1005 709 1064 civitatis
741 1005 849 1064 vicinis
879 1011 909 1062 et
936 1007 1155 1064 commetaneis
1178 1007 1241 1064 suis
1264 1009 1416 1066 universis
1440 1007 1513 1065 inibi

253 1113 390 1186 legitime
414 1113 589 1171 convocatis
613 1119 642 1170 et
665 1112 860 1186 presentibus
883 1113 1088 1184 accessissent,
1111 1113 1274 1186 ipsamque
1293 1119 1407 1171 terram
1431 1114 1515 1170 iuxta

251 1219 548 1277 demonstracionem
573 1217 766 1292 prefatorum
792 1217 901 1276 iudicis
924 1222 954 1276 et
977 1219 1149 1276 iuratorum
1171 1234 1189 1276 a
1212 1226 1299 1292 parte
1316 1219 1516 1294 possessionis

252 1325 405 1398 Gregorii,
429 1323 555 1398 Georgii
579 1331 609 1382 et
634 1325 722 1396 Petri,
740 1323 878 1382 filiorum
902 1324 1024 1381 Martini
1041 1323 1079 1381 de
1095 1325 1220 1396 Oresya,
1244 1340 1279 1382 ac
1300 1324 1395 1396 Pauli,
1412 1324 1515 1382 Leuak

252 1432 325 1490 dicti
350 1439 379 1489 et
403 1433 495 1499 lwan
521 1430 579 1489 filii
608 1430 773 1503 Sugouich,
806 1431 865 1487 hoc
888 1429 995 1487 ordine
1019 1430 1279 1489 reambulassent:
1302 1429 1386 1503 quod
1410 1431 1513 1503 primo

252 1539 434 1611 incepissent
454 1536 623 1610 aquodam
640 1535 753 1606 mlaka‚
771 1537 976 1608 Margaretina
1002 1534 1106 1593 mlaka
1122 1542 1305 1610 nuncupata,
1322 1535 1432 1594 deinde
1449 1551 1515 1594 ver-

253 1642 344 1701 tendo
366 1643 404 1701 ad
429 1643 557 1718 plagam
588 1643 769 1701 orientalem
803 1658 858 1715 per
888 1656 1039 1714 magnum
1062 1641 1201 1714 spacium
1224 1640 1325 1698 eundo
1348 1641 1379 1698 in
1402 1640 1511 1698 eadem

253 1750 458 1822 Margaretina
487 1748 591 1806 mlaka
614 1747 653 1805 ad
677 1748 782 1805 locum
805 1747 859 1820 qui
882 1746 994 1804 dicitur
1025 1747 1149 1819 Kluchy
1175 1746 1213 1804 ad
1250 1763 1343 1805 unam
1366 1747 1511 1804 arborem

169 1911 172 1916 .
254 1856 354 1928 topoli
390 1860 540 1926 vocatam,
575 1855 687 1912 abhinc
718 1853 757 1910 ad
793 1853 920 1927 plagam
954 1851 1189 1910 meridionalem
1221 1853 1250 1910 in
1283 1868 1381 1927 parvo
1411 1854 1516 1928 spacio

252 1961 353 2018 eundo
379 1962 590 2036 pervenissent
613 1959 652 2018 ad
675 1975 769 2017 unam
794 1959 939 2016 arborem
962 1958 1037 2030 glog
1060 1963 1202 2016 vocatam
1226 1964 1256 2016 et
1278 1958 1390 2016 deinde
1407 1960 1515 2017 intras·

253 2073 319 2124 sent
343 2068 373 2125 in
397 2066 553 2140 quandam
577 2065 732 2136 mlakam;
755 2071 785 2122 et
808 2081 879 2122 cum
902 2065 934 2122 in
956 2065 1105 2139 predictis
1128 2065 1205 2122 locis
1228 2071 1326 2123 metas
1349 2066 1467 2139 erigere
1486 2074 1516 2123 et

254 2173 369 2231 eisdem
395 2172 488 2231 iudici
511 2179 541 2230 et
564 2173 671 2230 iuratis
695 2187 731 2229 ac
754 2172 875 2230 civibus
898 2169 979 2228 dicte
998 2171 1132 2229 civitatis
1148 2171 1322 2244 relinquere
1338 2173 1516 2240 voluissent,

254 2285 325 2336 tunc
348 2279 553 2353 prenominati
578 2277 755 2350 Gregorius,
779 2276 932 2350 Georgius
955 2281 984 2334 et
1008 2277 1124 2348 Petrus,
1154 2276 1212 2335 filii
1236 2278 1359 2336 Martini
1382 2279 1412 2335 in
1433 2279 1514 2352 ipso·

253 2401 321 2442 rum
346 2400 382 2442 ac
413 2385 567 2442 dictorum
593 2383 680 2441 Pauli
703 2388 733 2440 et
756 2383 838 2440 lwan
863 2383 1002 2456 personis
1026 2382 1202 2441 huiusmodi
1226 2384 1436 2442 ereccionibus
1452 2399 1515 2441 me·

252 2497 352 2548 tarum
385 2491 539 2547 velamine
569 2488 823 2547 contradiccionis
853 2488 1038 2558 obviassent,
1070 2503 1148 2562 quos
1177 2489 1293 2546 scilicet
1320 2488 1515 2562 Gregorium,

253 2596 432 2666 Georgium,
457 2596 590 2666 Petrum,
616 2595 746 2652 Paulum
770 2599 801 2652 et
824 2594 907 2651 lwan
931 2593 982 2651 die
1005 2601 1034 2651 et
1058 2595 1127 2651 loeo
1144 2595 1173 2652 in
1190 2594 1306 2652 eisdem
1323 2600 1428 2653 contra
1444 2609 1516 2652 ano-

254 2707 332 2760 talos
365 2702 508 2772 iudicem,
540 2702 655 2759 iuratos
681 2706 712 2758 et
733 2701 894 2758 universos
918 2700 1001 2756 cives
1024 2699 1104 2757 dicte
1127 2699 1260 2757 civitatis
1283 2699 1321 2756 ad
1346 2699 1516 2772 quindenas

253 2809 384 2882 predicti
415 2809 537 2866 sabbati
569 2823 650 2864 nunc
681 2811 834 2872 venturas,
864 2812 999 2864 vestram
1033 2806 1176 2863 citassent
1199 2805 1229 2862 in
1254 2807 1444 2878 presenciam
1468 2821 1516 2862 ra·

253 2916 372 2974 cionem
396 2913 650 2972 contradiccionis
673 2928 780 2970 eorum
804 2911 989 2970 reddituros,
1013 2912 1128 2968 Datum
1153 2910 1229 2968 teria
1249 2912 1355 2984 quinta
1372 2912 1515 2986 proxima

253 3029 323 3095 post
347 3021 459 3078 festum
484 3026 587 3078 sancte
610 3019 777 3077 Trinitatis.
793 3013 890 3076 Anno
906 3017 1022 3074 domini
1049 3017 1158 3073 MCCC
1181 3017 1380 3088 nonagesimo
1401 3018 1516 3090 quinto.

342 3155 483 3222 Originale
503 3155 528 3204 in
548 3155 646 3212 charla,
668 3169 682 3203 a
703 3159 778 3218 tergo
807 3152 948 3218 vestigium
976 3151 1060 3217 sigilli
1089 3151 1251 3216 capitularis.
1283 3151 1312 3200 In
1341 3152 1439 3202 archiv.
1469 3153 1515 3202 lib.

253 3261 307 3310 reg.
327 3245 377 3294 civ.
398 3244 502 3308 zagrab.

845 3438 931 3508 377.

357 3557 434 3650 inm
459 3607 530 3661 1395,
553 3597 691 3664 10.Junii.
711 3596 865 3664 Zagrabiae.

259 3725 422 3798 Capitulum
444 3725 561 3799 zagrab.
592 3727 744 3783 nonrmllos
767 3733 944 3800 possessores
973 3726 1007 3784 dc
1039 3725 1122 3786 Odra
1153 3729 1183 3786 in
1214 3729 1407 3787 controversia
1430 3737 1516 3788 aneta·

372 3851 437 3890 rum
459 3833 535 3890 mter
554 3833 628 3906 ipsos
650 3840 680 3890 et
699 3835 774 3890 τίπτε
803 3833 986 3903 Grcclcenses,
1009 3834 1052 3890 ad
1071 3836 1205 3892 amieriam
1228 3836 1299 3893 bani
1318 3838 1394 3894 citat.

341 3993 505 4066 Magnifica
540 3995 608 4051 viro
642 3993 769 4051 domino
804 3995 928 4053 Detrico
964 3995 1077 4066 Bubeh
1114 3998 1200 4070 regni
1231 3997 1394 4058 Sclauonie
1425 4003 1515 4074 bano,

252 4101 353 4157 amico
389 4115 496 4157 eorum
530 4099 718 4169 honorando,
749 4101 921 4175 capitulum
953 4102 1079 4159 ecclesie
1108 4105 1315 4176 zagrabiensis
1346 4107 1518 4165 amiciciam

253 4211 394 4278 paratam
423 4221 494 4262 cum
526 4205 649 4263 honore.
681 4205 809 4264 Noverit
838 4213 941 4264 vestra
971 4209 1212 4280 magnificencia,
1244 4211 1328 4284 quod
1359 4229 1431 4270 cum
1462 4229 1517 4271 nos

252 4311 339 4367 iuxta
362 4311 566 4368 continencias
587 4311 760 4369 litterarum
785 4313 971 4370 serenissimi
995 4314 1143 4388 principis
1174 4315 1292 4374 domini
1319 4315 1517 4390 Sigismundi,

252 4415 302 4474 dei
325 4417 428 4488 gracia
453 4416 655 4475 illustrissimi
678 4418 760 4490 regis
792 4419 956 4491 ilungarie,
988 4419 1156 4493 Dalmacie,
1188 4421 1315 4480 Croacie
1349 4431 1413 4495 etc,
1436 4439 1517 4480 mar·-

252 4523 372 4580 chionis
390 4522 705 4595 Brandemburgensis
722 4529 787 4594 etc,
803 4524 920 4582 domini
936 4527 1032 4584 nostri
1049 4528 1206 4597 naturalis,
1222 4545 1278 4586 suo
1291 4530 1400 4588 maiori
1413 4531 1518 4603 sigillo

252 4629 463 4700 sigillatarum
486 4645 521 4685 ac
536 4628 848 4687 reambulatoriarum
867 4647 924 4705 pro
940 4631 1048 4704 iudice,
1065 4634 1172 4692 iuratis
1188 4641 1217 4692 et
1233 4636 1384 4694 universis
1396 4637 1517 4695 civibus

252 4733 385 4790 civitatis
408 4735 522 4791 montis
545 4734 728 4792 Grechensis
751 4743 963 4794 emanatarum
986 4738 1138 4812 nobisque
1163 4739 1359 4812 directarum,
1384 4757 1516 4799 unacum

254 4838 422 4910 Stephano,
446 4837 512 4896 filio
536 4839 668 4911 Chernlr,
692 4841 816 4898 homine
843 4843 936 4915 regio,
960 4844 990 4900 in
1014 4843 1104 4901 dictis
1132 4845 1242 4902 litteris
1267 4847 1517 4905 reambulatoriis

253 4945 331 5000 inter
350 4945 427 5002 alios
448 4947 586 5003 homines
603 4947 703 5017 regios
715 4948 905 5021 conscriptos
921 4965 1065 5022 expresse
1077 4951 1243 5020 nominato,
1259 4959 1400 5010 nostrum
1418 4955 1517 5011 homi-

252 5065 323 5108 nem
348 5050 489 5108 videlicet
504 5052 718 5109 honorabilem
731 5059 761 5108 et
773 5052 941 5110 discretum
955 5055 1066 5126 virum,
1079 5055 1240 5114 dominum
1252 5057 1424 5140 Johannem
1439 5059 1515 5116 Lan·

1399 5174 1413 5206 ᾳ
