3782 5812
398 538 434 596 18
824 536 897 593 Doc.
923 531 972 593 18.
999 569 1035 577 -
1062 535 1117 594 An.
1143 548 1230 613 1242.

392 734 548 792 dionalem
585 735 725 792 metatim
757 733 796 791 ad
827 735 972 792 arborem
1002 739 1176 792 castaneam
1207 735 1292 792 iuxta
1321 749 1415 808 quarn
1446 738 1492 791 est
1523 749 1600 790 crux
1634 738 1666 789 et

393 841 479 898 iuxta
504 855 572 897 eam
597 845 641 898 est
665 846 747 898 meta
770 845 887 910 terrea;
910 839 1021 899 deinde
1041 839 1198 898 descendit
1221 839 1258 898 ad
1284 845 1377 914 caput
1400 839 1502 912 fontis,
1519 841 1573 912 qui
1589 839 1667 897 Chi-

394 947 497 1003 cheria
522 945 641 1015 dicitur,
666 947 719 1018 qui
743 945 811 1004 fons
835 945 947 1004 dividit
970 952 1085 1004 terram
1116 945 1218 1003 Endre
1248 961 1266 1003 a
1297 950 1379 1004 terra
1400 944 1604 1019 prepredicta,
1630 952 1663 1001 et

395 1053 439 1108 sic
462 1051 676 1110 descendendo
699 1069 756 1126 per
779 1053 911 1110 eundern
935 1052 1061 1111 divertit
1084 1053 1314 1126 aliquantulum
1338 1067 1447 1109 versus
1469 1050 1663 1109 occidentem

393 1157 432 1214 ad
457 1163 604 1220 montem.
629 1164 659 1215 et
682 1159 726 1216 ibi
757 1165 803 1216 est
832 1160 927 1216 arbor
957 1163 1097 1216 castanea
1128 1159 1346 1231 crucesignata,
1377 1159 1463 1216 iuxta
1498 1172 1591 1230 quam
1615 1163 1663 1214 est

391 1269 473 1322 meta
498 1271 607 1336 terrea,
631 1264 742 1322 deinde
765 1264 804 1322 ad
828 1280 975 1323 cacumen
999 1265 1113 1322 montis
1137 1266 1274 1324 eiusdem
1299 1265 1440 1339 procedit
1465 1279 1574 1322 versus
1596 1279 1662 1321 me·

391 1370 502 1428 ridiem
528 1370 696 1428 dividendo
720 1377 836 1428 terram
859 1371 987 1428 ecclesie
1018 1371 1241 1443 zagrabiensis;
1273 1370 1384 1428 deinde
1412 1387 1469 1444 per
1491 1371 1593 1443 girum
1618 1369 1661 1426 ad

391 1476 580 1534 occidentem
604 1477 833 1549 aliquantulum
857 1476 1022 1535 divertitur
1044 1483 1074 1534 et
1097 1478 1141 1535 ibi
1156 1478 1266 1534 transit
1285 1478 1433 1544 rivulum,
1450 1477 1502 1549 qui
1526 1482 1657 1534 vocatur

391 1581 524 1639 Neznich
546 1582 669 1656 potolra,
693 1589 723 1640 et
738 1583 810 1640 inde
829 1583 1021 1640 ascendendo
1037 1585 1180 1658 superius
1195 1583 1234 1640 de
1250 1589 1331 1640 terra
1350 1583 1451 1640 Endre
1468 1599 1525 1656 per
1540 1583 1658 1639 vallem

391 1686 430 1745 ad
454 1688 602 1745 verticem
625 1689 716 1745 unius
739 1689 860 1760 montis,
885 1690 929 1746 ibi
952 1694 998 1746 est
1027 1694 1118 1760 meta,
1149 1689 1221 1746 hinc
1253 1687 1428 1762 separando
1465 1703 1522 1762 per
1544 1694 1666 1744 veteres

392 1801 490 1852 metas
513 1799 627 1851 terram
651 1793 788 1866 Gremla‚
813 1794 970 1854 descendit
993 1795 1030 1852 ad
1053 1795 1198 1852 arborem
1223 1811 1283 1868 que
1306 1799 1438 1852 vocatur
1463 1795 1540 1864 ihor,
1563 1799 1593 1851 et
1615 1794 1661 1850 ibi

392 1905 437 1957 est
461 1905 551 1970 meta,
575 1905 604 1958 et
635 1899 717 1957 cadit
748 1901 777 1957 in
810 1901 902 1967 viam,
935 1917 995 1973 que
1025 1901 1088 1958 exit
1117 1901 1155 1958 de
1185 1901 1263 1958 villa
1297 1899 1435 1971 Gremla‚
1467 1899 1577 1958 deinde
1599 1915 1658 1973 per

393 2006 522 2064 eandem
554 2021 663 2063 versus
693 2006 857 2064 meridiem
890 2007 1029 2080 procedit
1059 2006 1099 2063 ad
1131 2022 1277 2080 campum
1309 2005 1347 2063 ad
1379 2012 1495 2063 metam
1520 2012 1657 2062 terream

394 2112 465 2170 inde
489 2112 718 2184 aliquantulum
742 2112 869 2170 divertit
892 2113 930 2169 ad
955 2114 1111 2170 sinistram
1136 2113 1299 2186 perviam
1323 2119 1352 2170 et
1378 2113 1519 2186 pervenit
1547 2111 1585 2168 ad
1610 2127 1666 2184 pa-

396 2218 493 2288 ludes,
517 2234 577 2292 que
601 2218 705 2276 Mlaka
721 2218 873 2288 dicuutur,
897 2220 941 2276 ibi
965 2224 1010 2276 est
1033 2225 1116 2276 meta
1139 2220 1226 2276 iuxta
1251 2209 1381 2277 eahdem
1408 2218 1555 2278 Mlalram.
1578 2235 1597 2275 a
1619 2220 1660 2274 si·

394 2326 490 2382 nistra
513 2329 602 2398 parte
626 2323 711 2381 vadit
735 2324 773 2381 ad
805 2326 950 2382 arborem
982 2327 1076 2390 nucis,
1108 2326 1152 2382 ibi
1183 2333 1228 2382 est
1259 2333 1349 2394 meta,
1381 2324 1491 2382 deinde
1519 2323 1558 2381 ad
1582 2339 1665 2381 sam-

396 2431 520 2490 bucum.
542 2431 601 2488 sub
624 2446 685 2502 qua
709 2437 753 2488 est
775 2437 857 2488 meta
880 2437 988 2502 terrea,
1012 2431 1123 2488 dehinc
1146 2432 1285 2488 metatim
1309 2430 1449 2504 procedit
1473 2439 1502 2486 et
1526 2429 1607 2487 cadit
1632 2431 1665 2486 in

395 2533 527 2593 ssuvium
551 2534 649 2606 lawe,
673 2535 744 2593 inde
774 2536 813 2593 ad
843 2544 959 2593 metam
991 2537 1128 2610 priorem
1159 2535 1317 2594 descendit
1348 2543 1377 2593 et
1405 2537 1448 2593 sic
1472 2537 1664 2593 terminatur.

398 2639 439 2700 Ut
463 2641 557 2714 igitur
580 2640 662 2698 dicta
685 2641 838 2698 ordinatio
861 2648 966 2699 nostra
988 2649 1018 2698 et
1041 2641 1195 2699 dictorum
1227 2642 1355 2700 libertas
1388 2642 1545 2714 hospitum
1569 2640 1664 2697 firma

396 2753 425 2804 et
449 2748 641 2806 inviolabilis
664 2755 816 2821 perpetuo
836 2755 1013 2822 perseveret
1029 2763 1156 2822 presens
1171 2749 1214 2806 eis
1231 2748 1432 2821 privilegium
1456 2747 1664 2804 concessimus

398 2869 491 2912 auree
514 2853 602 2910 bulle
625 2860 729 2911 nostre
745 2855 917 2911 munimine
933 2861 1084 2927 perpetuo
1102 2854 1326 2912 confirmantes.
1353 2853 1469 2911 Datum
1492 2851 1576 2926 apud
1595 2851 1668 2908 We-

397 2961 510 3018 reuzha
534 2975 591 3034 per
614 2975 723 3016 manus
748 2960 888 3032 magistri
920 2958 1077 3017 Benedicti
1106 2961 1256 3034 prepositi
1286 2959 1433 3029 albensis,
1463 2958 1533 3016 aule
1561 2964 1666 3016 nostre

396 3066 582 3136 cancellarii,
607 3066 696 3123 electi
720 3066 750 3122 in
774 3066 1042 3138 archiepiscopum
1059 3067 1261 3135 colocensem,
1280 3065 1498 3122 Bartholomeo
1514 3065 1666 3136 quinque·

397 3173 581 3241 ecclesiensi‚
598 3171 687 3229 Cleto
704 3173 844 3243 agriensi,
862 3171 1018 3245 Stephano
1035 3173 1233 3246 zagrabiensi,
1252 3171 1470 3229 Bartholomeo
1493 3163 1668 3248 (nitriensi),

397 3278 501 3337 Blasio
526 3277 730 3348 chenadiensi,
753 3279 915 3351 episcopis,
947 3277 1110 3336 Benedicto
1133 3277 1316 3335 waradiensi
1340 3284 1369 3335 et
1393 3278 1549 3351 postulato
1572 3274 1669 3352 jeuri·

402 3386 476 3455 ensi,
501 3383 657 3458 Stephano
680 3384 824 3442 waciensi
847 3389 876 3440 et
899 3385 1057 3457 postulato
1080 3385 1110 3441 in
1134 3385 1404 3457 archiepiscopum
1420 3384 1668 3455 strigoniensem,

399 3492 544 3548 ecclesias
568 3490 618 3548 dei
641 3491 892 3562 gubernantibus
916 3490 1039 3547 Dilecto
1070 3495 1200 3563 cognato
1231 3497 1337 3548 nostro
1366 3490 1505 3572 johanne
1537 3487 1671 3560 Angelm

400 3595 526 3654 domino
551 3593 672 3666 Syrrnie
696 3603 725 3652 et
748 3595 860 3652 comite
884 3596 1050 3667 bachiensi,
1073 3595 1218 3652 Ladislao
1241 3597 1389 3670 palatin0,
1414 3595 1536 3651 Matheo
1553 3601 1666 3650 tawar·

400 3703 540 3759 uicorum
565 3708 594 3758 et
617 3702 729 3758 comite
753 3694 978 3779 (soprolniensi,
1001 3702 1143 3759 Rolando
1167 3700 1382 3774 dapiferorum
1397 3711 1426 3758 et
1442 3699 1555 3757 comite
1578 3699 1667 3756 nitri-

399 3809 473 3878 ensi,
497 3808 646 3865 Mauricio
678 3809 904 3881 pincernarum,
936 3807 1091 3881 Stephano
1122 3823 1291 3880 agasonum
1324 3807 1490 3880 magistris,
1523 3804 1667 3864 Arnoldo

399 3915 587 3986 symigiensi,
612 3914 710 3971 Paulo
733 3915 852 3970 albensi
885 3915 1082 3986 magistratus
1111 3922 1141 3972 et
1173 3916 1336 3972 comitatus
1368 3913 1550 3971 tenentibus.
1574 3913 1667 3969 Anno

399 4020 440 4077 ab
463 4021 670 4077 incarnatione
695 4019 812 4076 domini
835 4020 1003 4076 millesimo
1027 4021 1236 4077 ducentesimo
1260 4020 1499 4092 quadragesimo
1523 4015 1669 4075 secundo

401 4125 610 4183 sextodecimo
634 4125 781 4183 kalendas
805 4125 986 4182 decembris
1010 4125 1108 4198 Regni
1132 4127 1228 4182 nostri
1252 4141 1332 4184 anno
1356 4133 1473 4183 octavo.

492 4278 632 4344 Originale
651 4279 678 4328 in
697 4279 854 4327 membrana.
875 4277 952 4326 Bulla
970 4293 1050 4327 aurea
1070 4294 1084 4326 e
1103 4293 1196 4326 croceo
1216 4277 1301 4326 serico
1324 4279 1427 4341 pendet,
1447 4277 1474 4326 in
1494 4291 1546 4340 qua
1566 4276 1670 4339 sculpta

401 4374 439 4418 est
458 4367 547 4433 imago
566 4367 638 4432 regis
658 4367 684 4415 in
698 4368 793 4416 throno
812 4367 933 4423 sedentis,
953 4366 979 4416 in
999 4381 1076 4416 manu
1097 4368 1206 4415 dextera
1224 4371 1341 4430 sceptum
1362 4365 1388 4413 in
1407 4364 1514 4414 sinistra
1535 4378 1596 4412 vero
1612 4364 1670 4427 glo·

401 4458 464 4507 bum
481 4455 599 4513 tenentis,
614 4462 639 4505 et
653 4456 751 4505 circum
765 4455 904 4518 inscriptio
923 4455 1021 4505 litteris
1034 4454 1199 4504 maiusculis:
1211 4451 1247 4522 ἧι
1260 4443 1410 4502 butelli
1431 4443 1664 4502 uun-Hunos

401 4533 718 4596 omitit-enorme
739 4525 915 4595 anison
936 4531 1462 4596 unum-LontJir-rvnrn‘rnrrmr·
1486 4539 1516 4590 In
1535 4545 1611 4604 parte
1624 4553 1670 4603 po-

402 4634 467 4684 stica
486 4639 589 4682 scutum
608 4632 771 4697 triangulare
791 4633 926 4682 invenitur
945 4633 1080 4697 duplicata
1104 4647 1180 4681 cruce
1203 4629 1358 4696 insignitum
1387 4645 1418 4679 ac
1437 4629 1485 4678 hac
1504 4643 1610 4692 quoque
1632 4628 1670 4682 in,

402 4723 560 4788 scriptione:
585 4719 819 4790 ›ia-SlGlLLVM.
841 4715 1666 4782 QVARTI·BELEvSECVNDI·ANDREEREGIS-FILII.

405 4841 436 4851 —
456 4812 487 4862 In
505 4810 614 4860 archivo
638 4810 684 4859 lib.
706 4826 760 4876 reg.
787 4811 902 4859 civitatis
925 4809 1110 4874 zagrabiensis.
1135 4839 1166 4847 —
1192 4809 1275 4872 Fejer.
1296 4809 1360 4856 sod.
1380 4807 1446 4871 dipl.
1467 4813 1484 4856 t.
1505 4805 1550 4855 IV.
1572 4805 1590 4854 1.
1612 4805 1670 4862 558.

402 4899 555 4951 Endlicher.
576 4897 645 4948 Mon.
665 4900 764 4962 Arpad.
784 4909 843 4959 451.
862 4899 936 4963 Joan.
957 4897 1124 4962 Kukuljevic'.
1144 4897 1210 4962 Jura
1229 4911 1301 4962 regn.
1322 4895 1394 4946 CSD.
1415 4895 1434 4945 1.
1454 4910 1479 4959 p.
1499 4895 1540 4944 62.
