3824 5806
690 553 764 610 Doc.
787 565 856 630 412.
883 585 919 594 -
937 551 994 609 An.
1018 547 1109 628 1398.
1472 569 1532 630 397

267 754 375 813 derent
396 769 586 812 conservare.
611 753 649 810 Et
671 751 789 811 ibidem
813 751 952 826 prefatus
975 751 1138 810 Ladislaus
1161 751 1240 810 dixit
1262 753 1325 810 alta
1348 765 1431 822 voce,
1450 750 1534 825 quod

267 862 372 920 omnia
394 861 531 934 dampna
553 860 630 935 ipsis
653 875 709 934 per
731 859 830 917 dictos
853 858 931 916 duos
961 857 1096 916 famulos
1125 859 1213 916 illata
1241 859 1336 916 vellet
1366 858 1534 928 resarciari,

266 983 325 1042 pro
358 967 479 1041 prefato
513 971 618 1024 autem
644 966 726 1024 bove
756 965 923 1040 spopondit
954 971 1115 1024 annotatus
1147 965 1309 1022 Ladislaus
1343 965 1398 1022 tali
1422 964 1534 1022 modo:

271 1074 354 1148 quod
378 1073 507 1147 quidam
529 1073 684 1157 Johannes
708 1077 936 1130 sacramentum
966 1073 1121 1148 deponere
1148 1072 1268 1143 debeat,
1293 1071 1376 1146 quod
1401 1072 1430 1128 in
1454 1070 1536 1128 facto

269 1178 407 1237 eiusdem
443 1180 534 1238 bovis
564 1178 640 1236 dicti
663 1179 823 1236 Michaelis
850 1179 977 1236 sartoris
1007 1180 1152 1237 innocens
1179 1179 1218 1236 sit
1252 1185 1282 1235 et
1316 1177 1472 1240 immunis,
1507 1181 1536 1233 et

269 1285 353 1358 quod
377 1284 416 1342 de
439 1284 583 1343 carnibus
605 1284 669 1341 suis
691 1297 752 1341 non
775 1283 984 1356 manducavit,
1017 1286 1072 1343 ubi
1103 1290 1207 1342 autem
1238 1299 1299 1341 non
1330 1285 1452 1354 iuraret,
1485 1298 1536 1339 ex·

269 1397 342 1448 tunc
373 1404 431 1464 pro
461 1389 572 1448 eodem
602 1390 684 1447 bove
714 1390 858 1448 similiter
896 1390 1072 1449 satisfacere
1095 1391 1222 1449 deberet
1253 1390 1395 1447 Michaeli
1425 1389 1537 1447 sartori

271 1503 450 1570 prenotato;
487 1496 561 1554 dicti
584 1501 688 1553 autem
711 1495 773 1553 duo
796 1497 868 1570 equi
898 1497 973 1570 ipsis
1004 1497 1124 1555 civibus
1154 1496 1278 1554 fuerunt
1308 1497 1339 1554 in
1366 1496 1468 1569 specie
1490 1511 1537 1552 re-

270 1604 375 1661 stituti.
399 1603 560 1676 obligavit
579 1603 678 1660 eciam
700 1619 733 1659 se
755 1603 823 1676 ipse
839 1602 1000 1660 ladislaus
1015 1609 1046 1661 et
1061 1609 1157 1661 totam
1182 1603 1335 1660 familiam
1360 1608 1423 1660 tarn
1448 1617 1535 1659 suam

271 1725 366 1782 quarn
391 1709 488 1767 eciam
512 1708 587 1766 dicti
609 1709 757 1792 Johannis
782 1709 856 1766 socii
880 1709 935 1780 sui,
960 1708 1045 1782 quod
1068 1710 1093 1766 si
1116 1709 1246 1766 ulterius
1269 1707 1381 1782 prefati
1405 1707 1467 1765 duo
1493 1706 1537 1764 fa-

272 1816 411 1873 miliares
434 1815 485 1872 vel
508 1815 621 1888 aliquis
644 1831 682 1872 ex
705 1815 845 1888 ipsismet
860 1815 979 1888 aliquid
995 1815 1124 1888 dampni
1141 1814 1247 1872 iecerit
1264 1815 1384 1872 civibus
1400 1813 1536 1887 prefatis,

273 1931 385 1979 extunc
409 1922 439 1978 in
462 1921 624 1978 latrocinio
645 1937 725 1978 nunc
747 1922 900 1995 premisso
924 1921 1071 1978 deberent
1098 1937 1265 1978 remanere.
1292 1921 1534 1994 Assumpserunt

273 2028 491 2085 nichilominus
517 2028 657 2100 magistri
680 2027 824 2085 Nicolaus
847 2027 885 2084 de
901 2019 1104 2106 Szentpeta(r)
1127 2042 1163 2085 ac
1185 2026 1316 2084 Michael
1340 2027 1379 2083 de
1424 2071 1430 2084 .
1477 2071 1483 2082 .
1530 2071 1535 2082 .

273 2179 279 2190 .
324 2179 330 2192 .
378 2134 574 2191 vicecomites
606 2133 679 2190 dicti
709 2134 873 2190 comitatus
896 2133 1014 2191 ibidem
1037 2133 1242 2207 personaliter
1276 2139 1408 2190 astantes
1432 2147 1536 2189 coram

272 2241 372 2309 nobis,
409 2238 493 2312 quod
525 2239 785 2312 quandocumque
822 2240 935 2312 aliquis
967 2256 1005 2296 ex
1040 2240 1115 2313 ipsis
1147 2239 1389 2297 vicecastellanis
1420 2239 1470 2294 vel
1502 2237 1540 2294 de

273 2361 380 2403 eorum
413 2345 533 2404 familia
563 2347 699 2420 cuipiam
730 2363 768 2404 ex
799 2346 888 2404 dictis
920 2339 1066 2424 (civibus)
1097 2347 1216 2420 aliquid
1249 2345 1377 2420 dampni
1406 2344 1540 2414 iecerint,

273 2457 325 2508 aut
348 2453 373 2508 si
399 2451 512 2526 prefati
535 2451 597 2510 duo
620 2453 769 2523 homines,
793 2459 868 2528 puta
899 2452 929 2509 in
953 2452 1114 2510 latrocinio
1147 2452 1271 2524 inventi,
1303 2452 1395 2509 alicui
1424 2452 1541 2510 civium

274 2557 486 2631 predictorum
509 2559 562 2616 vel
585 2561 682 2617 eciam
706 2559 865 2633 hospitum
896 2558 976 2617 dicte
1007 2559 1141 2616 civitatis
1172 2573 1369 2632 quocumque
1400 2565 1541 2632 tempore

275 2663 383 2721 minati
407 2663 527 2736 suerint,
554 2671 665 2724 extunc
688 2666 851 2723 memorati
872 2665 934 2723 duo
951 2665 1091 2722 homines
1114 2681 1166 2722 seu
1192 2665 1380 2738 quicumque
1403 2681 1441 2722 cx
1466 2665 1541 2738 ipsis

275 2771 304 2827 in
328 2771 506 2828 huiusmodi
530 2771 684 2830 maleficio
708 2771 899 2845 deprehendi
922 2772 1044 2845 poterit,
1069 2772 1101 2828 in
1124 2770 1260 2829 facinore
1283 2771 1423 2844 predicto
1439 2787 1540 2828 rema-

276 2877 375 2946 nebit;
400 2877 430 2934 in
454 2893 525 2934 casu
549 2893 633 2950 vero,
657 2893 719 2951 quo
742 2878 820 2935 tales
843 2879 914 2951 capi
936 2893 989 2934 seu
1013 2877 1203 2952 deprehendi
1224 2893 1284 2934 uon
1304 2877 1445 2951 poterint,
1471 2884 1542 2934 tunc

275 2984 340 3041 sine
372 3001 480 3042 recusa
517 2985 576 3058 ipsi
613 2985 809 3043 vicecomites
844 3001 902 3059 pro
930 2983 1045 3041 eisdem
1084 2984 1202 3041 vellent
1245 2985 1383 3058 plenarie
1417 2998 1542 3058 respon-

276 3088 349 3147 dere
383 3098 413 3147 et
435 3105 576 3148 excessus
607 3106 715 3148 eorum
746 3091 872 3149 omnino
902 3091 1068 3148 sublevare
1099 3097 1128 3147 et
1160 3090 1278 3148 iusticie
1309 3096 1408 3148 astare
1437 3105 1543 3148 coram

276 3197 376 3254 nobis.
419 3197 453 3254 In
484 3212 618 3270 quorum
648 3199 789 3255 omnium
819 3197 1041 3272 premissorum
1076 3197 1287 3254 testimonium
1324 3197 1406 3255 idem
1441 3196 1542 3267 iudex,

277 3302 370 3360 iurati
397 3309 428 3359 et
457 3303 541 3360 cives
572 3302 653 3360 dicte
687 3304 820 3361 civitatis
843 3303 962 3361 litteras
993 3319 1011 3361 a
1042 3303 1132 3360 nobis
1155 3303 1215 3361 sibi
1247 3302 1314 3360 dari
1337 3303 1541 3377 postularunt,

276 3424 352 3481 quas
375 3408 492 3466 eisdem
515 3410 722 3466 concessimus
745 3410 902 3467 communi
926 3409 1047 3467 iusticia
1069 3409 1223 3466 suadente.
1251 3409 1367 3466 Datum
1384 3408 1542 3480 Zagrabie,

278 3513 354 3571 seria
377 3515 471 3572 tercia
502 3515 646 3588 proxima
675 3520 744 3572 ante
775 3515 889 3573 festum
920 3515 1111 3572 ascensionis·
1135 3513 1260 3571 domini.
1292 3517 1380 3570 Anno
1404 3513 1542 3571 eiusdem

279 3619 447 3677 millesimo
470 3619 548 3678 CCC
570 3621 770 3694 nonagesimo
795 3627 913 3679 octavu.

367 3755 507 3821 Originale
526 3755 554 3805 in
570 3756 668 3816 charta,
688 3772 703 3806 a
722 3763 799 3822 tergo
818 3756 931 3822 vestigia
950 3757 1030 3806 trium
1052 3755 1240 3822 impressorum
1258 3756 1417 3821 sigillorum.
1447 3755 1477 3806 In
1502 3772 1542 3806 ar-

279 3843 356 3893 chivo
375 3843 424 3897 lib.
443 3858 498 3909 reg.
518 3843 589 3895 civit.
612 3845 716 3910 zagrab.

874 4079 958 4144 412.

385 4217 461 4266 Anno
483 4216 557 4278 1398,
581 4225 621 4264 21.
641 4216 805 4281 septembris.
824 4217 977 4282 Zagrabiae.

281 4323 470 4382 Eberhardus
492 4327 572 4400 episc.
597 4327 713 4398 zagrab.
737 4328 790 4402 qui
809 4328 924 4385 sinistre
945 4329 1121 4404 informatus
1147 4329 1260 4386 cuidam
1276 4329 1401 4386 lisicolao
1415 4328 1545 4388 Pravdic

281 4439 337 4488 tres
358 4433 491 4490 sessiones
514 4434 616 4509 Banja
638 4435 698 4491 sela
721 4452 755 4490 ac
783 4435 883 4492 vineas
913 4453 1044 4509 arvaque
1074 4435 1243 4505 abstulisset,
1273 4437 1385 4508 cognita
1417 4436 1545 4503 veritate,

791 4541 878 4598 etilcm
905 4541 1036 4600 restituit.

1035 4677 1170 4722 commissio
1183 4678 1273 4733 propria
1287 4676 1370 4720 domini
1385 4676 1491 4731 episcopi.

374 4793 435 4850 Nos
458 4791 663 4866 Eberhardus,
688 4794 791 4852 delet
814 4795 983 4868 apostolice
999 4794 1080 4852 sedis
1102 4795 1213 4866 gracia,
1237 4795 1400 4867 episcopus
1419 4793 1546 4850 ecclesie

285 4899 498 4972 zagrabiensis.
522 4901 670 4958 Memorie
697 4901 955 4972 commendantes,
982 4901 1191 4973 significamus
1225 4906 1330 4958 tenore
1353 4901 1546 4974 presencium

283 5007 396 5078 quibus
417 5006 545 5082 expedit
575 5009 734 5065 universis.
766 5007 857 5081 Quod
888 5009 959 5065 licet
982 5023 1038 5064 nos
1062 5024 1099 5064 ex
1123 5007 1245 5064 sinistra
1262 4997 1477 5080 'quorumdam
1502 5007 1546 5062 in-
