3854 5806
385 539 449 601 4⁵4
821 519 970 579 merdv-
996 553 1034 565 -
1052 521 1109 579 An·
1132 530 1219 598 1373·

384 721 503 778 cionem
528 738 560 779 se
584 722 677 779 iidem
700 722 783 778 cives
807 721 902 778 nostri
925 720 1135 778 mediantibus
1160 721 1230 778 aliis
1258 686 1356 778 literi¹s
1383 720 1497 778 nostris
1524 719 1651 793 privile·

383 829 519 902 gialibus
544 835 635 902 prout
658 829 712 886 alii
735 829 914 900 iobagiones
937 828 1034 885 nostri
1057 827 1273 884 administrare
1306 833 1530 884 consveverunt
1562 840 1653 882 exac-

384 934 449 989 cius
473 933 660 1004 obligantur,
686 949 764 990 nunc
789 934 819 989 in
843 931 952 989 eadem
975 932 1249 1002 commorantibus
1273 947 1367 1004 quam
1391 932 1489 988 eciam
1505 931 1653 988 omnibus

385 1045 414 1094 et
438 1039 567 1110 singulis
591 1039 622 1095 in
645 1038 762 1108 eadem,
786 1054 879 1094 causa
906 1037 1122 1094 commorandi
1151 1037 1395 1106 advenientibus,
1414 1036 1458 1092 eis
1481 1043 1513 1092 et
1542 1049 1652 1092 eorum

386 1143 554 1200 heredibus
579 1151 729 1217 perpetuo
753 1151 782 1200 et
806 1145 1061 1214 irrevocabiliter,
1087 1146 1206 1217 penitus
1230 1149 1259 1199 et
1282 1144 1409 1200 omnino
1435 1142 1581 1199 duximus
1605 1157 1653 1198 re·

386 1249 526 1306 laxanda.
551 1249 772 1308 Ordinavimus
797 1251 930 1323 insuper,
955 1257 988 1306 ut
1012 1251 1200 1322 quicumque
1223 1249 1382 1306 hominum
1396 1247 1510 1306 amodo
1526 1247 1566 1304 ad
1581 1263 1653 1322 pre-

386 1357 499 1414 dictam
525 1357 635 1412 villam
659 1363 795 1412 nostram
820 1355 857 1412 ad
885 1357 952 1412 loca
976 1355 1114 1412 desolata
1137 1355 1255 1413 venerit
1283 1354 1323 1412 ad
1343 1353 1609 1424 commorandum,
1634 1369 1654 1410 a

386 1463 436 1519 die
460 1463 506 1519 sui
530 1462 681 1518 adventus
706 1477 762 1534 per
785 1468 847 1519 tres
871 1474 966 1518 annos
989 1463 1125 1534 integros
1141 1463 1182 1519 ab
1197 1463 1342 1520 omnibus
1360 1461 1498 1518 collectis
1513 1465 1543 1517 et
1556 1461 1654 1517 servi-

388 1570 444 1626 ciis
468 1568 557 1624 nobis
580 1567 693 1624 debitis
716 1569 776 1624 sint
799 1569 925 1624 omnino
949 1567 1050 1638 liberi,
1074 1569 1169 1640 quieti
1192 1575 1222 1626 et
1245 1569 1352 1626 securi.
1377 1567 1410 1624 in
1433 1568 1520 1624 cuius
1540 1567 1585 1624 rei
1609 1575 1654 1623 te-

386 1675 569 1730 stimonium
590 1679 620 1730 et
642 1673 821 1730 firmitatem
843 1680 1027 1748 perpetuam
1051 1679 1208 1748 presentes
1231 1676 1349 1732 litteras
1372 1672 1532 1746 pendentis
1556 1672 1654 1744 sigilli

388 1781 485 1838 nostri
509 1781 679 1836 munimine
703 1781 865 1836 roboratas
885 1780 1032 1837 duximus
1055 1779 1272 1838 concedendas.
1304 1780 1419 1837 Datum
1452 1779 1527 1836 seria
1559 1779 1655 1836 tercia

388 1887 530 1958 proxima
555 1891 625 1958 post
648 1883 760 1942 festum
790 1887 929 1957 corporis
953 1885 1076 1942 Christi.
1102 1888 1191 1942 Anno
1215 1885 1330 1942 domini
1355 1885 1524 1942 millesimo
1537 1891 1656 1942 tercen-

386 1995 496 2051 tesimo
522 1993 714 2064 sexagesimo
738 1993 848 2064 primo.

474 2129 515 2177 Ex
534 2127 684 2176 authentica
703 2127 779 2191 copia
799 2142 857 2176 saec
876 2127 962 2178 XVII.
983 2127 1014 2177 In
1032 2127 1132 2177 archiv.
1153 2142 1210 2178 ven.
1230 2141 1286 2194 cap.
1305 2126 1411 2192 zagrab.

1005 2411 1040 2478 7.

457 2553 534 2601 Anno
556 2559 630 2610 1373,
651 2563 691 2616 29.
709 2551 835 2602 octobris.
855 2551 1008 2616 Zagrabiae.

420 2678 583 2750 Capitulum
606 2680 668 2735 eccl.
691 2679 809 2751 aagrab.
833 2679 955 2748 litteras,
978 2697 1053 2752 quae
1076 2679 1118 2735 ad
1138 2679 1269 2736 balneum
1298 2678 1525 2737 Cisterciensium
1549 2697 1658 2751 sagra-

757 2785 894 2842 biensium
914 2787 1068 2857 pertinent,
1091 2787 1293 2843 transmmmit.

477 2929 657 3004 Capitulum
681 2922 890 3002 zagrabierisis
921 2930 1056 2987 ecclesie.
1086 2928 1238 2987 Omnibus
1269 2928 1384 2987 Christi
1416 2929 1563 2988 fidelibus
1586 2945 1658 3003 pre·

391 3039 529 3096 sentibus
552 3045 583 3094 et
606 3037 717 3094 tuturis
740 3038 935 3111 presencium
959 3037 1105 3094 noticiam
1128 3037 1281 3094 habituris
1305 3038 1435 3094 salutem
1461 3037 1490 3093 in
1514 3038 1657 3094 omnium

390 3145 553 3202 salvatore.
578 3143 627 3200 Ad
651 3145 867 3200 universorum
899 3143 1042 3199 noticiam
1073 3141 1184 3199 harum
1215 3143 1294 3199 serie
1314 3143 1461 3199 volumus
1484 3143 1657 3216 pervenire,

389 3250 473 3323 quod
496 3252 546 3308 vir
568 3250 732 3321 religiosus
757 3249 902 3306 dominus
918 3248 1014 3306 frater
1029 3247 1214 3306 Pertholdus
1237 3249 1335 3306 abbas
1351 3250 1530 3306 monasterii
1553 3254 1657 3306 sancte

393 3357 488 3413 Marie
512 3357 551 3414 de
574 3355 724 3428 Zagrabia
748 3371 804 3412 suo
827 3363 858 3412 et
877 3356 975 3412 tocius
991 3356 1038 3412 sui
1054 3363 1223 3412 conventus
1238 3356 1363 3412 nomine
1378 3354 1419 3411 ad
1433 3362 1571 3412 nostram
1587 3370 1658 3428 per-

391 3461 538 3518 sonaliter
560 3460 708 3518 accedens
731 3461 923 3534 presenciam
947 3461 1088 3518 exhibuit
1111 3460 1201 3518 nobis
1225 3460 1377 3534 quasdam
1401 3461 1519 3517 litteras
1536 3469 1658 3516 nostras

390 3567 611 3640 privilegialeS,
635 3575 740 3624 nostro
761 3568 858 3640 priori
882 3567 987 3638 sigillo
1003 3568 1205 3640 consignatas,
1231 3568 1344 3624 tenoris
1368 3567 1532 3640 sequentis,
1551 3573 1659 3639 petens

388 3689 444 3730 nos
467 3689 539 3730 cum
561 3674 718 3744 instancia,
742 3679 776 3730 ut
806 3679 945 3730 tenorem
977 3673 1156 3730 earumdem
1189 3673 1228 3729 de
1259 3674 1356 3730 verbo
1389 3672 1429 3729 ad
1453 3673 1552 3728 verbu
1576 3681 1659 3728 tran-

390 3779 486 3836 scribi
509 3785 539 3835 et
561 3779 658 3836 nostri
682 3779 778 3850 sigilli
802 3779 875 3835 novi
898 3779 1086 3852 appensione
1110 3777 1281 3835 faceremus
1303 3779 1485 3849 consignari.
1516 3776 1658 3850 Quarum

392 3891 480 3942 tenor
503 3885 574 3942 talis
598 3890 658 3942 est:
682 3879 756 3962 (vid.
780 3883 845 3941 doc.
873 3900 931 3958 245
957 3901 1025 3942 ann.
1054 3883 1144 3958 1364,
1170 3883 1196 3940 8.
1214 3877 1343 3957 aprilis).
1372 3883 1435 3941 Nos
1464 3884 1558 3956 igitur
1581 3885 1660 3956 peti·

391 3991 533 4048 cionibus
557 3991 654 4064 ipsius
676 3990 795 4048 domini
817 3988 977 4048 Pertholdi
1000 3991 1123 4047 abbatis
1144 3998 1318 4060 annuentes
1343 3990 1439 4047 dictas
1464 3973 1582 4047 litteras
1605 4004 1661 4047 no-

391 4103 470 4153 stras
494 4097 706 4169 privilegiales
730 4097 768 4154 de
790 4097 889 4153 verbo
920 4095 960 4152 ad
983 4097 1116 4153 verbum
1148 4097 1312 4154 transcribi
1335 4103 1364 4153 et
1387 4103 1493 4154 nostro
1514 4111 1595 4154 novo
1620 4097 1661 4152 si·

390 4202 470 4274 gillo
493 4201 622 4258 fecimus
652 4203 834 4274 consignari.
865 4202 981 4259 Datum
1013 4201 1148 4259 secundo
1179 4202 1229 4259 die
1260 4200 1330 4258 festi
1360 4203 1574 4275 apostolorum
1604 4200 1662 4273 Sy-

390 4309 491 4365 monis
514 4315 543 4364 et
566 4307 645 4388 Jude
669 4307 840 4365 beatorum.
865 4310 955 4365 Anno
978 4309 1096 4366 domini
1119 4309 1289 4365 millesimo
1306 4309 1521 4366 trecentesimo
1537 4315 1664 4381 septua-

389 4414 508 4486 gesimo
532 4414 634 4470 tercio.

482 4565 621 4632 Originale
640 4567 668 4616 in
687 4567 847 4626 membrana,
866 4568 986 4634 sigillum
1007 4570 1085 4618 deest.
1105 4569 1136 4619 In
1155 4568 1227 4619 arch.
1248 4584 1305 4619 ven.
1324 4569 1420 4634 colleg.
1440 4568 1618 4617 Praebendar.
