3600 5804
606 584 679 641 Dec.
704 597 773 662 243.
794 618 829 626 -
849 585 904 641 An.
929 581 1017 661 1361.
1383 603 1442 658 227

178 780 264 852 regio
288 778 396 838 favore
419 782 484 840 sive
508 782 658 840 beneficio
682 783 779 841 adiuti
803 785 906 856 quiete
929 785 1036 842 vivant
1059 791 1089 842 et
1120 785 1308 858 placabilem
1332 785 1444 842 ostiam

178 885 274 943 offere
298 885 422 944 valeant
445 888 601 946 salvatori.
626 889 758 946 Proinde
775 889 814 946 ad
830 890 1045 947 universorum
1070 889 1216 947 noticiam
1239 890 1350 947 harum
1367 889 1444 948 serie

177 992 324 1050 volumus
347 994 518 1066 pervenire,
543 993 627 1066 quod
650 995 849 1052 honorabiles
872 995 933 1053 viri
955 995 1090 1078 Jacobus
1114 995 1290 1068 prepositus
1315 993 1443 1052 ecclesie

177 1099 385 1169 zagrabiensis
416 1106 446 1157 et
477 1099 589 1157 Gallus
623 1087 866 1172 archydiaconus
901 1100 1115 1172 kamarcensis,
1147 1101 1285 1160 eiusdem
1316 1101 1444 1158 ecclesie

177 1205 324 1276 canonici,
352 1205 382 1262 in
406 1207 470 1263 suis
491 1213 520 1263 et
551 1207 649 1264 tocius
672 1207 801 1280 capituli
824 1207 952 1264 ecclesie
975 1208 1182 1280 zagrabiensis
1210 1207 1346 1281 predicte
1374 1224 1444 1282 per·

176 1311 269 1381 sonis,
293 1309 334 1367 ad
359 1318 463 1369 nostre
486 1313 677 1370 celsitudinis
700 1312 878 1370 accedentes
901 1319 1099 1387 conspectum
1124 1314 1320 1372 exhibuerint
1353 1315 1443 1371 nobis

177 1417 330 1488 quasdam
352 1417 470 1475 litteras
499 1418 658 1491 magnifici
688 1419 748 1476 viri
777 1419 934 1500 Johannis,
965 1419 1106 1492 magistri
1137 1419 1368 1476 tavarnicorum
1391 1434 1443 1476 no

177 1527 323 1595 strorum,
347 1523 525 1584 iudiciarios
548 1539 620 1582 suos
642 1540 804 1599 processus
826 1541 862 1582 ac
886 1531 1023 1582 tenorem
1044 1525 1252 1599 quarumdam
1268 1526 1443 1584 litterarum

176 1634 353 1686 nostrarum
377 1632 563 1704 pateucium,
587 1646 681 1705 super
704 1629 840 1704 quadam
863 1631 966 1703 gracia
989 1631 1071 1689 dicto
1098 1631 1234 1705 capitulo
1258 1629 1338 1688 facta
1360 1637 1442 1688 tran·

175 1737 334 1809 sumptive
357 1738 388 1794 in
411 1753 443 1794 se
474 1737 670 1808 continentes,
702 1737 816 1795 tenoris
847 1735 1044 1812 infrascripti,
1068 1742 1205 1812 petentes
1228 1742 1366 1794 nostram
1389 1751 1440 1793 ex·

175 1842 357 1900 cellenclam
382 1843 527 1917 precibus
557 1843 742 1901 humillimis
765 1849 795 1900 et
818 1843 946 1914 devotis,
963 1850 997 1901 ut
1012 1843 1138 1902 easdem
1154 1844 1272 1901 litteras
1288 1843 1362 1901 dicti
1378 1857 1443 1900 ma·

175 1947 264 2018 gistri
300 1950 530 2006 tavarnicorum
565 1955 742 2008 nostrorum
776 1966 812 2008 ac
846 1965 1008 2024 processus
1042 1949 1187 2008 iuridicos
1220 1948 1376 2023 predictos
1413 1949 1444 2006 in

175 2052 293 2110 eisdem
317 2069 480 2128 expressos
503 2061 670 2129 acceptare,
694 2057 871 2130 approbare
894 2063 924 2113 et
946 2055 1100 2114 ratificare
1123 2070 1181 2130 pro
1204 2056 1266 2113 iam
1290 2054 1372 2112 dicto
1395 2071 1443 2112 ca-

176 2159 278 2231 pitulo
301 2165 407 2217 nostro
426 2159 626 2232 dignaremur
642 2162 808 2235 privilegio
823 2167 972 2236 perpetue
989 2161 1180 2219 confirmare.
1197 2161 1338 2234 Quarum
1355 2167 1441 2218 tenor

176 2265 202 2320 is
217 2271 276 2323 est:
301 2260 375 2345 (vid.
398 2283 442 2325 nr.
467 2283 536 2342 242.
557 2283 603 2325 an.
628 2267 719 2341 1361,
741 2267 767 2326 8.
790 2261 913 2346 martii).
933 2267 997 2326 Nos
1016 2269 1120 2341 itaque
1139 2267 1226 2325 iustis
1246 2272 1275 2324 et
1296 2266 1443 2324 modestis

175 2372 460 2446 supplicacionibus
491 2373 684 2447 prefatorum
718 2375 827 2458 Jacobi
858 2375 1008 2448 prepositi
1039 2381 1067 2432 et
1099 2373 1184 2431 Galli
1216 2372 1442 2444 archydiaconi‚

175 2483 278 2535 nostre
301 2479 462 2536 humiliter
485 2480 635 2553 porrectis
659 2481 811 2538 maiestati
830 2479 997 2538 favorabili
1013 2481 1127 2554 pietate
1142 2479 1280 2537 inclinati
1296 2478 1337 2535 ob
1353 2493 1443 2552 spem

175 2584 337 2656 potissime
360 2591 390 2643 et
413 2585 615 2642 devocionem
639 2592 785 2658 nostram,
810 2602 905 2660 quam
935 2587 974 2644 ad
1006 2587 1219 2644 beatissimum
1250 2584 1442 2658 Stephanum

175 2685 282 2761 regem
305 2695 335 2746 et
358 2689 574 2763 confessorem,
596 2693 682 2765 regni
705 2693 803 2750 nostri
826 2697 961 2750 tutorem
984 2699 1014 2750 et
1038 2693 1208 2763 dominum,
1232 2692 1263 2750 in
1287 2692 1372 2748 cuius
1388 2705 1442 2749 no-

175 2797 258 2853 mine
281 2796 419 2868 glorioso
442 2797 523 2855 dicta
546 2799 752 2872 zagrabiensis
776 2799 905 2856 ecclesia
928 2804 1103 2857 constructa
1125 2799 1229 2856 existit
1252 2801 1282 2855 et
1305 2796 1441 2866 fundata,

174 2901 312 2973 gerimus
336 2907 366 2959 et
387 2902 539 2960 habemus
561 2904 738 2978 specialem,
763 2905 910 2978 cuiusque
933 2920 1061 2979 precum
1078 2904 1234 2977 suffragiis
1258 2902 1442 2960 devotarum

175 3008 290 3066 nedum
315 3010 458 3068 interris
481 3027 592 3068 verum
616 3012 714 3069 eciam
734 3011 869 3069 refoveri
884 3027 1047 3086 speramus
1063 3011 1164 3085 patria
1186 3011 1218 3068 in
1241 3009 1354 3081 celesti,
1371 3025 1441 3083 pre-

175 3120 271 3173 tactas
294 3115 414 3173 litteras
444 3117 543 3191 ipsius
576 3119 718 3191 magistri
749 3119 977 3176 tavamicorum
1010 3123 1186 3174 nostrorum
1217 3131 1278 3174 non
1306 3115 1441 3186 abrasas,

175 3237 234 3278 non
258 3222 443 3280 cancellatas
466 3239 523 3280 nec
546 3223 577 3281 in
600 3224 705 3297 aliqua
729 3225 777 3282 sui
799 3229 887 3300 parte
909 3225 1038 3282 viciatas
1062 3223 1257 3298 presentibus
1280 3221 1319 3280 de
1342 3221 1440 3295 verbo

175 3326 214 3384 ad
238 3329 373 3386 verbum
396 3329 534 3401 insertas
564 3329 731 3388 simulcum
764 3330 845 3389 diota
876 3331 979 3404 gracia
1010 3347 1046 3387 ae
1076 3328 1272 3403 processibus
1304 3326 1441 3385 iuridicis

175 3435 329 3507 expressis
353 3435 383 3491 in
408 3433 523 3492 eisdem
548 3441 578 3492 et
601 3437 749 3494 contentis
777 3427 985 3510 acceptamus,
1006 3436 1227 3510 approbamus,
1251 3433 1441 3492 ratificamus

175 3547 204 3598 et
227 3541 267 3598 de
289 3541 484 3614 beneplacita
499 3542 659 3600 voluntate
682 3547 712 3599 et
735 3558 884 3600 consensu
901 3543 1094 3600 serenissime
1114 3541 1298 3616 principisse
1314 3540 1439 3598 domine

174 3647 322 3719 Elizabet,
345 3647 450 3718 regine
473 3647 639 3720 ilungarie,
663 3649 819 3720 genitricis
842 3655 945 3706 nostre
965 3648 1125 3706 karissime
1141 3663 1176 3704 ac
1192 3663 1230 3705 ex
1246 3647 1438 3720 prelatorum

175 3759 204 3810 et
227 3754 382 3811 baronum
411 3755 498 3826 regni
528 3755 625 3812 nostri
656 3756 784 3812 consilio
814 3761 1003 3828 prematuro,
1034 3769 1092 3829 pro
1123 3759 1267 3812 annotato
1301 3753 1440 3826 capitulo

175 3875 261 3917 mera
282 3860 368 3932 regia
390 3861 572 3918 auctoritate
595 3865 625 3918 et
649 3877 686 3918 ex
707 3867 789 3918 certa
812 3861 942 3918 sciencia
964 3867 1067 3918 nostre
1097 3861 1265 3918 maiestatis
1288 3864 1438 3934 perpetue

173 3967 325 4024 valituras
348 3965 570 4024 confirmamus
594 3969 744 4041 presentis
767 3969 864 4026 nostrl
896 3967 1054 4041 privilegii
1079 3967 1250 4041 patrocinio
1274 3965 1436 4023 mediante.

174 4071 208 4130 ln
230 4074 317 4130 cuius
341 4073 588 4132 confirmacionis
611 4079 714 4131 nostre
746 4074 956 4132 testimonium
980 4073 1222 4146 firmitatemque
1254 4079 1439 4146 perpetuam

174 4185 333 4251 presentes
356 4180 562 4238 concessimus
585 4180 703 4237 litteras
725 4187 845 4238 nostras
871 4180 1084 4254 privilegiales
1105 4177 1265 4252 pendentis
1288 4184 1317 4236 et
1336 4183 1439 4236 auten-

175 4285 225 4341 tici
248 4285 345 4357 sigilli
368 4285 465 4342 nostri
489 4286 659 4343 munimine
689 4287 858 4344 roboratas.
875 4287 991 4343 Datum
1006 4301 1063 4358 per
1078 4300 1187 4342 manus
1204 4284 1391 4341 venerabilis
1407 4283 1439 4340 in

174 4389 298 4448 Christo
321 4393 419 4464 patris
443 4391 560 4449 domini
584 4391 713 4464 Nicolai,
737 4392 962 4466 archiepiscopi
978 4391 1197 4464 strigoniensis,
1221 4389 1343 4462 locique
1360 4389 1438 4446 eius-

175 4495 246 4553 dem
270 4497 393 4554 comitis
416 4499 559 4572 perpetui
582 4505 612 4555 et
635 4498 706 4555 aule
722 4503 825 4556 nostre
841 4498 1026 4568 cancellarii,
1043 4497 1148 4555 dilecti
1164 4505 1194 4554 et
1209 4495 1311 4554 fidelis
1334 4497 1438 4554 nostri.

174 4605 263 4660 Anno
299 4603 418 4661 domini
450 4605 621 4662 millesimo
651 4606 836 4663 trecensimo
858 4605 1050 4677 sexagesimo
1081 4603 1199 4677 primo;
1231 4607 1342 4660 octavo
1370 4601 1439 4659 idus

175 4710 314 4780 Augusti.
338 4709 436 4782 Regni
459 4717 563 4768 autem
587 4712 685 4769 nostri
708 4727 788 4769 anno
819 4711 974 4769 vicesimo.
998 4709 1237 4768 venerabilibus
1259 4709 1290 4766 in
1314 4707 1439 4765 Christo

173 4816 315 4888 patribus
339 4821 368 4872 et
391 4815 533 4887 dominis,
565 4816 674 4874 eodem
703 4816 832 4875 Nicolao
863 4817 1066 4890 strigoniensi,
1099 4815 1221 4874 Thomo
1255 4814 1437 4883 colochensi,

174 4921 310 4992 Ugulino
332 4921 508 4994 spalatensi,
532 4923 660 4979 Nicolao
682 4923 826 4999 jadrensi,
850 4923 1116 4997 archyepiscopis;
1140 4921 1269 4979 Nicolao
1297 4921 1439 4993 agriensi,

173 5027 333 5084 Demetrio
356 5027 557 5100 waradyensi,
588 5029 752 5087 Dominlco
783 5029 981 5100 transilvan0‚
1014 5029 1169 5100 Ladyzlao
1201 5026 1435 5100 wesprimiensi,

1320 5132 1333 5158 Ο
