3600 5804
465 568 538 626 Doc.
562 579 631 644 207.
655 563 727 626 208.
751 580 823 641 209.
844 603 880 612 -
899 571 954 628 An.
979 580 1065 646 1347.
1342 571 1400 638 187

500 675 704 680 ——---—..
717 675 769 680 —
1099 675 1402 682 -b----....,.....—-

145 769 202 826 dati
234 777 263 826 et
295 769 429 825 rebelles
459 782 679 840 quoscumque.
711 768 744 824 In
776 784 910 840 quorum
935 770 1074 826 omnium
1100 770 1310 826 testimonium
1333 783 1403 842 pre·

146 875 274 932 sentibus
297 875 438 946 sigillum
463 879 601 931 nostrum
626 873 772 930 duximus
798 873 1027 948 apponendum.
1052 875 1165 932 Datum
1190 873 1348 946 Zagrabie‚
1372 875 1402 931 in

145 983 267 1039 crastino
306 980 376 1038 festi
412 981 637 1053 assumpcionis
674 980 802 1052 virginis
836 982 979 1053 gloriose.
1017 982 1106 1039 Anno
1141 979 1259 1038 domiui
1294 979 1404 1037 MCCC

148 1087 375 1161 quadragesimo
397 1093 492 1144 sexto.

226 1205 323 1254 Elibr.
343 1206 470 1256 Statutor.
498 1203 576 1270 capit.
602 1204 706 1269 zagrab.
726 1219 751 1270 p.
771 1204 817 1254 IV.
837 1221 858 1254 c.
878 1205 897 1254 I.
916 1207 990 1271 Joan.
1011 1203 1126 1254 Tkaldic‘.
1153 1205 1221 1254 Mon.
1245 1203 1304 1254 hist.
1325 1204 1403 1269 episc.

145 1293 239 1360 ragrab.
258 1292 290 1343 11.
310 1309 335 1359 p.
358 1301 502 1342 loo-101.

725 1436 814 1505 207.

249 1563 323 1611 Anno
345 1569 419 1622 1347,
440 1569 480 1618 25.
498 1559 622 1625 januarii.
641 1559 780 1610 Aviuione.

227 1691 363 1749 Tedaldo
378 1691 417 1748 de
433 1690 573 1762 FarioliS,
596 1691 743 1748 canonico
758 1692 959 1764 zagrabiensi,
983 1708 1000 1749 a
1020 1692 1165 1764 pontifice
1182 1691 1341 1749 Clemente
1355 1691 1403 1749 VI.

148 1799 293 1856 confertur
315 1798 512 1855 canonicatus
539 1797 630 1854 huius
662 1797 817 1868 ecclesiae,
842 1813 935 1870 quem
957 1798 1133 1858 Demetrius
1158 1799 1323 1872 episcopus
1350 1814 1403 1856 va·

147 1904 286 1962 radiensis
309 1911 450 1978 tempore
473 1918 545 1960 suae
569 1903 774 1976 promotionis
797 1903 964 1962 obtinebat.

229 2043 256 2089 Α.
276 2039 397 2090 Theiner.
416 2040 486 2090 Mon.
507 2040 596 2106 Hung.
617 2039 677 2090 hist.
697 2039 716 2089 l.
737 2055 762 2104 p.
784 2046 841 2099 742.

243 2311 316 2358 Auno
337 2317 413 2368 1347,
435 2317 473 2365 15.
488 2308 590 2373 aprilis.
721 2255 810 2321 20⁸¹

169 2419 301 2476 ll'r'colaus
323 2419 416 2476 banus
437 2419 545 2476 civibus
575 2418 783 2477 Grechensibus
806 2436 914 2492 „unam
937 2417 1058 2475 aream“
1083 2418 1114 2473 in
1137 2425 1229 2474 mama
1252 2417 1387 2476 Medved-

445 2525 511 2582 nica
533 2525 694 2600 aperiendas
709 2523 824 2600 sadr'ms
846 2524 960 2594 salium,
983 2524 1100 2598 confert.

229 2669 289 2728 Nos
313 2670 461 2728 Nicolaus
484 2671 584 2728 tocius
600 2667 762 2728 Sciauonie
786 2675 816 2726 et
840 2668 967 2726 Croacie
990 2669 1097 2726 banus.
1122 2665 1339 2741 significamus
1361 2675 1404 2726 te·

150 2792 215 2834 nore
230 2778 422 2851 presencium
446 2777 560 2850 quibus
576 2775 702 2850 expedit
718 2775 879 2845 universis,
896 2775 978 2848 quod
996 2791 1067 2833 cum
1084 2791 1141 2849 per
1159 2776 1402 2848 assignacionem

150 2884 345 2956 quorumdam
368 2884 459 2942 nobis
482 2883 616 2940 relatum
640 2889 670 2940 et
693 2881 800 2939 datum
826 2881 958 2954 intelligi
974 2882 1132 2952 extitisset,
1149 2881 1231 2954 quod
1249 2881 1279 2938 in
1296 2887 1401 2939 moute

150 2988 360 3048 Meduednieha
384 2996 500 3060 vocata,
532 2981 615 3067 (sita)
645 3003 740 3062 supra
763 2989 918 3046 civitatem
944 2986 1161 3060 Grechensem‚
1192 2987 1310 3046 minera
1338 2987 1403 3045 sive

151 3094 244 3153 ludina
267 3096 379 3153 salium
409 3101 514 3168 posset
544 3095 674 3168 reperiri
704 3101 733 3152 et
764 3094 894 3168 aperiri;
925 3085 1074 3172 tamdem)
1098 3093 1138 3150 ad
1169 3094 1350 3152 instanciam
1374 3098 1403 3152 et

151 3202 324 3273 peticionem
348 3202 465 3258 civium
489 3205 519 3258 et
542 3201 700 3274 hospitum
716 3199 798 3258 dicte
814 3199 947 3257 civitatis
963 3201 1135 3270 annuimus,
1160 3205 1193 3257 ut
1214 3200 1404 3273 ubicumque

150 3308 269 3380 predicti
292 3309 376 3366 cives
399 3308 596 3380 occupabunt
618 3313 647 3364 et
671 3307 814 3380 aperiunt
837 3305 958 3364 fodinas
981 3306 1104 3374 salium,
1125 3321 1218 3364 unam
1242 3321 1347 3364 aream
1371 3307 1401 3364 in

151 3413 224 3471 dicto
245 3419 348 3472 monte
371 3413 410 3470 ad
435 3413 617 3486 aperiendas
640 3411 760 3471 fodinas
789 3414 901 3471 salium
932 3414 1008 3487 ipsis
1032 3414 1152 3472 civibus
1175 3419 1205 3470 et
1227 3413 1403 3487 hospitibus

151 3535 201 3592 pro
222 3521 358 3594 ipsorum
381 3535 438 3576 usu
462 3525 492 3577 et
516 3519 647 3577 utilitate
675 3521 856 3578 auctoritate
879 3520 964 3592 regia
987 3521 1019 3577 iu
1041 3525 1228 3594 perpetuum
1252 3517 1403 3590 dedimus,

151 3624 322 3684 donavimus
337 3633 367 3684 et
383 3626 571 3684 contulimus
586 3626 626 3684 ad
644 3627 784 3700 ipsorum
801 3626 927 3684 libitum
943 3625 1093 3695 utilitatis,
1110 3625 1197 3683 salvo
1214 3626 1280 3683 iure
1295 3625 1403 3698 regali,

152 3739 233 3803 prout
254 3734 331 3790 alias
354 3733 386 3790 iu
408 3747 504 3805 regno
527 3733 685 3804 Hungarie
709 3731 789 3790 infra
822 3732 969 3790 terminos
999 3731 1118 3804 regales
1146 3736 1190 3788 est
1214 3729 1404 3788 consuetudo

152 3836 185 3894 dc
207 3837 313 3898 fodinis
336 3839 449 3896 salium
472 3839 511 3896 ad
534 3853 689 3896 cameram
720 3839 838 3896 domini
865 3838 947 3910 regis
975 3837 1042 3896 dari
1066 3843 1095 3894 et
1118 3837 1346 3896 amministrari.
1371 3837 1404 3894 ln

55 3943 57 3952 ’
153 3943 228 4000 cuius
250 3946 291 4002 rei
315 3946 501 4002 memoriam
525 3951 678 4018 presentes
694 3945 799 4017 sigillo
815 3951 920 4002 nostro
936 3943 1082 4002 duximus
1099 3945 1267 4002 roboratas
1289 3943 1406 4000 Datum

152 4050 177 4106 iu
198 4051 353 4123 quindenis
378 4051 447 4109 festi
472 4067 563 4126 pasce
579 4051 705 4110 domini.
726 4055 815 4110 Anno
833 4051 972 4109 eiusdem
989 4050 1154 4108 MCCCXL
1177 4051 1316 4124 septimo

229 4167 366 4234 Originale
393 4169 419 4218 in
445 4169 604 4228 membrana,
630 4185 643 4218 e
669 4175 745 4234 tergo
773 4169 930 4235 impressum
955 4169 1075 4235 sigillum
1101 4167 1223 4233 deperiit.
1249 4167 1278 4218 ln
1306 4167 1405 4218 archiv.

153 4255 222 4305 Acad.
240 4257 333 4310 Scieut.
353 4257 456 4308 Slavor.
481 4257 575 4308 merid.

729 4421 821 4488 209.

245 4546 318 4594 Anno
341 4551 416 4605 1347.
436 4554 476 4602 23.
496 4543 577 4610 Junii.
597 4543 750 4609 Zagrabiae.

157 4669 307 4743 Capitulum
323 4673 441 4745 aagrab.
454 4673 658 4730 coradlcrando
666 4680 868 4746 paupertatem
877 4673 1012 4746 fratrum
1025 4672 1249 4739 Heremr'tarum,
1268 4671 1407 4744 quasdam

268 4781 459 4852 passessiones
480 4779 582 4838 eisdem
606 4779 703 4848 cluant,
727 4780 842 4836 retentis
864 4779 976 4835 decanis
998 4786 1026 4834 et
1043 4778 1125 4835 titulo
1141 4778 1281 4862 pcrtroni.

231 4919 407 4994 Capitulum
431 4923 639 4994 zagrabiensis
663 4923 798 4979 ecclesie.
827 4921 986 4980 Universis
1022 4921 1136 4978 Christi
1160 4919 1308 4978 fidelibus
1338 4936 1407 4994 pre-

155 5026 277 5084 sencium
308 5029 455 5086 noticiam
487 5028 638 5087 habituris
668 5028 801 5086 salutem
833 5027 863 5086 in
899 5026 1024 5085 domino
1047 5027 1277 5100 sempiternam.
1300 5027 1408 5085 Excel-
