3782 5812
423 570 464 629 40
853 551 926 608 Dae.
950 563 1001 630 49.
1027 585 1062 592 -
1090 551 1145 608 Aa.
1170 547 1261 608 1266.

422 751 529 810 sertim
552 751 710 822 articulus,
734 750 772 808 de
796 766 857 824 quo
880 750 1090 824 premisimus,
1114 747 1241 822 infringi
1263 749 1375 808 debeat
1398 766 1451 808 seu
1483 749 1607 820 cassari,
1628 765 1682 808 non

423 858 564 915 obstante
586 857 763 931 privilegio,
788 855 872 930 quod
895 872 990 930 super
1018 855 1074 912 illa
1104 855 1272 929 potestaria
1302 855 1385 915 dicto
1415 857 1564 928 Arcbyno
1586 857 1682 914 comiti

422 962 616 1035 dederamus,
639 963 724 1037 quod
747 964 943 1038 presentibus
967 977 1124 1020 cassamus
1147 962 1270 1035 penitus
1294 967 1325 1020 et
1347 962 1446 1020 eciam
1469 962 1634 1020 irritamus.
1652 962 1683 1018 ln

422 1070 509 1126 cuius
531 1071 576 1126 rei
601 1070 785 1127 memoriam
809 1075 840 1127 et
861 1070 968 1141 robur,
992 1075 1150 1143 presentes
1173 1067 1317 1126 dedimus
1340 1069 1469 1140 litteras,
1494 1067 1626 1142 duplicis
1646 1069 1684 1124 si·

423 1175 494 1248 gilli
517 1175 615 1232 nostri
638 1175 808 1233 munimine
830 1176 1000 1233 roboratas.
1024 1174 1142 1232 Datum
1165 1190 1223 1250 per
1249 1189 1358 1232 manus
1381 1175 1525 1247 magistri
1548 1174 1683 1246 Farcasii

422 1281 513 1338 electi
536 1280 682 1351 albensis,
706 1281 777 1338 aule
799 1286 903 1339 nostre
919 1280 1172 1350 vicecancellarii,
1189 1279 1295 1339 dilecti
1310 1284 1340 1337 et
1355 1279 1459 1338 fidelis
1474 1281 1579 1338 nostri.
1600 1282 1685 1338 Anno

424 1386 543 1444 domini
564 1387 734 1446 millesimo
757 1387 967 1445 ducentesimo
998 1387 1190 1459 sexagesimo
1220 1391 1315 1444 sexto.
1346 1386 1445 1460 Regni
1468 1393 1573 1445 autem
1594 1388 1685 1445 nostri

423 1508 503 1550 anno
527 1493 684 1552 tricesimo
706 1494 818 1567 primo.

515 1627 656 1696 Originale
675 1628 702 1679 in
721 1630 880 1679 membrana.
900 1629 1027 1695 Sigillum
1046 1631 1174 1688 avulsum,
1191 1631 1357 1681 solummodo
1376 1630 1476 1682 serioea
1488 1645 1553 1681 zona
1571 1629 1644 1680 rubri
1661 1641 1686 1680 et

430 1716 494 1767 flavi
514 1716 613 1767 coloris
632 1717 764 1768 remansit.
777 1717 808 1767 ln
827 1718 897 1767 arch.
916 1719 933 1767 l.
953 1733 974 1766 r.
995 1717 1043 1767 civ.
1063 1717 1169 1783 zagrab.
1187 1747 1218 1756 —
1237 1715 1320 1784 Feje‘r.
1339 1718 1404 1769 Cod.
1418 1718 1483 1784 dipl.
1496 1718 1542 1769 IV.
1556 1729 1580 1778 3.
1593 1735 1617 1783 p.
1630 1727 1686 1777 337.

1023 1983 1089 2050 49.

512 2073 561 2120 An,
584 2070 658 2130 1266,
678 2079 718 2130 23.
738 2069 898 2124 novembris.

469 2181 542 2240 Bela
565 2181 589 2238 I
592 2181 621 2238 V.
645 2180 823 2254 Hungariae
845 2187 892 2238 ete.
915 2199 970 2237 rex
991 2181 1099 2238 civibus
1121 2181 1354 2254 aagrabe'ensibus
1376 2183 1406 2239 in
1437 2190 1529 2240 monte
1558 2183 1650 2241 Grech

775 2287 940 2360 peculiares
955 2289 1183 2361 praerogativas
1204 2287 1333 2345 concedit.

511 2449 586 2507 Bela
616 2449 666 2506 dei
695 2449 799 2521 gracia
834 2448 1007 2520 Hungarie,
1043 2449 1212 2521 Dalmacie,
1247 2449 1405 2514 Crovacie.
1440 2451 1546 2522 Rame,
1577 2450 1689 2522 Seruie,

425 2555 566 2626 Gallicis,
598 2553 782 2614 Lodomerie
812 2553 1024 2626 Cumanieque
1053 2570 1116 2612 rex.
1141 2555 1294 2613 Omnibus
1317 2555 1433 2616 Christi
1458 2556 1607 2616 fidelibus
1629 2564 1690 2615 tam

426 2662 622 2738 presentibus
653 2675 749 2734 quam
779 2658 891 2717 futuris
923 2661 1055 2718 salutem
1087 2661 1119 2719 in
1142 2661 1251 2718 salutis
1274 2662 1428 2734 largitore.
1467 2663 1563 2736 Regie
1586 2680 1690 2738 specu·

427 2768 549 2826 lationis
579 2773 610 2825 et
632 2767 850 2825 sollicitudinis
878 2782 944 2824 esse
967 2767 1062 2826 debet
1084 2767 1250 2840 invigilare
1272 2768 1470 2826 subditorum
1494 2770 1639 2828 remediis
1663 2778 1691 2827 et

427 2875 531 2949 quieti,
555 2881 585 2934 et
608 2889 660 2932 eos
684 2874 831 2948 prosequi
854 2874 1002 2946 ampliori
1025 2874 1239 2932 munificencia
1261 2875 1363 2948 gracie
1384 2876 1537 2950 specialis,
1561 2883 1594 2933 ut
1609 2881 1691 2933 tanto

425 2981 473 3039 illi
496 2997 534 3038 ex
557 2979 705 3038 fidelibus
728 2978 886 3036 fideliores
903 2985 933 3036 et
948 2979 1127 3038 devociores
1145 2996 1178 3038 se
1194 2981 1359 3043 exhibeant
1375 2997 1413 3038 ex
1429 2981 1558 3053 devotis,
1579 2989 1691 3055 quanto

427 3087 546 3160 pociori
578 3085 730 3144 libertatis
760 3083 911 3142 beneficio
943 3100 983 3142 ex
1005 3086 1120 3158 regalis
1142 3086 1329 3159 provisionis
1353 3086 1434 3144 dono
1458 3102 1510 3144 eos
1533 3088 1693 3160 contigerit

426 3191 585 3264 gratulari.
624 3189 757 3248 Proinde
791 3190 831 3247 ad
866 3191 1084 3248 universorum
1118 3191 1264 3248 noticiam
1294 3193 1406 3249 harum
1437 3193 1516 3250 serie
1547 3195 1692 3252 volumus

427 3299 598 3371 pervenire,
622 3296 705 3372 quod
725 3311 796 3353 cum
820 3297 906 3368 olym
930 3295 1007 3353 fines
1022 3302 1052 3354 et
1069 3298 1192 3354 termini
1207 3298 1294 3370 regni
1310 3313 1363 3354 seu
1380 3297 1517 3355 Ducatus
1532 3296 1692 3356 Sclauonie

427 3403 579 3461 continuis
620 3403 868 3462 latrunculorum
902 3409 932 3459 et
962 3401 1176 3475 frequentibus
1206 3403 1372 3461 insultibus
1403 3404 1612 3478 pulsarentur,
1640 3421 1693 3462 nos

427 3515 492 3567 tam
517 3511 611 3582 quieti
635 3515 739 3568 nostre
756 3508 894 3582 proprie,
910 3523 1003 3580 quam
1021 3507 1218 3565 subditorum
1234 3515 1411 3567 nostrorum
1427 3510 1457 3567 in
1474 3511 1539 3568 illis
1554 3511 1693 3584 partibus

428 3615 610 3688 degencium
634 3614 790 3673 securitati
813 3613 991 3687 prospicere
1014 3613 1180 3670 salubriter
1204 3615 1370 3688 cupientes,
1386 3621 1522 3673 castrum
1536 3616 1568 3674 in
1591 3623 1693 3674 monte

429 3720 532 3780 Grech
556 3721 640 3780 iuxta
672 3719 865 3792 Zagrabiam,
897 3719 939 3775 ob
970 3719 1134 3777 tuicionem
1158 3720 1340 3778 eorumdem
1365 3722 1569 3780 confiniorum
1593 3723 1694 3780 decre·

428 3827 532 3883 vimus
556 3825 811 3894 construendum;
834 3825 865 3881 in
889 3825 975 3881 cuius
999 3826 1091 3882 castri
1114 3827 1344 3884 construccione
1359 3826 1469 3886 fideles
1492 3829 1589 3886 nostri
1612 3830 1694 3886 cives

431 3932 568 3990 eiusdem
599 3932 690 3989 castri
720 3931 752 3988 in
783 3929 957 3988 edificando
986 3931 1047 3988 sibi
1079 3930 1189 3989 domos
1212 3932 1330 3990 ibidem
1361 3938 1391 3990 et
1420 3933 1498 3991 alias
1526 3934 1598 3992 edes
1620 3935 1694 3992 illuc

427 4037 648 4108 transferendo,
681 4042 824 4110 sumptus
861 4052 922 4094 non
964 4036 1112 4107 modicos,
1147 4037 1271 4096 iabores
1309 4040 1469 4097 continuos
1499 4047 1529 4098 et
1559 4041 1694 4115 dampna

428 4145 565 4219 piurima
596 4159 694 4217 usque
724 4141 762 4200 ad
795 4142 1038 4200 exinanicionem
1062 4149 1199 4201 extreme
1222 4145 1347 4202 virtutis
1370 4145 1505 4204 fideliter
1526 4148 1693 4218 subierunt,

427 4256 614 4325 exponentes
645 4267 677 4307 se
700 4255 731 4307 et
756 4265 812 4306 sua
835 4249 899 4306 illis
923 4249 1117 4322 temporibus
1140 4266 1199 4323 pro
1221 4251 1308 4323 regio
1330 4252 1396 4309 sive
1419 4252 1557 4310 Ducatus
1579 4255 1694 4311 honore

428 4357 546 4415 crebris
563 4357 707 4431 periculis
724 4361 754 4412 et
770 4354 899 4413 fortune.
916 4354 980 4412 Nos
1003 4356 1095 4428 igitur
1118 4356 1296 4414 huiusmodi
1318 4358 1512 4430 obsequiosis
1537 4366 1567 4416 et
1589 4375 1694 4433 sump-

429 4464 524 4521 tuosis
543 4463 704 4520 laboribus
727 4463 867 4535 ipsorum
892 4465 980 4533 grata
1002 4461 1142 4519 volentes
1165 4462 1376 4520 vicissitudine
1399 4464 1594 4538 respondere,
1617 4466 1694 4522 hanc

432 4570 475 4626 eis
499 4570 730 4642 prerogativam
755 4567 952 4626 concedimus
968 4569 1129 4640 libertatis
1146 4575 1179 4626 ut
1202 4585 1257 4626 nec
1279 4586 1336 4644 per
1355 4587 1396 4641 se,
1412 4587 1468 4628 nec
1490 4587 1546 4644 per
1561 4585 1633 4628 suos
1656 4569 1692 4628 ad

429 4675 606 4747 exercitum,
631 4691 723 4748 quem
746 4691 802 4732 nos
825 4675 878 4732 vel
898 4674 1097 4732 karissimum
1118 4675 1220 4733 filium
1242 4680 1385 4733 nostrum
1401 4676 1562 4734 dominum
1577 4677 1692 4746 Belem,

430 4783 570 4839 inclitum
602 4781 713 4840 ducem
742 4782 841 4839 tocius
872 4779 1034 4839 Sclauonie
1057 4787 1087 4839 et
1111 4781 1259 4840 Crovacie
1291 4781 1424 4840 diversis
1449 4784 1642 4858 temporibus
1666 4788 1693 4840 et

431 4887 688 4964 quandocumque
718 4887 818 4945 iacere
849 4889 1011 4960 contigerit
1042 4888 1086 4946 ire
1117 4889 1300 4962 nullatenus,
1331 4905 1388 4947 nec
1416 4890 1537 4964 aliquid
1563 4895 1690 4964 propter

432 4996 491 5052 hoc
524 4995 575 5050 vel
599 4995 663 5051 eius
688 4994 855 5066 occasione,
883 4995 974 5052 nobis
1005 4994 1057 5051 vel
1087 4995 1147 5052 sibi
1169 4994 1337 5068 inpendere
1367 5001 1535 5054 teneantur.
1563 4993 1692 5052 Eosdem
