3600 5804
674 521 746 577 Doc.
769 529 818 596 97.
841 517 895 595 98.
923 554 959 562 -
986 520 1041 577 An.
1066 533 1275 595 1310-1311.

343 627 582 634 —--..—..—
647 626 894 632 -.—---.-—.-.
1097 623 1204 632 .-ι-
1246 625 1391 631 -ῄ-

335 718 445 778 MCCC
468 726 587 789 octavo,
610 719 705 776 tercio
728 717 875 776 kalendas
898 719 1042 776 octubris,
1068 717 1266 775 Pontificatus
1289 715 1408 774 domini
1433 715 1624 773 Clementis

335 841 417 899 pape
440 825 547 898 quinti,
571 840 651 882 anno
674 829 793 898 quartu.

422 960 535 1011 Elibro
553 961 644 1026 privil.
664 959 742 1024 episc.
762 960 875 1024 zagrab,
895 959 984 1010 codice
1007 959 1174 1008 membraneo
1199 972 1257 1006 saec
1284 956 1356 1006 XIV.
1377 957 1408 1006 ln
1428 958 1503 1007 arch.
1533 957 1622 1022 episc

334 1049 440 1115 zagrab.
459 1048 504 1098 fol.
526 1051 567 1107 65.

941 1226 1003 1294 97.

423 1369 500 1417 Anno
523 1376 596 1424 1310,
617 1372 657 1420 27.
678 1365 799 1430 Augusti.
821 1365 912 1416 Albae.

341 1494 463 1552 Carolus
484 1495 661 1567 Hungariae
682 1501 729 1551 etc.
755 1513 816 1562 rex,
841 1493 987 1566 Stephano
1010 1495 1083 1552 bauo
1106 1495 1219 1568 eiusque
1234 1495 1385 1568 fratribus
1393 1494 1560 1567 praecepit,
1587 1500 1625 1549 ut

374 1601 446 1658 cives
474 1600 648 1660 Greclvenses
670 1601 865 1657 conservatio
882 1602 1061 1674 possessorio
1083 1607 1186 1670 terroe,
1208 1619 1301 1675 qurum
1325 1600 1433 1657 Kobilo
1459 1609 1581 1656 uocant.

427 1747 562 1804 Karolus
585 1745 634 1803 dei
657 1746 762 1818 gracia
783 1762 839 1803 rex
862 1745 1028 1818 Hungarie.
1052 1747 1135 1803 Viris
1159 1746 1327 1817 nobilibus,
1343 1745 1467 1803 dilectis
1486 1751 1520 1802 et
1538 1745 1623 1801 fide-

337 1852 421 1909 libus
445 1852 507 1908 suis
530 1849 687 1926 Stephano
710 1851 792 1909 bano
823 1849 995 1921 Sclauonie,
1017 1852 1150 1934 Johanni
1174 1857 1203 1908 et
1226 1851 1402 1910 Radozlauo
1429 1851 1622 1920 comitibus,

338 1956 412 2015 filiis
435 1957 556 2014 comitis
579 1956 733 2030 Baboneg‚
757 1958 889 2014 salutem
913 1964 943 2015 ct
964 1960 1109 2030 graciam.
1127 1958 1211 2017 Sicut
1227 1975 1327 2032 nuper
1342 1964 1444 2015 vestre
1462 1957 1623 2015 fidelitati

339 2065 571 2137 scripseramus
589 2069 624 2121 ut
639 2065 893 2121 communitatem
909 2070 1048 2122 nostram
1073 2065 1257 2123 Grccensem
1277 2066 1352 2122 visis
1368 2065 1483 2122 litteris
1500 2079 1622 2122 eorum

335 2187 429 2244 super
458 2171 650 2244 possessione
674 2170 814 2243 ipsorum
846 2169 961 2228 Kohila
992 2177 1100 2229 vocata
1131 2171 1286 2240 conlectis,
1318 2177 1424 2228 contra
1448 2171 1622 2242 quoslihet

337 2293 389 2336 eos
405 2276 607 2338 defensantes.
624 2277 655 2332 in
671 2276 737 2333 iure
754 2277 894 2350 ipsorum
909 2279 1090 2334 auctoritate
1106 2284 1209 2335 nostra
1225 2282 1398 2346 statuentes,
1415 2277 1460 2334 sic
1477 2281 1509 2333 et
1526 2291 1622 2332 man·

335 2384 447 2441 damus
459 2387 489 2439 et
501 2381 644 2439 fidelitati
655 2388 757 2439 vestre
770 2382 968 2454 precipimus,
982 2389 1132 2456 quatenus
1145 2383 1243 2441 dictos
1257 2384 1347 2454 cives,
1359 2389 1393 2440 ut
1406 2383 1622 2456 premisimus

336 2491 366 2548 in
386 2491 471 2548 omni
493 2491 560 2546 iure
575 2490 724 2562 ipsorum,
741 2487 825 2561 quod
841 2489 873 2546 in
888 2491 1080 2562 possessione
1094 2490 1228 2547 habeant
1246 2489 1407 2559 antedicta,
1424 2489 1620 2547 auctoritate

335 2601 440 2654 nostra
456 2610 637 2653 conservare
653 2593 798 2652 debeatis.
814 2593 932 2652 Datum
949 2594 1038 2666 Albe,
1061 2596 1092 2652 in
1108 2596 1226 2652 octavis
1242 2597 1324 2653 beati
1347 2596 1428 2667 regis
1450 2593 1620 2667 Stephani.

424 2731 446 2780 E
468 2737 633 2795 transumpto
656 2729 782 2796 Stephani
809 2731 871 2780 bani
896 2731 977 2780 totius
1006 2731 1144 2781 Slavoniae
1173 2746 1240 2781 anno
1275 2741 1348 2789 1311.
1383 2731 1457 2788 item,
1485 2731 1567 2780 adest
1592 2730 1620 2779 in

335 2825 500 2884 transumpto
519 2817 615 2868 Karoli
633 2816 705 2882 regis
725 2817 879 2883 Hungariae
904 2819 936 2866 de
964 2834 1031 2868 anno
1062 2828 1136 2877 1317.
1162 2819 1193 2869 ln
1217 2819 1326 2869 archivo
1349 2819 1395 2868 lib.
1415 2833 1472 2883 reg.
1493 2818 1621 2868 civitatis

336 2908 440 2974 zagrab.

943 3083 1007 3151 98.

443 3229 519 3276 Anno
541 3235 613 3284 1311,
637 3235 674 3284 13.
692 3224 815 3290 januarii.
836 3225 865 3274 in
885 3225 1034 3274 Brezovica.

338 3334 501 3408 Stephanus
524 3335 615 3392 banus
638 3337 722 3392 toteos
746 3334 910 3400 Slooooioe‚
934 3337 1007 3392 ciues
1027 3334 1201 3393 Grechenses
1223 3337 1254 3391 io
1271 3336 1480 3410 possessorium
1505 3343 1618 3406 terroe,

547 3460 634 3515 quom
657 3441 763 3497 Kobila
787 3449 896 3509 uocant,
912 3449 971 3514 per
991 3442 1116 3498 homines
1137 3460 1202 3499 suos
1225 3442 1384 3498 introducit.

412 3583 587 3657 Stephanus
600 3585 698 3642 banus
710 3584 807 3642 tocius
819 3583 987 3642 Sclauonie.
999 3584 1157 3642 Universis
1170 3587 1363 3658 presencium
1379 3587 1618 3657 inspectoribus

341 3690 474 3748 salutem
497 3691 528 3748 in
552 3690 686 3748 dominc.
710 3689 760 3747 Ad
781 3691 998 3748 universorum
1022 3692 1168 3748 noticiam
1196 3697 1302 3749 tenore
1332 3691 1535 3764 presencium
1560 3707 1617 3748 vo-

338 3796 444 3854 lumus
467 3797 639 3870 pervenire,
662 3794 746 3870 quod
771 3812 864 3870 super
887 3796 1022 3869 quadam
1046 3799 1238 3870 possessione
1262 3798 1376 3855 Kohila
1392 3803 1512 3863 vocata,
1532 3800 1619 3856 inter

337 3907 455 3959 terram
480 3902 609 3975 capituli
632 3903 839 3974 zagrahiensis
862 3903 998 3973 ecclesie,
1023 3904 1167 3960 similiter
1197 3903 1312 3960 Kobila
1335 3903 1459 3973 dictam,
1485 3911 1518 3960 et
1543 3919 1619 3977 pos-

340 4008 507 4065 sessionem
531 4007 765 4066 Cruciferorum
788 4008 826 4065 de
849 4014 953 4065 sancto
985 4010 1117 4066 Martino
1148 3993 1304 4078 existente,
1329 4025 1385 4082 per
1408 4023 1463 4065 nos
1487 4009 1619 4068 civibus

340 4112 547 4171 Grecensibus
570 4113 761 4186 assignanda,
785 4115 842 4171 hac
868 4114 899 4170 in
929 4113 1037 4171 eadem
1061 4116 1145 4188 ipsos
1168 4115 1251 4172 cives
1281 4115 1503 4188 conservanda,
1530 4133 1619 4174 rece-

342 4220 444 4292 pimus
468 4218 585 4276 litteras
608 4220 740 4277 illustris
762 4220 843 4292 regis
859 4219 978 4278 domini
994 4221 1090 4278 nostri
1106 4221 1225 4290 Karuli,
1250 4220 1299 4278 dei
1323 4223 1427 4294 gracia
1451 4223 1619 4295 Hungarie

341 4324 372 4381 in
395 4324 453 4381 hec
476 4325 587 4382 verba:
618 4318 692 4403 (vid.
723 4341 767 4383 nr.
792 4339 831 4399 97
864 4325 902 4382 de
933 4340 1013 4383 anno
1048 4340 1138 4399 1310,
1170 4340 1217 4395 27.
1243 4321 1393 4404 Augusti).
1418 4327 1482 4385 Nos
1507 4329 1618 4402 itaque

342 4435 490 4503 precepto
513 4429 631 4488 domini
661 4431 743 4503 regis
774 4433 984 4505 optemperari
1015 4433 1182 4505 cupientes,
1213 4440 1246 4490 ut
1277 4440 1426 4501 tenemur,
1462 4435 1618 4492 comitem

343 4537 519 4606 Martinam,
544 4535 670 4594 fidelem
693 4537 898 4594 castellanum
920 4545 1062 4595 nostrum
1085 4537 1123 4596 de
1147 4538 1265 4610 Medue,
1284 4556 1417 4598 unacum
1432 4542 1618 4599 testimonio

343 4643 472 4716 capituli
495 4643 702 4714 zagrahiensis
733 4642 772 4700 ad
802 4643 1060 4701 reamhulandam
1093 4644 1209 4702 dictam
1239 4648 1465 4720 possessionem
1498 4654 1528 4705 et
1556 4655 1617 4706 sta-

344 4750 489 4808 tuendam
513 4751 634 4807 civihus
656 4752 826 4824 prenotatis
848 4750 1079 4822 destinavimus,
1104 4753 1157 4824 qui
1181 4751 1219 4809 ad
1244 4769 1300 4810 nos
1322 4753 1442 4811 rediens
1459 4755 1615 4822 recitavit,

345 4855 428 4929 quod
457 4871 560 4913 comes
591 4857 758 4927 Farcasius,
789 4871 885 4930 nepos
915 4857 1036 4914 comitis
1066 4857 1203 4926 Gardun‚
1236 4859 1267 4915 in
1298 4860 1508 4931 assignacione
1531 4859 1617 4918 dicte

346 4963 546 5036 possessionis
570 4962 776 5020 contradictor
798 4964 956 5034 extitisset,
980 4969 1009 5021 et
1040 4963 1123 5037 quod
1154 4965 1214 5038 ipsi
1245 4965 1351 5023 comiti
1382 4965 1527 5024 Farcasio
1555 4973 1617 5025 ter-
