3600 5804
437 609 510 666 Doc.
534 604 604 665 226.
629 619 697 684 227.
720 602 792 664 228.
812 639 849 647 —
875 605 1165 682 An.1352—1353.
1376 624 1434 678 205

758 801 845 867 226.

275 945 353 994 Anno
376 952 450 1002 1352,
470 951 492 1001 5.
512 941 666 992 decembris.
686 940 840 1007 Zagrabiae.

174 1068 338 1145 Stephanus
358 1072 442 1129 totitas
466 1069 623 1128 Slavaniae
637 1071 729 1126 banus
751 1070 949 1128 transsummt't
963 1071 1151 1148 priuilegium
1167 1071 1265 1129 tnta
1282 1071 1359 1142 bani,
1381 1091 1437 1146 qna

170 1179 242 1235 ct‘aes
271 1177 447 1236 Grrchenses
469 1196 488 1234 a
511 1177 643 1235 solvendo
666 1177 745 1233 lucro
774 1194 903 1234 camerac
924 1176 958 1233 de
986 1175 1070 1234 rebus
1092 1184 1120 1234 ct
1146 1179 1332 1235 mercimoniis
1354 1175 1439 1236 liberi

497 1283 727 1352 declarabantur,
751 1283 876 1357 idemque
898 1290 994 1340 ratum
1017 1282 1107 1341 labet.

256 1409 322 1467 Nos
345 1409 518 1484 Stephanus
541 1412 638 1468 tocius
662 1408 823 1468 Sclauonie
848 1415 877 1468 et
900 1409 1027 1468 Croacie
1052 1411 1156 1469 banus.
1182 1413 1330 1471 Memoris
1353 1429 1436 1471 com-

170 1516 351 1574 mendantes
373 1517 584 1590 significamus
614 1523 721 1575 tenore
751 1518 945 1592 presencium
974 1518 1088 1590 quibus
1120 1518 1245 1592 expedit
1276 1521 1435 1592 universis,

171 1622 252 1696 quod
276 1621 374 1692 Marii,
397 1623 481 1681 filius
504 1624 626 1696 Ligerii,
643 1623 735 1681 iudex
752 1625 884 1681 civitatis
902 1622 1071 1696 Grecensis,
1087 1640 1144 1681 suo
1167 1631 1197 1682 et
1220 1627 1436 1684 universorum

170 1729 346 1786 convicium
370 1744 498 1787 suorum
520 1729 559 1786 de
583 1729 691 1787 eadem
715 1727 834 1787 Gerech
858 1730 983 1786 nomine
1006 1735 1036 1788 et
1059 1731 1135 1800 vice,
1160 1731 1199 1788 ad
1222 1737 1360 1790 nostram
1388 1749 1437 1790 ac-

171 1834 309 1892 cedendo
340 1835 541 1910 presenciam,
573 1836 714 1893 exhibuit
756 1835 846 1893 nobis
878 1836 997 1894 litteras
1033 1837 1254 1910 privilegiales
1279 1838 1435 1912 quondam

172 1941 330 2013 magnifici
354 1941 415 1998 viri
437 1939 560 2013 Mylech,
584 1942 682 1998 tocius
713 1940 875 2000 Sclauonie
906 1941 986 2013 bani,
1017 1944 1131 2000 tenoris
1162 1943 1360 2018 infrascripti,
1383 1961 1436 2018 pe-

169 2053 234 2104 tens
258 2062 315 2104 nos
338 2047 451 2106 humili
474 2062 602 2121 precum
627 2063 698 2104 cum
722 2047 878 2119 instancia,
901 2053 936 2105 ut
958 2050 1042 2122 ipsas
1076 2050 1196 2107 litteras
1225 2051 1436 2125 privilegiales

169 2151 207 2209 de
242 2153 341 2210 verbo
371 2153 410 2209 ad
442 2153 575 2210 verbum
606 2155 719 2211 nostris
749 2154 861 2211 litteris
891 2155 1143 2229 privilegialibus
1174 2157 1265 2214 inseri
1296 2157 1436 2216 faciendo

169 2258 355 2316 confirmare
378 2258 585 2332 dignaremur.
610 2258 750 2331 Quarum
781 2265 870 2317 tenor
899 2260 971 2318 talis
1002 2266 1064 2319 est:
1094 2255 1167 2341 (vid.
1191 2279 1235 2320 nr.
1264 2277 1332 2338 159,
1356 2279 1435 2321 anno

173 2379 263 2438 1333.
290 2381 338 2440 29.
361 2357 491 2440 aprilis).
515 2363 579 2422 Nos
602 2365 696 2436 igitur
718 2366 904 2439 peticionem
928 2366 1059 2440 predicti
1076 2369 1172 2426 Marci
1188 2368 1297 2426 iudicis
1321 2371 1433 2428 iustam

169 2475 199 2527 et
221 2471 396 2544 legitimam
421 2470 487 2528 fore
511 2476 738 2544 cognoscentes
762 2471 886 2529 easdem
909 2473 1028 2530 litteras
1048 2474 1261 2548 privilegiales
1277 2475 1434 2548 quondam

170 2576 283 2648 Mykch
306 2578 379 2635 bani
402 2593 463 2634 non
487 2579 622 2648 abrasas,
646 2593 706 2635 non
730 2579 923 2650 cancellatas,
948 2580 1055 2637 necin
1079 2580 1184 2654 aliqua
1207 2581 1254 2638 sui
1278 2588 1366 2656 parte
1390 2584 1435 2640 vi-

169 2685 271 2754 tiatas,
295 2684 334 2741 de
357 2685 456 2742 verbo
479 2683 519 2742 ad
542 2685 675 2743 verbum
698 2685 894 2759 presentibus
917 2687 1010 2744 inseri
1033 2686 1174 2745 faciendo
1201 2687 1347 2746 duximus
1365 2705 1434 2748 con·

169 2789 346 2847 firmandas.
370 2791 403 2848 ln
427 2791 513 2848 cuius
536 2791 580 2848 rei
604 2792 788 2848 memoriam
813 2797 1058 2866 perpetuamque
1079 2793 1259 2852 firmitatem
1278 2801 1434 2868 presentes

169 2897 286 2953 litteras
302 2902 422 2954 nostras
438 2899 644 2955 concessimus
660 2897 880 2972 privilegiales,
894 2897 1055 2970 pendentis
1067 2899 1163 2972 sigilli
1180 2903 1276 2958 nostri
1289 2903 1435 2960 autentici

169 3003 340 3060 munimine
356 3003 525 3060 roboratas.
542 3003 657 3060 Datum
675 3002 834 3076 Zagrabie,
851 3003 927 3062 seria
943 3010 1053 3078 quarta
1070 3006 1215 3080 proxima
1231 3011 1301 3064 ante
1319 3007 1433 3065 festum

169 3109 251 3196 beati
274 3109 396 3167 Nicolai
419 3108 610 3167 confessoris
628 3111 717 3167 Anno
741 3110 859 3168 domini
883 3109 993 3168 MCCC
1017 3113 1274 3184 quinquagesimo
1291 3114 1432 3172 secundo

257 3225 398 3291 Originale
417 3225 444 3275 in
462 3227 621 3284 membrana,
640 3226 760 3292 sigillum
780 3229 901 3277 avulsum
921 3229 1086 3292 dependebat
1105 3245 1120 3277 e
1137 3245 1201 3280 zona
1220 3229 1321 3280 sericea
1334 3232 1395 3282 alba
1408 3239 1434 3282 et

170 3312 261 3362 viridi.
280 3313 311 3363 In
330 3313 440 3364 archivo
458 3314 505 3364 lib.
525 3330 579 3380 reg.
600 3315 672 3364 civit.
692 3316 795 3382 zagrab.

763 3529 847 3597 227.

271 3671 348 3718 Anno
371 3677 444 3728 1353,
466 3669 504 3719 18.
522 3669 643 3733 januarii.
664 3669 801 3720 Avinione.

256 3801 348 3858 Petro
361 3800 399 3857 de
412 3801 554 3858 Montilio
566 3802 712 3858 canonico
724 3802 923 3874 zagrabiensi‚
942 3802 1133 3861 Innocentius
1150 3820 1232 3878 papa
1248 3805 1297 3862 Vl.
1314 3806 1433 3864 confert

169 3907 380 3964 canonicatum
397 3911 427 3964 et
442 3906 654 3980 praebendam
669 3908 760 3965 huius
776 3908 846 3966 eccl.
863 3925 986 3981 unaque
1010 3909 1158 3982 indulget,
1172 3916 1205 3967 ut
1220 3913 1433 3970 canonicatum

170 4013 520 4085 quinqueecclesieosem
548 4013 578 4069 in
598 4013 728 4070 ecclesia
749 4013 778 4070 b.
803 4014 968 4086 Margarite
998 4013 1036 4072 de
1058 4015 1207 4086 Dionisi0‚
1231 4019 1434 4090 vesprimien-

169 4118 209 4175 sis
232 4117 390 4187 dioecesis‚
422 4133 493 4175 cum
516 4119 659 4190 cantoria,
686 4119 880 4178 canonicatus
904 4125 935 4176 et
957 4120 1151 4193 praebendas
1174 4123 1305 4180 retinere
1328 4125 1432 4197 possit.

257 4257 288 4304 A.
307 4252 432 4303 Theiner.
453 4253 522 4303 Mon.
543 4255 630 4320 Hung.
650 4253 710 4304 hist.
732 4255 764 4304 ΙΙ.
783 4273 807 4320 p.
827 4257 851 4305 ὁ,

759 4470 845 4536 228.

272 4592 350 4642 Anno
372 4598 445 4649 1353.
466 4591 507 4642 28.
527 4591 597 4641 maii.
617 4591 770 4658 Zagrabiae.

174 4699 332 4776 Stephanus
353 4701 495 4770 Creatiae,
520 4701 677 4761 Slavom'ae
698 4713 727 4762 et
746 4707 919 4764 Dalmatiae
941 4707 1010 4778 dux,
1025 4709 1113 4784 filius
1135 4710 1236 4769 Caroli
1256 4711 1432 4788 Hungariae

209 4817 254 4866 etc.
277 4809 355 4883 regis
368 4809 472 4883 privil.
495 4810 557 4866 eccl.
580 4811 696 4884 zagrab.
719 4831 739 4868 a
761 4813 874 4887 regibus
894 4813 1071 4888 Hungariae
1093 4816 1215 4890 largita,
1237 4819 1395 4893 confirmat.

255 4952 430 5027 Stephanus
454 4953 503 5011 dei
526 4956 630 5027 gracia
652 4956 750 5014 tocius
773 4956 943 5030 Sclauonie,
967 4959 1095 5018 Croacie
1119 4967 1148 5018 et
1171 4963 1333 5022 Dalmacie
1357 4963 1428 5025 dux.

174 5057 320 5117 Omnibus
342 5057 457 5116 Christi
480 5058 627 5118 fidelibus
649 5063 844 5135 presentibus
867 5069 897 5120 et
920 5062 1032 5124 futuris
1056 5083 1182 5141 presens
1210 5069 1361 5145 scriptum
1384 5073 1431 5130 in-
