3600 5804
344 541 382 608 58
767 538 839 595 Doc.
864 535 912 614 67.
940 573 976 580 -
1002 533 1171 614 An.1287.

341 757 434 814 curiis
461 763 490 813 et
521 757 590 813 aliis
614 755 704 812 bonis
727 755 766 812 ad
790 758 1047 814 sustentacionem
1075 756 1287 829 predictorum
1310 753 1517 822 sacerdotum,
1543 767 1611 824 pre

341 862 441 920 bende
467 864 598 932 nomine,
622 861 807 933 ordinantes,
831 867 861 918 et
883 863 1061 920 huiusmodi
1081 862 1295 936 prebendariis
1318 876 1370 916 seu
1395 857 1612 916 mansionariis

341 963 410 1045 [per
433 962 579 1045 mortem)
604 967 830 1040 decedentibus
854 970 936 1041 ipsas
960 967 1134 1042 prebendas
1157 974 1300 1024 vacantes
1323 964 1435 1022 fratres
1457 963 1557 1020 nostri
1574 960 1612 1017 de

340 1075 477 1148 capitulo
508 1075 548 1131 ab
582 1076 671 1132 inicio
700 1075 895 1132 contulerunt
918 1092 955 1132 ex
980 1075 1084 1131 debito
1108 1075 1168 1131 sibi
1191 1074 1257 1130 iure
1280 1070 1484 1144 competenti;
1508 1075 1540 1126 et
1565 1069 1608 1124 in·

342 1181 465 1238 terdum
489 1181 678 1238 venerabilis
701 1185 797 1254 pater,
821 1179 965 1238 dominus
980 1181 1194 1252 Thymotheus
1210 1179 1383 1252 episcopus,
1399 1175 1611 1249 predecessor,

340 1287 547 1359 zagrabiensis
583 1281 627 1364 (in
661 1279 842 1362 collacione)
878 1287 1088 1360 predictarum
1125 1285 1356 1358 prebendarum
1391 1281 1612 1339 decedencium

341 1391 535 1450 sacerdotum
559 1408 632 1449 usus
656 1391 748 1449 fuerit
771 1393 877 1464 aliquo
901 1399 1049 1466 tempore,
1073 1408 1110 1448 ex
1135 1407 1196 1464 qua
1219 1391 1318 1447 eciam
1342 1389 1514 1446 collacione
1539 1387 1613 1444 dicti

341 1499 451 1556 fratres
474 1500 570 1556 nostri
587 1498 808 1565 turbabantur;
828 1505 858 1556 et
873 1499 1034 1556 interdum.
1047 1492 1125 1574 [ipse
1141 1496 1301 1571 prebende
1317 1511 1456 1569 possesse
1473 1486 1613 1570 fuerunt)

341 1622 398 1679 per
421 1605 595 1663 sacerdotes
611 1599 664 1682 [ab
680 1607 827 1679 episcopo
843 1597 1079 1681 denominatos],
1105 1619 1239 1676 quorum
1263 1603 1361 1674 aliqui
1384 1617 1441 1674 pro
1458 1616 1506 1670 eo,
1528 1599 1613 1672 quod

341 1711 451 1769 fratres
466 1712 563 1768 nostri
580 1713 610 1768 in
634 1712 802 1769 collacione
825 1710 1016 1785 prefatorum
1041 1709 1273 1784 prebendarum
1289 1709 1384 1766 nichil
1401 1707 1476 1764 iuris
1495 1707 1614 1763 habere

341 1817 530 1887 dicebantur,
559 1823 652 1889 prout
667 1817 762 1874 iidem
788 1817 962 1874 sacerdotes
985 1821 1115 1890 propter
1139 1831 1247 1873 eorum
1271 1815 1441 1872 elacionem
1461 1813 1614 1870 fratribus

340 1925 453 1981 nostris
469 1924 650 1981 insultantes
674 1917 864 2000 [frequenter
887 1916 1077 2000 allegabant]
1102 1924 1185 1996 ipsos
1210 1923 1241 1979 in
1258 1937 1309 1978 eos
1326 1921 1401 1978 iuris
1417 1921 1462 1978 uil
1479 1921 1598 1978 habere
1608 1941 1615 1990 ;

341 2037 471 2102 propter
483 2029 566 2102 quod
582 2031 680 2086 eciam
696 2030 756 2102 ipsi
772 2030 945 2086 sacerdotes
962 2028 1110 2088 fratribus
1127 2031 1239 2087 nostris
1252 2029 1349 2086 eciam
1362 2029 1393 2085 in
1406 2029 1482 2101 ipsis
1497 2027 1614 2084 divinis

341 2135 528 2209 exequendis
552 2137 769 2210 obtemperare
801 2137 956 2194 interdurn
983 2137 1205 2194 contumaciter
1228 2135 1429 2207 denegabant,
1454 2141 1552 2207 prout
1576 2150 1614 2190 ex

342 2244 482 2314 ipsorum
514 2241 647 2298 fratrum
678 2249 853 2300 nostrorum
885 2241 1021 2299 veridica
1050 2243 1204 2300 relacione
1232 2241 1397 2298 didicimus
1420 2249 1450 2296 et
1474 2240 1614 2312 querela.

344 2347 406 2405 Nos
429 2348 533 2420 itaque
563 2363 601 2404 ex
632 2347 736 2406 officio
767 2365 839 2406 cure
872 2350 1037 2422 pastoralis
1064 2349 1153 2406 nobis
1177 2348 1324 2405 divinitus
1348 2347 1518 2404 commisso
1542 2361 1614 2419 pre·

343 2454 477 2511 fatorum
502 2453 634 2510 fratrum
658 2465 834 2512 nostrorum
859 2454 1103 2525 karissimorum,
1132 2462 1164 2511 ut
1188 2459 1337 2523 tenemur,
1360 2452 1509 2509 remediis
1533 2453 1615 2509 invi-

342 2561 440 2632 gilare
471 2561 636 2632 cupientes,
671 2561 873 2633 volentesque
904 2561 1044 2634 ipsorum
1068 2560 1213 2617 scandala
1236 2574 1414 2627 removere;
1437 2573 1512 2614 nam
1538 2557 1615 2614 dum

343 2681 450 2723 eorum
482 2667 596 2723 honera
627 2667 807 2736 excutimus,
840 2666 917 2723 dum
947 2666 1092 2723 scandala
1123 2681 1330 2734 removemus,
1362 2679 1417 2720 nos
1446 2664 1477 2720 in
1503 2679 1615 2721 eorum

344 2773 446 2844 quiete
478 2773 664 2843 quiescimus
696 2779 725 2828 et
757 2770 901 2828 fovemur
924 2773 954 2828 in
978 2788 1061 2846 pace,
1088 2772 1133 2829 Ad
1158 2772 1270 2829 iustam
1294 2771 1479 2845 peticionem
1505 2765 1617 2848 (igitur

344 2869 488 2952 fratrum)
512 2885 698 2946 nostrorum,
723 2883 752 2934 et
776 2879 848 2950 quia
871 2877 931 2936 fuit
955 2879 1082 2951 equitati
1105 2879 1286 2952 proximum
1311 2885 1341 2934 et
1362 2892 1551 2934 conssonum
1568 2893 1617 2934 ra-

343 2984 432 3054 cioni,
456 2983 614 3040 voluimus
637 2991 667 3040 et
690 2983 884 3041 decrevimus
908 2986 938 3042 in
961 2987 1053 3058 pleno
1069 2985 1206 3058 capitulo
1222 2999 1356 3040 unacum
1371 2983 1446 3056 ipsis
1464 2981 1617 3040 fratribus

342 3093 463 3150 nostris
496 3099 529 3148 ut
552 3091 705 3164 deinceps,
735 3093 813 3148 sicut
845 3092 932 3164 prius
959 3093 1006 3148 usi
1037 3090 1161 3148 fuerunt
1185 3091 1215 3147 in
1239 3090 1409 3147 collacione
1431 3083 1617 3167 (dictarum)

342 3198 572 3270 prebendarum
608 3205 760 3272 perpetuo
795 3205 824 3256 et
855 3199 953 3255 libere
988 3203 1111 3255 utantur
1144 3197 1237 3270 pleno
1268 3197 1343 3266 iure,
1375 3197 1514 3252 maxime
1543 3211 1616 3252 cum

345 3303 523 3360 huiusmodi
547 3304 686 3362 redditus
709 3304 967 3378 prebendaliales,
992 3311 1084 3376 prout
1108 3309 1154 3360 est
1177 3308 1359 3376 pretactum,
1383 3301 1421 3358 de
1444 3302 1538 3359 bonis
1556 3301 1618 3358 fra-

345 3413 426 3464 trum
453 3418 629 3466 nostrorum
654 3411 871 3467 canonicorum
895 3411 1080 3483 processisse
1104 3403 1145 3486 (et
1161 3410 1340 3483 provenisse
1356 3401 1496 3484 omnino)
1513 3407 1618 3466 dinos-

346 3521 470 3584 cantur;
502 3523 532 3573 et
562 3515 645 3588 quod
678 3516 855 3574 huiusmodi
886 3517 1044 3589 prebende
1074 3517 1194 3573 nonnisi
1222 3516 1361 3589 personis
1385 3515 1563 3572 constitutis
1586 3517 1618 3572 in

345 3621 530 3692 sacerdocio
563 3637 622 3678 non
654 3628 756 3679 tamen
784 3623 945 3694 canonicis,
975 3629 1005 3680 et
1027 3623 1059 3681 in
1083 3621 1210 3679 ecclesia
1233 3623 1376 3679 continue
1398 3621 1537 3678 residere
1563 3637 1618 3679 vo·

347 3725 482 3784 lentibus
512 3743 569 3800 per
600 3728 770 3801 capitulum
802 3735 832 3785 et
863 3723 931 3805 (per
962 3729 1084 3786 nullum
1108 3720 1217 3804 alium)
1241 3726 1445 3784 conferantur.
1470 3725 1619 3798 Quorum

347 3834 444 3890 eciam
467 3832 746 3906 prebendariorum
766 3850 818 3890 seu
836 3835 1114 3892 mansionariorum
1131 3833 1337 3904 sacerdotum,
1354 3835 1432 3891 sicut
1448 3835 1618 3906 institucio,

344 3945 378 3996 ut
401 3939 602 4013 prediximus
626 3940 669 3996 sic
693 3945 722 3996 et
738 3939 900 3998 destitucio
915 3940 955 3997 ad
971 3942 1143 4015 capitulum
1159 3941 1251 4014 plene
1267 3941 1426 4014 pertineat,
1443 3941 1469 3997 si
1487 3939 1571 3998 forte
1589 3943 1619 3998 in

248 4086 253 4094 .
345 4045 503 4102 sacrificiis
526 4045 604 4102 adeo
627 4047 792 4104 existerent
816 4047 1014 4119 negligentes,
1038 4047 1089 4104 vel
1109 4048 1186 4105 alias
1202 4047 1342 4121 ipsorum
1359 4061 1512 4118 excessus,
1529 4047 1619 4120 quod

344 4167 406 4210 non
430 4159 585 4226 optamus
616 4153 757 4226 ipsorum
789 4155 975 4227 protervitas
1007 4163 1184 4212 mereretur.
1208 4155 1245 4210 Et
1268 4161 1301 4210 ut
1325 4155 1380 4210 hec
1402 4159 1509 4210 nostra
1532 4154 1620 4212 ordi·

345 4259 432 4315 nacio
463 4274 516 4315 seu
549 4257 707 4316 decretum
738 4260 916 4316 inconcussa
948 4261 1115 4318 stabilitate
1147 4276 1199 4317 seu
1230 4265 1381 4334 perpetua
1411 4259 1562 4317 firmitate
1588 4262 1620 4318 in

346 4369 505 4438 posterum
529 4364 721 4422 inviolabilis
745 4373 930 4438 perseveret,
954 4375 1111 4439 presentes
1135 4373 1254 4424 nostras
1278 4367 1396 4424 litteras
1415 4366 1528 4424 exinde
1543 4383 1620 4425 con·

346 4471 493 4528 cessimus
525 4471 621 4542 sigilli
644 4471 741 4528 nostri
770 4473 914 4529 autentici
937 4473 1107 4530 munimine
1131 4474 1300 4530 roboratas.
1324 4473 1439 4529 Datum
1464 4471 1621 4545 Zagrabie

348 4577 378 4633 in
411 4577 529 4633 octavis
559 4577 656 4634 sancti
687 4577 856 4648 llychaelis
887 4579 1071 4651 archangeli.
1102 4581 1192 4636 Anno
1222 4578 1341 4636 domini
1368 4578 1540 4636 millesimo
1566 4579 1621 4638 CC

345 4683 554 4754 octoagesimo
578 4683 719 4756 septimo.

433 4817 572 4882 Originale
586 4817 612 4866 in
625 4818 784 4880 quibusdam
797 4821 863 4870 locis
876 4822 1002 4878 attritum,
1023 4823 1111 4886 (cuius.
1125 4825 1229 4872 lacunas
1242 4823 1447 4888 supplevimus),
1460 4831 1620 4873 asservatur

346 4907 372 4956 in
392 4907 500 4956 archivo
526 4923 582 4956 ven.
613 4907 690 4971 capit.
720 4911 823 4972 zagrab.
851 4909 911 4958 fasc.
937 4922 978 4972 92.
1003 4927 1041 4960 nr.
1067 4919 1108 4971 47.
1132 4911 1203 4960 Zona
1221 4911 1320 4960 sericea
1340 4912 1461 4960 caerulea
1482 4911 1619 4976 dependet

345 4997 444 5058 absque
462 4993 561 5058 sigillo.
582 4995 694 5045 Farlatti
715 4997 730 5044 l.
751 5011 771 5044 c.
791 5013 814 5061 p.
835 4998 892 5055 383.
911 4999 984 5063 Joan.
1005 4997 1114 5048 Tkalcic
1132 5000 1148 5048 l.
1170 5014 1189 5047 c.
1210 5015 1234 5063 p.
1255 5008 1313 5060 219.
