3728 5806
402 494 462 569 246
824 494 899 553 Doc.
923 488 994 569 258.
1019 525 1056 535 -
1074 492 1131 551 Art
1156 503 1241 569 1375.

401 693 562 750 obtubitus
587 693 617 750 in
641 692 743 765 specie
766 691 897 748 exhibiti
919 697 949 747 et
973 690 1125 765 producti,
1141 691 1221 747 inter
1237 695 1353 747 ceteras
1368 691 1529 748 libertates
1545 705 1665 748 eorum·

399 798 480 868 dem,
503 798 561 854 hac
591 798 734 871 specialis
765 797 867 869 gracie
894 797 1101 870 prerogativa,
1133 768 1343 871 per'eundem
1368 795 1529 854 dominum
1562 796 1664 854 Belem

400 919 505 976 regem
543 903 793 977 predecessorem
816 909 956 960 nostrum
981 903 1056 976 ipsis
1080 901 1168 972 facta,
1199 902 1325 960 eosdem
1356 902 1418 959 fide
1450 903 1665 976 conspeximus

400 1009 531 1080 oculata,
556 1005 670 1066 debere
693 1009 852 1081 gratulari,
879 1013 913 1064 ut
936 1008 962 1066 si
986 1009 1055 1080 quis
1078 1007 1116 1065 de
1140 1008 1223 1065 dicta
1247 1009 1371 1066 civitate
1395 1015 1499 1065 nostra
1522 1007 1665 1065 Grecensi

400 1115 439 1173 de
462 1115 613 1188 Zagrabia
643 1116 707 1172 sine
731 1115 846 1172 herede
870 1114 1043 1186 decesserit,
1075 1114 1113 1171 de
1136 1116 1230 1172 rebus
1253 1116 1316 1172 suis
1339 1115 1511 1172 mobilibus
1536 1115 1664 1172 liberam

400 1220 513 1278 habeat
546 1219 729 1294 disponendi
761 1221 946 1292 cuicumque
974 1220 1109 1277 voluerit
1141 1219 1337 1290 facultatem;
1365 1236 1414 1276 res
1448 1236 1524 1277 vero
1559 1221 1666 1278 immo·

400 1327 488 1398 biles,
512 1325 630 1397 domos,
656 1326 782 1398 curiam,
803 1326 918 1396 vineas,
946 1331 1043 1382 terras
1066 1333 1097 1382 et
1120 1325 1242 1383 edificia
1265 1341 1391 1383 suorum
1416 1327 1593 1383 concivium
1616 1328 1667 1384 ha·

401 1433 466 1490 bito
489 1433 618 1490 consilio
650 1433 738 1489 uxori
769 1448 824 1489 sue
855 1433 907 1488 vel
945 1432 1039 1489 alicui
1062 1437 1264 1504 cognatorum
1287 1447 1416 1490 suorum
1438 1432 1603 1504 relinquat,
1626 1435 1667 1490 ita

401 1545 512 1610 tamen,
537 1537 621 1612 quod
643 1555 699 1596 nec
723 1555 778 1612 per
801 1539 905 1612 ipsum
929 1555 985 1595 nec
1008 1555 1065 1612 per
1087 1554 1216 1595 uxorem
1241 1555 1296 1594 nec
1312 1555 1368 1612 per
1385 1546 1531 1610 cognatos
1547 1555 1565 1594 a
1581 1539 1666 1596 iuris-

401 1645 538 1702 diccione
569 1644 702 1702 civitatis
735 1645 832 1718 possit
864 1645 999 1701 alienare
1023 1660 1076 1700 seu
1109 1644 1203 1701 eximi
1237 1645 1289 1701 vel
1313 1645 1416 1701 avelli.
1439 1645 1527 1716 Item,
1552 1646 1576 1702 si
1602 1647 1667 1718 quis

401 1753 563 1809 intestatus
586 1749 750 1806 decesserit
774 1756 805 1806 et
828 1766 883 1806 nec
907 1764 1046 1822 uxorem,
1078 1767 1133 1808 nec
1156 1751 1247 1822 filios
1278 1768 1334 1808 nec
1356 1756 1503 1823 cognatos
1527 1753 1667 1809 habuerit

401 1858 461 1914 due
492 1861 596 1930 partes
622 1873 727 1913 rerum
759 1872 884 1914 suarum
917 1873 974 1929 per
1005 1857 1090 1915 viros
1121 1857 1294 1930 fidedignos
1326 1857 1363 1914 ad
1397 1859 1455 1914 hoc
1478 1857 1517 1914 de
1541 1859 1666 1915 consilio

401 1964 517 2021 civium
540 1962 711 2036 deputatos
727 1965 920 2036 pauperibus
938 1969 968 2020 et
984 1963 1111 2021 ecclesie
1129 1963 1266 2028 eiusdem
1284 1965 1417 2022 civitatis
1434 1963 1666 2030 distribuantur,

401 2069 495 2126 tercia
516 2084 592 2125 vero
616 2083 688 2140 pars
714 2067 753 2124 ad
777 2069 943 2126 utilitatem
967 2069 1099 2126 civitatis
1122 2077 1303 2127 reservetur.
1325 2069 1387 2127 Nos
1405 2070 1509 2142 itaque
1526 2070 1667 2143 inspectis

401 2175 560 2233 tenoribus
583 2173 714 2248 predicti
737 2175 904 2248 privilegii,
939 2173 1022 2232 idem
1045 2175 1246 2248 privilegium
1270 2180 1374 2232 ratum
1397 2176 1547 2232 habentes
1570 2181 1600 2232 et
1622 2191 1667 2232 ac-

401 2287 534 2355 ceptum,
559 2279 658 2338 dictos
688 2280 798 2338 fideles
830 2282 912 2338 cives
936 2287 1056 2339 nostros
1080 2281 1247 2339 Grecenses
1270 2281 1309 2338 de
1332 2281 1484 2354 Zagrabia
1507 2283 1538 2340 in
1563 2297 1668 2340 eorum

401 2389 522 2446 iuribus
553 2392 583 2444 et
613 2387 794 2444 libertatum
826 2388 1032 2460 prerogativis
1062 2388 1269 2462 privilegiatis
1300 2387 1487 2462 supradictis
1520 2389 1608 2445 illese
1640 2395 1668 2444 et

401 2493 530 2566 pacifice
561 2507 744 2551 conservare
775 2493 924 2564 volentes
955 2493 1129 2567 predictam
1156 2493 1358 2552 donacionem
1381 2499 1519 2552 nostram
1544 2493 1583 2551 de
1603 2511 1668 2567 pre·

401 2599 503 2657 missis
527 2598 630 2670 domo,
655 2599 753 2670 vineis
776 2603 805 2656 et
829 2599 919 2656 terris
949 2601 1122 2658 arabilibus
1152 2601 1249 2673 ipsius
1280 2600 1410 2658 condam
1439 2600 1554 2670 Paulis,
1577 2599 1669 2658 modo

401 2705 555 2780 premisso
587 2707 663 2779 ipsis
693 2704 818 2762 Andree
848 2706 985 2762 litterato
1017 2714 1047 2763 et
1077 2707 1153 2778 Elye
1183 2723 1241 2779 per
1274 2722 1329 2764 nos
1353 2706 1475 2778 factam,
1504 2707 1667 2764 simulcum

402 2811 491 2870 dictis
514 2812 625 2869 litteris
647 2811 760 2868 nostris
783 2811 885 2884 ipsam
908 2810 1110 2869 donacionem
1139 2813 1393 2887 exprimentibus,
1416 2813 1527 2885 previa
1549 2813 1670 2870 racione

401 2933 594 2988 revocamus,
619 2932 784 2987 cassamus,
808 2918 1015 2988 annullamus,
1039 2918 1197 2975 irritamus
1220 2934 1256 2975 ac
1278 2918 1399 2975 viribus
1423 2923 1452 2974 et
1475 2917 1591 2976 virtute
1606 2934 1670 2976 orn-

402 3025 474 3082 nino
497 3039 601 3082 carere
626 3023 860 3096 committimus
883 3025 995 3082 harum
1011 3031 1186 3083 nostrarum
1211 3033 1328 3082 secreto
1350 3030 1457 3082 nostro
1479 3025 1587 3098 sigillo
1603 3041 1670 3083 con·

402 3131 593 3203 signatarum
624 3129 800 3186 testimonio
832 3129 1006 3188 litterarum
1029 3129 1192 3188 mediante.
1222 3131 1338 3188 Datum
1367 3130 1398 3187 in
1427 3130 1618 3203 wissegrad,
1640 3132 1670 3188 in

402 3237 481 3295 lesto
515 3236 600 3294 beati
635 3234 763 3307 Georgii
798 3235 943 3293 martiris.
979 3237 1069 3293 Anno
1103 3235 1221 3294 domini
1253 3236 1424 3295 millesimo
1458 3237 1670 3295 trecentesimo

402 3342 632 3418 septuagesimo
655 3342 769 3414 quintu.

492 3458 633 3524 Originale
652 3458 679 3508 in
697 3459 857 3517 membrana,
883 3459 910 3510 in
929 3476 981 3524 qua
1000 3461 1158 3526 impressum
1176 3466 1214 3510 est
1233 3465 1362 3510 secretum
1380 3459 1501 3526 sigillum
1525 3461 1604 3527 regis.
1623 3461 1669 3510 sub

406 3564 459 3614 quo
479 3547 596 3618 „relacio
616 3548 745 3598 baronum
764 3546 913 3614 specialis“.
932 3549 963 3600 In
981 3549 1081 3600 archiv.
1101 3551 1183 3600 Acad.
1203 3549 1298 3601 Scient.
1318 3550 1387 3601 Slav.
1408 3549 1500 3599 merid.

509 3833 585 3882 Anno
610 3838 683 3891 1375·
992 3779 1077 3845 258⁸

445 3939 590 4012 lm'untu,
614 3961 634 3998 a
656 3944 784 4017 capti‘ulo
806 3943 926 4020 zagrab.
949 3942 1058 4000 cibibus
1087 3941 1295 4001 Grecltensr'bus
1318 3943 1428 4012 illatae,
1451 3944 1626 4018 resemnhcr.

491 4085 569 4144 item
591 4086 704 4160 primo,
720 4087 750 4144 in
772 4102 852 4144 anno
875 4085 994 4144 domini
1009 4086 1205 4144 MCCCLXX
1222 4086 1339 4159 quinto,
1355 4087 1530 4160 capitulum
1546 4088 1669 4144 ecclesie

403 4192 611 4265 zagrabiensis
634 4190 793 4266 quoddam
816 4192 976 4250 stabulum
1000 4193 1030 4249 in
1047 4192 1199 4250 suburbio
1216 4193 1349 4250 civitatis
1365 4191 1503 4266 predicte
1522 4194 1668 4262 habitum,

403 4304 544 4372 tempore
567 4302 717 4356 nocturno
741 4297 817 4355 dum
838 4303 948 4356 ventus
971 4313 1102 4370 magnus
1125 4304 1155 4354 et
1177 4298 1339 4356 horribilis
1361 4299 1509 4369 affuisset,
1532 4315 1590 4372 per
1619 4299 1670 4356 ho-

403 4403 502 4462 mines
533 4408 563 4461 et
593 4401 762 4461 familiares
793 4419 866 4462 suos
898 4403 1060 4462 incendere
1094 4403 1223 4474 fecisset
1258 4419 1316 4477 per
1345 4418 1438 4477 quam
1466 4405 1671 4463 incensionem

403 4509 501 4582 ipsius
524 4509 648 4581 stabuli,
670 4510 777 4567 vicum
799 4510 1059 4568 Theutonicorum
1089 4526 1153 4568 serv
1175 4515 1315 4568 sutorum
1340 4509 1437 4583 ipsius
1460 4511 1595 4569 civitatis
1616 4527 1671 4585 per

385 4615 508 4676 ,omnia
531 4630 728 4674 concremare
751 4616 879 4674 fecisset.
910 4617 978 4674 Hiis
1000 4633 1061 4675 non
1089 4617 1231 4688 contenti,
1266 4615 1375 4674 eodem
1408 4632 1487 4674 anno
1511 4618 1543 4675 in
1566 4619 1670 4691 vigilia

404 4719 475 4778 festi
499 4721 661 4778 beatorum
685 4721 766 4778 Petri
790 4728 820 4778 et
843 4721 931 4779 Pauli
954 4723 1176 4796 apostolorum,
1200 4723 1341 4780 homines
1364 4723 1461 4796 ipsius
1490 4724 1619 4796 capituli
1634 4739 1670 4781 ex

405 4825 621 4884 commissione
645 4826 783 4884 eiusdem
806 4827 944 4901 capituli,
968 4828 1023 4885 ubi
1046 4827 1168 4899 femine,
1192 4829 1339 4886 mulieres
1363 4835 1392 4885 et
1415 4829 1553 4901 virgines
1576 4831 1670 4888 invia

404 4931 533 5006 publica
555 4947 628 4990 cum
650 4933 806 4991 mercibus
828 4933 969 5008 ipsarum
1002 4934 1086 4992 clara
1108 4935 1178 4992 luce
1201 4935 1430 5008 processissent,
1455 4934 1581 4992 easdem
1603 4949 1669 5008 spo·
