3600 5804
758 563 831 620 Dac.
850 571 905 636 59.
930 556 980 620 όο,
1010 593 1045 602 -
1072 561 1128 617 An.
1154 571 1239 638 1275.

970 754 1032 821 59.

474 903 550 950 Anno
571 908 644 958 1275,
663 913 687 962 9.
707 897 788 964 Junii.
807 895 961 961 Zagrabiae.

360 1027 517 1105 Jaltannes
539 1027 631 1083 banus
652 1025 786 1099 ratificat
803 1023 983 1080 donationem
1005 1029 1100 1080 terrae
1122 1023 1204 1098 Faya
1233 1025 1301 1080 aliia
1324 1024 1510 1082 alicastrum
1532 1041 1636 1098 zogra-

366 1134 458 1192 biense
473 1133 654 1207 pertinentis,
676 1150 696 1187 a
718 1149 783 1204 rege
804 1129 946 1187 Ladislao
969 1128 1024 1185 IV
1049 1127 1177 1202 episcopa
1199 1130 1315 1203 zagrab.
1352 1129 1498 1187 Timotheo
1509 1131 1635 1206 factam.

455 1278 519 1336 Nos
547 1278 703 1361 Johannes
734 1276 833 1333 banus
863 1275 961 1332 tocius
997 1271 1167 1331 Sclauonie.
1199 1275 1347 1333 Memorie
1380 1275 1653 1369 commendantes¹

341 1445 346 1455 ,
366 1385 575 1459 significamus
599 1384 714 1456 quibus
744 1380 870 1454 expedit
893 1379 1045 1437 universis
1077 1381 1265 1453 presentium
1298 1397 1354 1455 per
1376 1386 1525 1454 tenorem,
1549 1380 1636 1454 quod

366 1491 555 1549 venerabilis
578 1496 667 1565 pater
698 1488 842 1546 dominus
873 1485 1096 1557 Thymotheus,
1129 1485 1177 1544 dei
1209 1488 1313 1560 gracia
1342 1489 1506 1562 episcopus
1530 1503 1635 1561 zagra·

366 1597 489 1668 biensis
513 1596 655 1654 exhibuit
685 1594 775 1652 nobis
805 1594 911 1650 literas
943 1592 1060 1650 domini
1093 1594 1190 1650 nostri
1221 1593 1366 1664 ladislai,
1398 1595 1530 1653 illustris
1552 1597 1634 1668 regis

367 1703 510 1776 Vngarie‚
542 1702 746 1760 continentes:
782 1699 867 1773 quod
901 1700 943 1756 ob
974 1699 1086 1756 merita
1116 1700 1318 1757 serviciorum
1347 1701 1485 1759 eiusdem
1515 1700 1635 1758 domini

365 1809 503 1882 episcopi
527 1807 684 1882 quandam
707 1815 823 1865 terram
847 1806 939 1863 castri
961 1805 1176 1878 zagrabiensis,
1200 1805 1280 1877 Fayz
1297 1813 1447 1878 vocatam,
1464 1807 1557 1864 sitam
1572 1808 1632 1864 sub

366 1921 467 1972 castro
490 1913 629 1971 eiusdem
652 1913 770 1971 domini
793 1912 940 1986 episcopi,
964 1911 1002 1968 ad
1026 1911 1123 1985 ipsius
1154 1913 1339 1986 peticionem
1367 1913 1480 1971 sibiet
1503 1915 1632 1972 ecclesie

366 2037 420 2079 sue
450 2036 522 2078 cum
552 2021 698 2078 omnibus
726 2018 913 2076 utilitatibus
946 2023 975 2074 et
1006 2019 1202 2090 pertinenciis
1233 2020 1297 2076 suis
1326 2019 1545 2094 possidendam
1568 2021 1634 2078 inre

366 2133 517 2202 perpetuo
540 2127 740 2194 contudisset,
764 2126 804 2181 ab
829 2124 914 2181 omni
938 2122 1149 2181 iurisdictione
1172 2125 1265 2182 castri
1287 2127 1495 2198 zagrabiensis
1510 2127 1634 2200 penitus

365 2233 536 2292 eximendo.
561 2232 656 2290 Cuius
680 2231 807 2304 quidem
841 2237 921 2288 terre
952 2229 1156 2288 collacionem
1187 2232 1253 2304 ipse
1285 2231 1429 2290 dominns
1451 2239 1557 2291 noster
1577 2248 1632 2290 rex

365 2341 464 2398 eciam
488 2354 544 2397 suo
563 2339 731 2412 privilegio
750 2337 969 2407 confirmasset,
993 2341 1024 2393 et
1040 2338 1230 2410 precipiebat
1247 2339 1338 2396 nobis
1353 2340 1384 2396 in
1400 2339 1518 2396 eisdem
1536 2340 1633 2398 literis

365 2447 436 2507 suis.
461 2445 545 2519 quod
570 2443 724 2519 prefatam
749 2449 864 2500 terram
887 2442 976 2513 Fayz,
999 2441 1100 2500 eidem
1124 2443 1251 2501 domino
1282 2445 1428 2518 episeopo
1451 2451 1481 2502 et
1505 2447 1633 2503 ecclesie

365 2567 419 2609 sue
442 2553 529 2608 iuxta
551 2552 597 2609 sui
621 2549 779 2624 privilegii
803 2548 1026 2606 continenciam
1049 2549 1225 2622 relinquere
1241 2549 1432 2607 deberemus.
1448 2550 1513 2608 Nos
1529 2553 1633 2624 itaque

312 2675 319 2694 ·
365 2656 519 2715 mandatis
542 2657 662 2714 domini
683 2656 765 2728 regis
781 2656 1041 2729 obtemperantes,
1064 2661 1099 2712 ut
1114 2655 1272 2727 debemus,
1292 2656 1521 2714 considerantes
1536 2658 1632 2715 eciam

365 2763 463 2837 ipsius
487 2762 605 2821 domini
629 2763 767 2838 episcopi
791 2761 947 2818 meritoria
979 2761 1129 2833 obsequia
1159 2766 1189 2818 et
1221 2763 1404 2834 obsequiosa
1428 2765 1547 2834 merita,
1572 2780 1631 2836 que

365 2868 491 2928 domino
514 2870 580 2943 regi
603 2870 634 2928 in
657 2868 788 2926 diversis
804 2867 890 2940 regni
907 2867 954 2924 sui
970 2867 1104 2940 negociis
1120 2873 1150 2924 et
1166 2868 1421 2942 expedicionibus
1437 2869 1632 2942 impenderat

364 2979 395 3033 et
409 2975 568 3050 impedere
591 2979 713 3051 poterat
735 2975 766 3031 in
789 2972 938 3044 futurum,
964 2972 1118 3046 prefatam
1135 2979 1249 3032 terram
1266 2975 1354 3046 Fayz,
1370 2976 1509 3050 inspecto
1527 2982 1630 3034 tenore

364 3083 523 3156 privilegii
539 3082 656 3140 domini
672 3082 754 3154 regis
771 3097 864 3154 super
880 3080 1049 3138 collacione
1064 3079 1203 3138 eiusdem
1216 3079 1364 3153 coniecto,
1381 3083 1566 3155 reliquimus
1580 3082 1632 3139 do-

365 3189 450 3246 mino
474 3190 620 3264 episcopo
643 3193 673 3245 et
696 3187 823 3245 ecclesie
846 3202 900 3243 sue
923 3193 953 3242 et
977 3202 1032 3259 per
1054 3202 1125 3243 eum
1142 3187 1205 3243 suis
1222 3189 1450 3245 successoribus
1466 3190 1507 3246 ab
1523 3189 1632 3246 eodem

365 3301 466 3353 castro
496 3295 687 3368 zagrabiensi
718 3298 881 3366 exceptam
911 3293 1033 3365 penitus
1063 3299 1093 3348 et
1120 3300 1298 3367 exemptam
1330 3294 1396 3351 iure
1428 3301 1580 3368 perpetuo
1603 3303 1633 3352 et

365 3401 611 3458 irrevocabiliter
641 3398 870 3474 possidendam,
903 3397 961 3454 sub
991 3396 1108 3454 eisdem
1139 3399 1273 3470 antiquis
1304 3400 1394 3456 metis
1425 3406 1455 3457 et
1495 3401 1633 3458 terminis

365 3507 478 3580 quibus
501 3513 638 3564 castrum
660 3505 857 3578 zagrabiense
881 3503 1049 3560 dinoscitur
1068 3503 1109 3560 ab
1140 3505 1267 3577 antiquo
1300 3505 1480 3579 possedisse.
1507 3507 1631 3564 Presen-

365 3613 449 3670 tibus
473 3619 577 3672 tamen
595 3618 624 3670 et
640 3611 880 3669 assencientibus
896 3609 1112 3682 iobagionibus
1128 3611 1220 3668 castri
1244 3613 1450 3684 zagrabiensis
1470 3614 1628 3671 universis.

363 3718 399 3776 In
423 3720 509 3777 cuius
533 3719 575 3776 rei
600 3718 784 3776 memoriam
800 3723 831 3773 et
846 3721 1030 3790 perpetuam
1048 3714 1228 3773 firmitatem
1244 3725 1401 3791 presentes
1425 3722 1632 3778 concessimus

364 3825 483 3884 litteras
506 3825 677 3883 munimine
699 3823 796 3882 nostri
819 3823 916 3895 sigilli
939 3821 1107 3879 roboratas.
1140 3821 1256 3880 Datum
1285 3823 1443 3896 Zagrabie,
1467 3827 1498 3882 in
1522 3833 1631 3883 octava

365 3931 593 3992 Penthecosten.
617 3931 708 3988 Anno
730 3929 849 3986 domini
872 3926 1078 3985 MCCLXXV.

455 4068 476 4118 E
499 4067 572 4118 libro
600 4067 723 4134 privileg.
753 4069 864 4130 eppatus
891 4063 995 4128 zagrab.
1016 4079 1039 4128 p.
1065 4064 1106 4124 64.
1132 4061 1162 4112 ln
1191 4064 1261 4113 arch.
1291 4065 1406 4130 archiep.
1430 4067 1536 4132 zagrab.
1555 4067 1630 4132 Joan·

365 4155 481 4208 Ttaltie.
502 4155 571 4206 Mon.
592 4156 652 4206 hist.
672 4155 750 4219 episc.
769 4152 873 4218 zagrab.
894 4150 914 4200 Ι.
934 4167 959 4215 p.
983 4151 1037 4205 176.

966 4368 1031 4434 60.

471 4447 545 4494 Anno
568 4449 641 4500 1275,
664 4451 702 4489 11.
723 4439 845 4505 Augusti.

364 4573 522 4632 ladislaus
544 4571 600 4628 IV.
625 4569 801 4641 Hungariac
822 4575 868 4624 etc.
892 4585 946 4623 rex
975 4565 1083 4623 civibus
1116 4564 1323 4623 Grecbensibus
1345 4565 1379 4624 dc
1403 4565 1554 4639 Zagrabia
1571 4573 1631 4638 pro

362 4683 488 4758 ipsarum
512 4677 662 4735 meritoriis
684 4675 808 4731 servitiis
829 4681 929 4730 canoa
951 4673 1077 4730 hortinas
1099 4675 1175 4746 regis
1190 4672 1346 4730 Bahemiac
1361 4673 1502 4746 impensis,
1525 4672 1626 4728 villam

607 4781 697 4838 castri
717 4779 912 4853 zagrabiensis
934 4779 1040 4836 Kabila
1063 4780 1235 4852 appelalam,
1257 4778 1373 4854 confert.

452 4926 614 4985 Ladizlaus
638 4925 688 4982 dei
710 4926 814 4997 gracia
837 4925 1003 4996 Hungarie,
1027 4925 1195 4995 Dalmacie,
1224 4922 1359 4994 Croacie,
1383 4923 1488 4993 Rame,
1512 4919 1628 4989 Seruie,

363 5035 504 5106 Gallicie,
528 5031 719 5100 Lodomerie,
743 5031 899 5102 Comanie,
924 5030 1128 5103 Bulgarieque
1149 5047 1211 5088 rex.
1235 5030 1387 5088 Omnibus
1411 5029 1526 5086 Christi
1550 5026 1625 5084 fide·
