3728 5806
621 537 693 592 Doc.
717 549 788 609 290.
816 571 851 580 -
880 539 935 596 An.
962 536 1052 616 1380.
1409 559 1468 613 277

202 735 425 804 dehonestavit,
461 737 589 808 ipseque
624 736 788 808 Philippus
824 737 942 795 ibidem
977 739 1106 795 astando
1141 756 1178 796 ex
1214 745 1301 812 parte
1331 740 1469 798 eiusdem

202 840 325 911 Reynar
356 856 450 912 super
481 841 548 914 ipsa
581 841 811 914 vituperacione
842 844 902 901 sibi
934 845 1081 902 iudicium
1105 852 1135 902 et
1159 846 1310 902 iusticiam
1336 862 1391 918 per
1414 862 1469 903 nos

203 945 343 1018 inpertiri
374 947 571 1019 postulabat;
602 962 660 1018 pro
692 963 728 1004 eo
758 963 814 1006 nos
844 966 977 1006 unacum
1010 951 1156 1023 predictis
1192 951 1278 1022 regni
1301 953 1471 1009 baronibus

201 1057 398 1123 prenotatum
422 1051 544 1123 Reynar
567 1059 674 1108 contra
696 1055 924 1112 mencionatum
950 1057 1131 1128 Philippum
1155 1057 1185 1114 in
1210 1072 1271 1114 uno
1294 1057 1407 1114 iudicio
1424 1074 1470 1115 re·

201 1157 265 1228 gali
296 1173 350 1214 sex
382 1173 559 1216 marcarum
591 1160 768 1218 convictum
799 1160 865 1219 fore
896 1162 1094 1220 decernentes
1129 1163 1351 1232 commisimus,
1387 1163 1470 1235 quod

202 1263 359 1337 predictus
390 1264 513 1336 Reynar
538 1265 712 1338 predictum
744 1267 891 1326 iudicium
925 1269 1029 1340 regale
1052 1286 1105 1326 sex
1130 1285 1304 1327 marearum
1328 1271 1418 1326 nobis
1442 1276 1471 1326 et

202 1370 283 1444 parti
307 1369 438 1428 adverse
462 1372 492 1428 in
516 1371 655 1428 eiusdem
678 1374 796 1431 octavis
813 1370 882 1431 festi
899 1376 981 1432 beati
998 1375 1124 1448 Georgii
1140 1376 1276 1432 martiris
1292 1376 1471 1449 persolvere

202 1481 356 1544 teneatur;
391 1477 533 1549 partibus
565 1494 641 1534 vero
672 1479 858 1552 supradictis
894 1497 985 1538 causa
1016 1482 1046 1539 in
1078 1481 1231 1554 premissa
1265 1481 1472 1539 concordandi

202 1583 336 1640 liberam
366 1584 530 1643 annuimus
555 1583 742 1656 facultatem,
782 1585 953 1642 dummodo
988 1603 1043 1644 nos
1067 1587 1105 1644 de
1130 1587 1243 1644 iudicio
1266 1588 1363 1660 ipsius
1387 1588 1472 1660 pacis

204 1691 290 1748 iuxta
313 1691 494 1762 qualitatem
526 1707 617 1748 cause
640 1691 780 1765 ipsorum
807 1692 984 1765 supradicte
1007 1693 1104 1750 velint
1128 1693 1330 1766 complacere.
1355 1693 1472 1750 Datum

203 1797 233 1854 in
258 1795 459 1868 Wyssegrad,
482 1803 593 1854 octavo
613 1797 662 1854 die
678 1799 803 1856 termini
818 1800 980 1872 prenotati.
999 1800 1088 1856 Anno
1104 1799 1221 1856 domini
1238 1798 1470 1856 MCCCLXXX.

292 1950 433 2016 originale
454 1951 481 2001 in
500 1951 599 2010 charta,
624 1967 639 2000 a
659 1957 735 2017 tergo
755 1951 913 2017 impressum
931 1952 1059 2017 sigillum.
1079 1952 1109 2002 in
1122 1951 1194 2005 arch.
1208 1952 1254 2002 lib.
1268 1967 1288 2001 r.
1303 1951 1352 2001 civ.
1366 1952 1470 2016 zagrab.

792 2235 884 2303 290.

310 2397 386 2445 Anno
409 2396 483 2453 1380,
507 2404 543 2452 15.
562 2395 684 2459 januarii.
704 2395 735 2444 In
754 2395 894 2461 Visegrad.

210 2542 335 2598 Thomas
357 2541 527 2598 lavamicus
549 2559 666 2598 causam
690 2541 810 2616 Reynar
831 2543 907 2598 inter
927 2550 956 2600 et
967 2542 1113 2619 Jacobom
1136 2541 1253 2598 radicem
1275 2541 1472 2612 Grechcnsem,

764 2653 913 2720 prorogat.

292 2809 357 2866 Nos
380 2809 516 2866 Thomas
540 2808 578 2866 de
610 2813 715 2866 sancto
745 2809 890 2882 Georgi0,
923 2811 1071 2882 magister
1101 2811 1329 2867 tavarnicorum
1355 2809 1473 2868 domini

205 2916 362 2984 Lodouici,
387 2915 436 2972 dei
459 2916 564 2988 gracia
587 2916 669 2988 regis
694 2916 858 2988 Hungarie.
884 2916 1001 2972 Damus
1027 2932 1083 2988 pro
1108 2917 1266 2984 memoria,
1291 2915 1374 2987 quod
1400 2931 1471 2972 cum

204 3023 327 3093 Reynar
342 3023 472 3092 institor,
488 3022 644 3080 habitator
661 3023 794 3079 civitatis
810 3023 923 3078 montis
940 3021 1132 3092 Grecbensis
1159 3022 1361 3094 personaliter
1388 3022 1474 3078 iuxta

205 3128 429 3186 continenciam
464 3128 637 3185 litterarum
669 3128 797 3201 capituli
827 3127 1034 3200 zagrabiensis
1058 3128 1175 3196 citatus,
1209 3128 1237 3184 in
1269 3128 1386 3184 octavis
1410 3127 1471 3185 diei

205 3235 445 3292 circumcisionis
469 3233 587 3290 domini
611 3235 641 3291 in
665 3233 767 3306 figura
795 3235 892 3291 nostri
923 3233 1027 3291 iudicii
1059 3233 1269 3306 comparendo
1292 3239 1399 3290 contra
1420 3234 1471 3316 Ja-

206 3343 319 3398 cobum
343 3339 460 3398 dictum
485 3340 590 3411 Bolya‚
614 3340 746 3398 iudicem
778 3341 911 3398 civitatis
941 3339 1089 3412 predicte,
1112 3341 1143 3396 in
1167 3338 1255 3396 factis
1280 3341 1419 3412 potencie
1443 3347 1473 3398 et

207 3447 335 3520 dampni
358 3462 463 3503 rerum
487 3462 578 3518 agere
607 3451 636 3503 et
668 3463 842 3520 proponere
872 3447 1037 3515 voluisset;
1067 3445 1190 3502 tandem
1221 3446 1274 3516 qui
1300 3445 1472 3518 Philippus

205 3552 288 3610 filius
313 3553 419 3620 Mauri,
444 3552 520 3609 civis
544 3552 681 3625 predicte
705 3551 838 3610 civitatis
862 3568 931 3609 cum
957 3551 1177 3632 procuratoriis
1201 3551 1312 3608 litteris
1335 3551 1473 3607 eiusdem

206 3659 338 3716 civitatis
361 3673 419 3731 pro
444 3658 552 3715 eodem
575 3659 692 3741 Jacobo
724 3659 909 3717 iudicialiter
940 3657 1149 3732 comparendo
1172 3673 1233 3714 non
1257 3658 1472 3731 respondebat,

205 3765 257 3822 sed
281 3766 382 3838 ipsam
406 3780 530 3821 causam
554 3765 672 3837 absque
701 3765 832 3822 alicuius
865 3764 1015 3822 evidentis
1046 3764 1177 3820 racionis
1209 3765 1418 3835 assignacione
1442 3765 1472 3820 in

207 3871 371 3928 terminum
393 3871 576 3927 ulteriorum
602 3887 658 3944 per
681 3887 737 3927 nos
761 3871 923 3943 prorogari
955 3868 1055 3926 facere
1085 3870 1250 3940 nitebatur,
1275 3885 1332 3944 pro
1358 3885 1395 3926 eo
1418 3886 1474 3926 nos

206 3993 330 4034 causam
356 3976 539 4049 premissam
563 3977 602 4032 ad
625 3983 750 4033 octavas
773 3976 843 4033 festi
869 3977 949 4034 beati
973 3973 1100 4047 Georgii
1127 3976 1272 4046 martiris,
1296 3993 1377 4033 nunc
1400 3993 1474 4033 ven-

207 4089 289 4140 turas
314 4087 517 4155 prorogantes
540 4083 753 4140 commisimus
782 4099 818 4139 eo
850 4083 952 4152 modo,
978 4088 1011 4138 ut
1034 4087 1106 4139 ‘tunc
1140 4083 1311 4155 prelibatus
1338 4083 1474 4165 Jacobus

206 4189 298 4246 iudex
322 4189 528 4262 personaliter
551 4189 602 4245 vel
624 4205 797 4261 persuum
827 4189 1001 4261 legitimum
1033 4195 1266 4261 procuratorem
1290 4189 1329 4246 ad
1354 4189 1474 4246 obiecta

206 4295 336 4370 predicti
361 4295 484 4366 Reynar
507 4309 578 4350 cum
602 4294 715 4352 iudicio
739 4295 834 4351 trium
866 4309 1042 4351 marcarum
1074 4295 1163 4352 nobis
1187 4301 1216 4351 et
1239 4296 1321 4368 parti
1344 4293 1474 4350 adverse

208 4399 485 4475 persolvendarum
509 4399 695 4473 respondere
718 4407 857 4459 teneatur
879 4416 986 4458 coram
1009 4402 1116 4470 nobis;
1140 4401 1282 4474 partibus
1305 4415 1380 4457 vero
1403 4415 1474 4458 con·

208 4506 356 4564 cordandi
379 4507 512 4564 liberam
535 4507 699 4564 annuimus
733 4506 922 4579 facultatem,
947 4507 1118 4573 dummodo
1141 4522 1197 4564 nos
1220 4505 1259 4564 de
1282 4506 1397 4563 iudicio
1421 4507 1473 4564 ha·

208 4613 271 4671 bite
295 4613 380 4686 pacis
404 4613 502 4670 velint
526 4613 721 4686 complacere
744 4615 877 4671 termino
907 4615 937 4671 in
961 4613 1078 4671 eodem.
1102 4613 1217 4670 Datum
1242 4613 1272 4669 in
1296 4612 1473 4685 vissegrad,

211 4726 319 4779 octavo
342 4721 392 4779 die
415 4721 540 4778 termini
563 4721 724 4794 prenotati.
748 4722 839 4778 Anno
862 4721 980 4778 domini
1003 4719 1236 4777 MCCCLXXX.

297 4873 437 4941 Originale
451 4875 478 4925 in
491 4875 588 4924 charta.
603 4877 627 4925 Α
640 4881 716 4941 tergo
729 4881 841 4940 apparet
857 4875 1014 4940 impressum
1026 4874 1097 4940 sigil.
1111 4874 1141 4924 In
1155 4874 1224 4924 arch.
1239 4875 1255 4923 l.
1270 4889 1290 4923 r.
1306 4873 1354 4923 civ.
1369 4873 1472 4937 zagrab.
