3728 5806
824 543 897 601 Doc.
921 539 992 600 252.
1019 576 1056 586 -
1074 543 1130 601 An.
1155 538 1243 620 1376.

400 745 506 797 nostro
528 740 566 798 de
591 740 764 812 Bukoucha,
788 759 824 799 ac
848 743 984 816 quodam
1009 757 1069 799 uno
1091 743 1270 800 molendino
1286 743 1316 800 in
1333 743 1428 800 fluvio
1445 743 1660 814 hledwenycha

400 855 517 916 vocam,
550 853 579 902 et
612 847 641 903 in
674 849 785 905 tenutis
816 849 948 906 civitatis
979 848 1142 906 Grecensis
1174 849 1330 919 existente,
1353 865 1423 906 curn
1448 855 1530 906 terra
1554 849 1662 906 arabili

399 952 438 1009 ad
462 951 491 1009 id
517 952 730 1010 molendinum
764 956 943 1027 pertinente,
975 955 1119 1012 similiter
1153 971 1223 1011 cum
1257 955 1449 1026 quibuslibet
1481 954 1662 1011 utilitatibus

399 1057 580 1115 eorumdem
613 1059 700 1114 vinee
731 1069 760 1116 et
790 1060 959 1117 molendini
990 1061 1185 1133 presentibus
1216 1061 1332 1133 pariter
1363 1065 1392 1116 et
1424 1059 1555 1128 futuris;
1584 1061 1661 1128 item,

400 1163 556 1236 quandam
582 1169 695 1221 terram
720 1166 871 1223 arabilem
895 1166 933 1223 ad
959 1182 1012 1223 sex
1035 1166 1181 1224 videlicet
1205 1165 1311 1236 dietas,
1339 1182 1433 1238 quam
1457 1166 1488 1222 in
1512 1165 1663 1222 territorio

400 1271 461 1326 vici
485 1271 665 1328 Latinorum
689 1273 730 1328 ab
754 1272 880 1344 antiquo
913 1273 989 1346 ipsis
1014 1273 1269 1330 testamentaliter
1291 1272 1427 1345 legatam
1450 1271 1663 1346 possedissent,

399 1375 499 1434 eidem
524 1377 652 1434 ecclesie
672 1378 769 1435 sancti
792 1378 940 1460 Johannis
963 1384 992 1435 et
1015 1377 1097 1435 dicto
1122 1380 1256 1452 plebano
1280 1394 1316 1434 ac
1340 1395 1395 1452 per
1415 1394 1486 1435 eum
1503 1377 1664 1450 quibusvis

399 1483 460 1539 iam
484 1481 564 1540 dicte
588 1483 716 1540 ecclesie
739 1484 835 1540 sancti
855 1483 1003 1567 Johannis
1028 1485 1160 1556 baptiste
1188 1485 1360 1542 rectoribus
1387 1484 1448 1541 sibi
1472 1485 1502 1540 in
1527 1481 1664 1540 futurum

399 1589 642 1661 succedentibus
672 1605 742 1648 curn
775 1591 859 1648 omni
890 1606 927 1647 eo
957 1589 1096 1648 dominio
1126 1595 1156 1647 et
1186 1591 1384 1664 proprietate,
1405 1590 1520 1662 quibus
1543 1587 1666 1646 easdem

399 1697 458 1770 ipsi
484 1695 595 1754 fratres
619 1697 796 1754 habuissent
820 1703 850 1754 et
873 1696 1081 1771 possedissent
1103 1695 1198 1753 modo
1221 1695 1376 1754 consimili
1399 1697 1430 1752 in
1449 1694 1665 1752 concambium

400 1802 563 1872 dedissent,
594 1801 791 1859 tradidissent
821 1808 851 1860 et
882 1803 1095 1874 assignassent,
1127 1818 1201 1874 ymo
1232 1801 1383 1860 dederunt
1412 1807 1442 1859 et
1473 1801 1668 1873 assignarunt

399 1907 467 1984 jure
498 1909 722 1983 perhempnali,
758 1909 912 1979 tenendas,
946 1909 1147 1982 possidendas
1179 1909 1295 1982 pariter
1322 1914 1352 1965 et
1375 1907 1541 1977 habendas,
1565 1905 1667 1963 condi-

400 2015 486 2071 cione
510 2019 612 2072 tamen
636 2023 665 2072 et
688 2015 826 2072 serviciis
849 2015 939 2072 nobis
962 2015 1123 2072 dumtaxat
1153 2015 1291 2086 capitulo
1321 1996 1513 2087 zagrabiensi
1544 2013 1583 2069 de
1606 2013 1668 2068 iarn

401 2120 484 2176 dicto
515 2121 624 2194 predio
660 2121 772 2192 Elyzna
806 2127 915 2179 vocato
950 2121 1076 2192 debitis,
1112 2121 1378 2195 provenientibus,
1413 2135 1538 2193 semper
1573 2119 1668 2175 salvis

401 2227 640 2284 remanentibus.
673 2227 751 2283 Mete
782 2233 885 2284 autem
917 2228 1014 2300 ipsius
1045 2227 1145 2300 predii
1170 2233 1199 2284 et
1223 2233 1304 2284 terre
1329 2227 1496 2300 prenotatis
1520 2225 1669 2282 iratribus

400 2341 429 2391 et
461 2349 567 2392 eorum
599 2333 733 2390 claustro
764 2333 951 2407 supradicto
983 2333 1076 2390 modo
1107 2348 1170 2406 quo
1200 2349 1304 2406 supra,
1344 2332 1432 2402 datis,
1464 2339 1556 2405 prout
1588 2332 1669 2404 ipsas

401 2441 490 2497 nobis
514 2440 712 2497 honorabiles
736 2440 804 2510 viri,
829 2439 963 2497 domini:
988 2441 1101 2496 Paulus
1117 2445 1223 2497 cantor
1243 2445 1274 2496 et
1290 2439 1409 2496 Blasius
1436 2437 1670 2496 archidiaconus

399 2546 614 2617 hamarcensis,
652 2561 769 2604 necnon
804 2547 952 2618 magister
978 2546 1132 2616 Nicolaus,
1164 2551 1256 2618 atque
1283 2545 1431 2617 magister
1453 2544 1598 2626 Jacobus,
1622 2559 1670 2600 ar·

399 2651 597 2710 chidiaconus
628 2651 667 2708 de
697 2651 808 2720 'lorda,
839 2651 870 2708 in
895 2652 1023 2708 ecclesia
1051 2652 1249 2722 transilvana,
1274 2651 1408 2708 vicarius
1431 2650 1529 2708 nostri
1551 2650 1671 2722 episco-

401 2763 490 2832 patus
515 2759 704 2832 temporalis,
728 2759 802 2815 socii
825 2765 855 2815 et
879 2759 1074 2816 concanonici
1098 2759 1203 2829 nostri,
1227 2773 1344 2815 necnon
1369 2756 1520 2828 hlychael,
1536 2754 1670 2812 condam

401 2864 533 2934 villicus
560 2863 706 2935 Andreas,
730 2864 830 2921 dictus
854 2864 922 2936 Gay
946 2869 976 2922 et
1000 2864 1119 2922 Blasius
1143 2863 1291 2935 carnifex,
1315 2864 1398 2920 cives
1422 2861 1616 2936 episcopales
1632 2859 1672 2917 de

401 2972 470 3028 vico
493 2971 682 3040 Latinorum,
706 2985 784 3043 quos
807 2971 847 3028 ad
872 2970 902 3028 id
927 2971 1115 3028 duxeramus
1138 2972 1344 3028 communiter
1364 2968 1571 3039 destinandos,
1589 2973 1672 3024 retu-

400 3078 501 3134 lerunt
532 3078 646 3134 seriose
675 3093 711 3133 eo
743 3077 836 3134 modo
868 3077 1112 3148 distinguuntur:
1144 3077 1247 3134 Prima
1283 3083 1365 3134 meta
1388 3075 1497 3148 incipit
1520 3075 1550 3131 in
1575 3073 1673 3131 lluvio

402 3184 515 3255 Blyzna
539 3189 568 3240 et
592 3183 732 3256 procedit
762 3199 870 3240 versus
903 3183 1092 3240 occidentem
1125 3184 1240 3241 directe
1271 3181 1309 3240 ad
1334 3181 1592 3254 Belangoncham‚
1615 3181 1673 3237 ubi

400 3297 446 3346 est
477 3297 558 3347 meta
590 3295 697 3361 terrea,
730 3288 840 3346 deinde
873 3305 982 3346 versus
1012 3290 1143 3347 eundem
1174 3288 1365 3347 occidentem
1392 3287 1493 3344 eundo
1529 3287 1674 3359 pervenit

402 3395 440 3453 ad
474 3395 566 3467 viam,
599 3412 659 3468 que
690 3396 798 3453 transit
829 3395 867 3452 de
898 3395 1059 3468 Zagrabya
1089 3411 1196 3453 versus
1224 3395 1335 3452 villam
1359 3392 1564 3468 Stephanoch,
1588 3392 1672 3448 circa

403 3518 497 3575 quam
521 3509 566 3558 est
589 3507 671 3558 meta
702 3509 809 3573 terrea,
841 3501 952 3558 deinde
983 3499 1210 3574 progrediendo
1242 3515 1350 3557 versus
1381 3499 1510 3556 eandem
1542 3497 1672 3572 plagam

402 3608 624 3666 occidentalem
645 3609 676 3666 in
700 3608 855 3680 quandam
879 3607 1006 3678 vallem,
1029 3607 1083 3664 ubi
1107 3613 1153 3664 est
1175 3613 1258 3664 meta
1281 3611 1390 3677 terrea,
1407 3606 1518 3663 exhinc
1533 3604 1673 3662 ascendit

402 3720 540 3771 montem
564 3731 672 3771 versus
687 3714 877 3772 occidentem
894 3713 1131 3788 progrediendo
1148 3714 1202 3771 ubi
1219 3720 1265 3770 est
1280 3729 1341 3770 una
1357 3713 1451 3770 arbor
1466 3711 1546 3768 ilicis
1561 3725 1672 3783 parva,

403 3827 485 3878 meta
509 3825 609 3878 terrea
632 3820 827 3891 circumfusa,
860 3821 900 3878 ab
924 3819 995 3878 inde
1018 3819 1104 3877 vadit
1127 3819 1165 3876 ad
1190 3819 1322 3878 eundem
1346 3817 1536 3875 occidentem
1560 3831 1673 3889 perve-

401 3927 508 3999 nitque
531 3926 569 3984 ad
597 3925 753 3999 quandam
777 3927 869 3998 viam,
893 3927 948 3984 ubi
971 3933 1017 3983 est
1038 3927 1133 3983 arbor
1156 3925 1244 3997 ilicis,
1261 3929 1344 3982 meta
1359 3929 1459 3981 terrea
1475 3920 1674 3992 circumfusa,

402 4035 442 4092 ab
474 4033 544 4092 inde
576 4032 677 4092 eundo
709 4032 823 4090 directe
855 4032 893 4091 ad
925 4032 1058 4091 eundem
1092 4031 1282 4090 occidentem
1313 4036 1343 4088 et
1366 4028 1552 4087 transeundo
1575 4043 1673 4086 unam

403 4139 529 4210 vallem,
553 4138 807 4212 ascendendoque
831 4139 1036 4196 monticulum
1060 4137 1184 4196 devenit
1206 4137 1247 4194 ad
1267 4135 1425 4210 quoddam
1442 4134 1599 4205 fossatum,
1614 4135 1675 4194 ubi

403 4251 449 4303 est
480 4252 562 4302 meta
593 4250 700 4314 terrea,
733 4246 763 4302 in
794 4245 898 4303 medio
921 4245 1008 4303 cuius
1031 4250 1113 4302 mete
1136 4249 1207 4302 sunt
1231 4243 1291 4301 due
1312 4244 1439 4302 arbores
1462 4242 1541 4300 ilicis
1563 4257 1674 4314 parve,

404 4354 477 4409 item
509 4352 549 4408 ab
578 4351 649 4408 inde
679 4350 878 4424 progreditur
909 4351 1024 4408 directe
1056 4350 1094 4408 ad
1126 4350 1259 4408 eundem
1283 4349 1482 4421 occidentem,
1506 4348 1594 4421 quasi
1613 4363 1676 4420 per

404 4456 562 4530 quoddam
593 4457 742 4514 fossatum
774 4463 804 4514 et
834 4457 918 4514 venit
949 4458 980 4514 in
1012 4456 1168 4530 quandam
1196 4457 1313 4514 vallem
1336 4457 1366 4513 in
1389 4455 1476 4512 cuius
1498 4453 1601 4510 medio
1625 4459 1676 4512 est

404 4579 464 4620 una
487 4563 581 4620 arbor
605 4563 692 4634 ilicis,
716 4571 798 4620 meta
820 4571 919 4621 terrea
944 4563 1137 4632 circumfusa,
1162 4562 1232 4620 inde
1256 4562 1294 4619 ad
1318 4562 1412 4619 aliam
1436 4567 1552 4618 metam
1572 4561 1678 4618 consi·

404 4671 510 4728 milem
543 4670 624 4728 circa
655 4669 810 4743 quandam
840 4671 922 4727 viam
948 4679 1090 4730 erectam.
1122 4671 1162 4727 ab
1184 4669 1256 4727 inde
1279 4667 1470 4726 ascendendo
1493 4667 1608 4724 directe
1631 4668 1676 4726 ad

404 4778 505 4850 ipsum
531 4775 721 4833 occidentem
752 4776 783 4833 in
805 4776 902 4834 latere
926 4777 1039 4834 montis
1070 4783 1115 4834 est
1139 4781 1221 4834 meta
1245 4783 1344 4833 terrea
1369 4775 1514 4832 arborem
1536 4774 1616 4831 ilicis
1642 4775 1679 4834 in

404 4899 436 4940 se
467 4883 633 4954 continens,
664 4882 776 4939 abhinc
807 4882 838 4940 in
869 4883 983 4940 vertice
1016 4883 1112 4955 ipsius
1145 4885 1259 4941 montis
1286 4887 1331 4940 est
1354 4887 1437 4939 meta
1460 4881 1680 4955 consimiliter,

405 4989 514 5048 deinde
539 4989 632 5048 intrat
655 5003 800 5061 magnam
824 4989 951 5062 vallem,
975 4991 1029 5047 ubi
1052 4995 1098 5047 est
1121 4995 1203 5047 meta
1226 4989 1436 5061 consimiliter,
1460 4989 1498 5046 de
1520 5003 1604 5045 novo
1628 4996 1681 5048 est
