3600 5804
395 537 454 610 136
660 533 913 610 Doc.r52.153.
938 547 1005 612 154.
1034 567 1070 575 —
1096 533 1151 590 An.
1177 545 1388 609 1329—1331.

986 744 1066 810 152.

501 889 577 938 Anno
599 896 674 950 1329,
696 895 734 946 13.
754 885 913 938 novembris.
933 886 1025 936 Albae.

391 1034 585 1090 Immunitotis
599 1033 789 1107 privilegium
813 1052 832 1089 a
855 1033 968 1090 Mbuu's
994 1039 1079 1105 atque
1102 1032 1243 1088 tticcst'nta
1266 1030 1374 1087 ciuibus
1404 1028 1614 1088 Greclrensibus
1638 1047 1655 1082 a

576 1139 651 1196 Belo
675 1139 698 1196 l
702 1139 731 1195 V.
755 1157 923 1210 comessum,
953 1139 1109 1213 capitulum
1132 1137 1245 1194 albense
1267 1137 1473 1194 tramsummit.

478 1281 542 1339 Nos
565 1283 737 1357 capitulum
759 1283 887 1340 ecclesie
911 1283 1053 1340 albensis,
1082 1281 1231 1338 Memorie
1260 1279 1521 1350 commendantes,
1546 1278 1656 1352 signifi-

390 1403 505 1460 camus,
529 1390 643 1462 quibus
662 1388 787 1462 expedit
810 1389 1004 1462 presencium
1020 1404 1077 1463 per
1092 1393 1233 1445 tenorem
1249 1387 1415 1444 universis:
1437 1385 1522 1460 quod
1541 1388 1655 1443 Marcus

391 1494 517 1552 villicus
540 1499 570 1552 et
593 1495 717 1566 Mycula
740 1494 906 1565 aurifaber,
929 1495 1012 1552 cives
1035 1491 1215 1564 Grecenses‚
1247 1499 1310 1550 tam
1326 1508 1390 1562 suo,
1415 1507 1511 1565 quam
1535 1491 1654 1549 nomine

390 1599 470 1658 dicte
493 1600 626 1658 civitatis
648 1600 688 1658 ad
712 1606 851 1658 nostram
874 1599 1077 1674 personaliter
1092 1597 1271 1656 accedentes
1286 1599 1488 1672 presenciam,
1511 1598 1655 1654 exhibue

390 1711 462 1763 runt
484 1706 574 1764 nobis
597 1705 715 1764 litteras
739 1706 952 1779 privilegiales
974 1705 1163 1764 serenissimi
1186 1705 1343 1778 principis,
1367 1705 1418 1778 pie
1440 1704 1590 1761 memorie
1605 1702 1654 1759 do-

390 1811 467 1869 mini
490 1811 571 1883 Bele,
594 1812 675 1884 regis
707 1811 873 1884 Hungarie,
904 1817 1042 1884 petentes
1072 1826 1128 1868 nos
1161 1825 1231 1868 cum
1260 1809 1415 1880 instancia,
1445 1817 1480 1868 ut
1504 1825 1555 1867 eas
1578 1817 1654 1866 tran·

393 1918 508 1975 summi
530 1923 560 1976 et
583 1918 746 1976 transcribi
770 1917 950 1980 faceremus.
967 1918 1125 1991 sigillique
1141 1919 1239 1976 nostri
1254 1918 1453 1992 apposicione
1478 1915 1652 1988 consignari.

392 2023 532 2097 Quarum
557 2031 644 2082 tenor
676 2025 747 2082 talis
778 2029 838 2081 est:
873 2019 946 2102 (vid.
969 2040 1013 2081 nr.
1046 2038 1095 2092 50.
1127 2023 1164 2082 de
1195 2039 1275 2082 anno
1303 2022 1394 2094 1267,
1420 2037 1468 2096 23.
1491 2012 1653 2096 februarii).

391 2129 456 2187 Nos
479 2131 573 2203 igitur
596 2131 739 2204 precibus
761 2129 957 2203 prefatorum
988 2130 1105 2188 civium
1137 2131 1224 2188 iustis
1255 2135 1285 2188 et
1313 2129 1473 2202 condignis
1496 2127 1653 2200 diligenter

390 2237 627 2308 acquiescentes,
650 2236 733 2309 ipsas
757 2235 875 2292 litteras
899 2235 1017 2294 domini
1042 2235 1112 2294 Bele
1135 2237 1217 2309 regis
1243 2236 1461 2310 privilegiales‚
1486 2250 1546 2292 non
1568 2235 1652 2290 abra·

390 2356 447 2412 saS,
471 2356 532 2398 non
556 2341 749 2412 cancellatas,
772 2341 880 2398 necin
904 2342 1009 2415 aliqua
1033 2343 1081 2399 sui
1105 2347 1192 2416 parte
1216 2343 1344 2400 viciatas
1367 2341 1405 2398 de
1421 2341 1520 2398 verbo
1535 2340 1572 2398 ad
1589 2355 1652 2396 ver-

391 2449 468 2504 bum
492 2447 687 2520 presentibus
711 2447 874 2505 transcribi
898 2453 927 2504 et
944 2449 1152 2528 transumpmi
1168 2446 1306 2519 fecimus,
1323 2447 1547 2521 pendentisque
1561 2445 1651 2517 sigilli

390 2553 487 2610 nostri
509 2554 697 2628 appensione
720 2555 913 2611 communiri.
945 2553 1061 2610 Datum
1093 2554 1228 2612 secunda
1258 2552 1335 2612 feria
1355 2555 1500 2628 proxima
1524 2559 1591 2627 post
1612 2550 1651 2607 le

390 2666 472 2717 stum
495 2659 578 2716 beati
601 2659 725 2716 Martini
747 2657 937 2716 confessoris.
961 2658 1053 2717 Anno
1076 2659 1196 2717 domini
1218 2660 1388 2718 millesimo
1411 2659 1548 2718 CCCXX
1568 2672 1649 2716 nono

480 2793 620 2860 Originale
639 2793 666 2844 in
684 2795 842 2853 membrana,
871 2794 992 2861 sigillum
1018 2795 1107 2861 periit,
1136 2794 1235 2845 sericea
1258 2810 1350 2846 crocea
1376 2811 1442 2846 zona
1469 2797 1603 2862 appendet.
1622 2793 1649 2842 ln

392 2882 501 2934 archivo
519 2881 566 2932 lib.
586 2897 640 2949 reg.
661 2881 733 2932 civit„
752 2884 856 2949 zagrab.

986 3117 1068 3184 153.

498 3259 575 3306 Anno
596 3265 680 3316 1330,¹
693 3266 713 3306 1.
734 3257 888 3308 decembris.
908 3257 1045 3308 Arinione.

478 3387 635 3460 Hugolino
659 3388 697 3444 de
720 3387 883 3460 Placentia,
907 3405 926 3446 a
948 3388 1094 3462 pontifice
1117 3390 1255 3473 Johanne
1284 3388 1377 3446 XXII.
1410 3388 1588 3462 proveditur
1614 3385 1650 3442 de

392 3493 570 3552 canonicatu
593 3499 623 3550 et
646 3493 824 3566 praebenda
854 3495 885 3551 in
917 3495 1045 3552 ecclesia
1076 3495 1282 3567 zagrabicnsi;
1314 3509 1349 3551 ac
1372 3495 1549 3568 praeposito
1570 3492 1648 3549 Titu-

392 3600 479 3669 lensi,
503 3599 672 3656 colocensis
695 3599 851 3668 dioecesis,
868 3606 898 3658 et
919 3600 1138 3659 archidiacono
1161 3600 1199 3657 de
1223 3601 1407 3668 Kamarcha,
1430 3601 1549 3672 zagrab.
1572 3599 1649 3655 dioe-

393 3705 469 3762 cesis
492 3719 527 3763 ac
550 3705 812 3778 archipresbitero
835 3705 1044 3777 Modoetiensi‚
1068 3706 1306 3764 mediolanensis
1322 3705 1470 3764 dioecesis
1486 3705 1648 3765 mandatur.

390 3817 425 3869 ut
447 3810 606 3885 praedicto
629 3811 788 3885 Hugolino
819 3811 937 3870 dictum
968 3813 1180 3870 canonicatum
1212 3816 1241 3869 et
1269 3811 1481 3886 praebendam
1502 3810 1647 3869 conferen-

390 3916 466 3974 dum
489 3921 603 3975 curent

479 4051 575 4118 areg.
595 4052 662 4119 orig.
682 4052 809 4119 Johannis
828 4051 921 4112 XXII,
945 4067 985 4104 an.
1012 4052 1085 4104 XIV.
1112 4056 1143 4104 A.
1169 4053 1291 4104 Theiner.
1317 4053 1386 4104 Mon
1412 4055 1502 4120 Hung.
1521 4053 1579 4104 bist.
1598 4052 1646 4104 tl

390 4155 415 4206 p.
435 4139 494 4198 526.

984 4369 1067 4436 154.

495 4511 573 4559 Anno
594 4517 669 4568 1331,
687 4511 711 4558 6.
729 4509 851 4574 januarii.
871 4509 1009 4560 avinione.

479 4655 570 4713 Petro
600 4654 726 4729 Georgii
757 4657 795 4715 de
830 4658 1020 4732 Caproncha,
1056 4662 1202 4718 canonico
1236 4661 1428 4733 zagrabiensi
1460 4677 1478 4719 a
1515 4659 1648 4735 pontifice

390 4764 507 4846 Joanne
531 4761 634 4835 XXII,
658 4779 696 4820 ex
719 4763 960 4823 consideratione
984 4765 1089 4823 Caroli
1113 4767 1194 4838 regis
1220 4767 1396 4838 Hungariae
1421 4767 1601 4840 providetur
1614 4763 1649 4820 de

391 4868 571 4926 canonicatu
594 4868 801 4940 zagrabiensis
825 4870 971 4928 ecclesiae
994 4877 1023 4928 et
1046 4870 1084 4928 de
1115 4872 1294 4946 praebenda
1317 4881 1472 4944 vacatura,
1495 4889 1530 4930 ac
1552 4869 1649 4929 abbati

391 4991 413 5032 s.
439 4975 562 5044 Mariae,
587 4973 652 5031 ord.
676 4975 887 5042 cisterciensis,
911 4975 949 5033 de
972 4975 1131 5050 Zagrabia,
1156 4984 1187 5035 et
1208 4980 1368 5053 preposito
1392 4995 1414 5036 s.
1438 4978 1595 5037 laurencii
1614 4974 1649 5031 de
