3600 5804
577 551 652 611 Dac.
677 547 748 627 198.
774 587 809 594 —
828 553 885 612 Aa.
911 567 1000 632 1544.

163 654 361 662 ψ
385 657 441 661 —-.-
461 657 788 664 --——--———-....—-—

160 749 274 808 mentis,
306 750 418 821 quibus
449 767 482 806 se
513 759 692 808 excusarent
722 767 740 808 a
771 753 927 810 solucione
959 753 1202 810 marturinarum
1237 758 1424 822 nostrarum,

160 869 259 912 coram
289 855 383 912 nobis
416 857 466 912 vei
498 857 579 914 vices
609 864 730 914 nostras
761 859 878 929 gerenti
901 859 1034 916 debeant
1057 873 1245 931 comparere,
1270 857 1424 915 reddituri

160 963 311 1018 racionem
343 961 380 1017 de
400 962 517 1019 eodem.
548 963 662 1021 Datum
694 962 852 1034 Zagrabie‚
881 965 910 1020 in
935 963 1012 1021 sesto
1036 964 1131 1020 sancti
1156 965 1279 1022 Martini
1303 962 1423 1021 confes·

160 1068 240 1124 soris.
267 1069 355 1124 hnno
378 1067 495 1126 domini
521 1069 688 1126 millesimo
712 1069 847 1126 CCCXL
870 1075 987 1142 quarto

243 1221 263 1268 E
284 1227 448 1286 transumpto
468 1221 578 1287 capituli
598 1223 710 1288 zagrab.,
730 1224 802 1286 quod
821 1238 889 1273 anno
904 1224 996 1272 eodem
1018 1223 1112 1289 „probi
1133 1227 1158 1273 et
1176 1221 1278 1273 honesti
1298 1221 1350 1271 viri
1370 1221 1422 1270 Ra·

159 1309 206 1358 lael
228 1309 335 1358 Latinus
354 1315 380 1359 et
399 1310 513 1375 Jacobus
533 1309 598 1360 civis
618 1311 756 1360 Grcccnsis
775 1327 825 1376 pro
844 1327 871 1360 se
890 1317 915 1360 et
935 1311 995 1360 aliis
1009 1311 1126 1377 ipsorum
1147 1311 1301 1368 consociis“,
1329 1308 1423 1360 confici

158 1403 317 1448 curaverunt.
338 1398 438 1463 scripto
459 1398 485 1447 in
504 1399 602 1455 charta,
622 1399 731 1448 cniusa
757 1405 832 1463 tergo
851 1407 962 1465 apparet
987 1400 1129 1466 vestigium
1154 1399 1238 1465 sigilli
1259 1397 1422 1464 capitularis.

158 1486 246 1536 Edidit
265 1487 322 1551 (secl
342 1486 447 1536 initium
466 1488 581 1552 tantum)
596 1485 684 1553 che‘r:
699 1489 763 1538 Cod.
784 1489 849 1553 dipl.
871 1487 948 1552 regni
967 1489 1122 1556 Hungariae
1141 1495 1202 1538 torn.
1223 1487 1272 1537 IX.
1286 1501 1346 1553 pag.
1363 1495 1421 1545 555.

160 1575 233 1626 Unde
250 1577 321 1641 Joan.
342 1575 516 1640 Kuhnljevic:
539 1578 604 1642 Jura
624 1576 699 1641 regni
714 1577 802 1627 Croai.
823 1579 927 1627 Slavon.
947 1582 973 1627 et
991 1577 1077 1627 Dalrn.
1097 1583 1159 1628 tom.
1179 1576 1199 1626 I.
1220 1593 1244 1642 p.
1262 1585 1317 1625 110.
1332 1577 1355 1624 A
1368 1590 1421 1638 quo

157 1662 184 1711 Β.
204 1649 287 1712 balch.
308 1664 375 1713 Nase
394 1664 508 1728 pravice,
528 1681 553 1729 p.
572 1675 613 1725 41.
634 1664 770 1731 integrum
790 1680 854 1714 vero
878 1664 965 1730 primo
986 1665 1057 1732 typis
1075 1665 1197 1732 vulgavit
1214 1666 1289 1731 Joan.
1303 1662 1420 1713 Tkaldic.

158 1751 257 1802 Starinc
275 1751 334 1801 libr.
355 1751 414 1800 VII.
433 1767 459 1817 p.
479 1763 520 1802 20.
546 1752 577 1802 In
595 1753 665 1802 arch.
686 1753 760 1820 regni
782 1753 854 1803 CSD.
878 1753 1024 1818 Zagrabiae
1044 1754 1075 1802 N.
1095 1755 1125 1802 R.
1146 1756 1176 1803 Α.
1197 1752 1257 1803 fasc.
1278 1762 1318 1813 34.
1339 1766 1378 1801 nr.
1398 1760 1421 1809 3.

241 1840 393 1891 Monetae
421 1841 663 1906 zagrabiensis
691 1857 736 1891 seu
766 1841 937 1891 denariorum
964 1841 1175 1907 zagrabiensium
1203 1843 1246 1891 vel
1275 1838 1422 1905 Zagrabiae

162 1944 277 1978 ensorum
298 1929 384 1994 prima
404 1929 502 1980 mentio
523 1929 552 1979 fit
571 1945 610 1979 an.
644 1931 717 1979 1266.
738 1936 842 1995 etpost
862 1931 1032 1981 haecannis:
1060 1931 1133 1982 1208.
1157 1931 1229 1994 1269.
1254 1937 1327 1984 1270.
1350 1929 1424 1983 1278.

161 2025 231 2079 1279.
263 2019 334 2075 1285.
360 2028 434 2081 1299.
465 2017 544 2068 vide:
572 2020 646 2084 Joan.
667 2017 783 2068 Thalete.
812 2019 881 2068 Mon.
910 2019 970 2069 hist.
990 2019 1068 2085 episc.
1091 2020 1194 2085 zagrab.
1219 2025 1279 2069 torn.
1300 2019 1319 2067 1.
1340 2017 1366 2067 in
1388 2017 1426 2066 in-

160 2106 214 2156 dice
233 2109 264 2156 ad
283 2123 388 2157 vocem:
406 2107 510 2156 denarii
529 2108 717 2172 zagrabienses.

745 2357 830 2423 198.

259 2501 335 2549 Anno
358 2507 432 2560 1344,
455 2507 492 2547 12.
512 2497 671 2548 novembris.
692 2497 829 2548 Avinione.

166 2625 281 2682 Clemens
306 2625 353 2682 Vl.
371 2633 455 2698 papa
478 2625 609 2694 coacedet,
634 2632 668 2682 at
680 2625 760 2700 festa
782 2644 816 2681 ss.
841 2643 939 2698 regum
956 2623 1104 2698 Stephani,
1128 2625 1265 2682 Ladislai
1285 2631 1314 2683 et
1334 2624 1421 2682 Eme·

163 2732 212 2787 rici
231 2732 308 2788 discis
331 2733 362 2788 ia
385 2733 445 2788 cccl.
469 2731 632 2788 cathedrali
650 2731 767 2802 zagrab.
784 2730 978 2803 indulgentiae
1001 2732 1087 2788 ratrias
1102 2732 1176 2787 anni
1196 2739 1224 2788 c!
1244 2745 1287 2808 40
1310 2731 1424 2787 atrum

670 2839 899 2912 prantalgrcntar.

244 2999 386 3056 Clemens
409 2999 703 3072 episcopusservus
734 3013 898 3056 servorum
927 2997 984 3056 dei.
1017 2997 1175 3056 Universis
1202 2997 1318 3056 Christi
1341 2997 1417 3056 fide·

164 3105 242 3162 libus
265 3111 420 3178 presentes
449 3105 568 3162 litteras
598 3105 790 3178 inspecturis
824 3106 957 3162 salutern
990 3110 1018 3161 et
1049 3104 1253 3177 apostolicam
1277 3104 1420 3163 benedic·

167 3213 288 3268 cionem.
305 3211 460 3284 Splendor
484 3219 610 3284 paterne
633 3211 740 3284 glorie,
764 3212 817 3284 qui
840 3227 896 3268 sua
919 3211 1070 3268 mundum
1094 3211 1252 3268 illuminat
1271 3211 1425 3269 ineffabili

166 3318 305 3388 claritate,
330 3320 381 3392 pia
404 3324 477 3375 vota
501 3317 641 3375 fidelium
667 3317 705 3374 de
729 3318 969 3374 clementissima
993 3318 1089 3391 ipsius
1114 3317 1272 3375 maiestate
1296 3333 1421 3392 speran-

167 3423 243 3479 cium
266 3429 337 3480 tunc
360 3424 507 3496 precipue
530 3424 664 3496 benigno
688 3423 795 3481 favore
820 3423 1026 3496 prosequitur,
1050 3439 1121 3480 curn
1145 3423 1257 3480 devota
1281 3423 1420 3497 ipsorum

168 3529 318 3587 humilitas
341 3536 518 3587 sanctorum
543 3531 686 3603 precibus
718 3535 748 3587 et
779 3529 896 3586 meritis
927 3528 1098 3586 adiuvatur.
1130 3529 1296 3601 Cupientes
1323 3529 1426 3601 igitur.

171 3640 202 3691 ut
222 3637 346 3694 ecclesia
368 3637 584 3708 zagrabiensiS,
609 3653 668 3708 que
692 3635 897 3694 inhonorem
927 3635 1024 3692 sancti
1056 3633 1203 3708 Stephani
1232 3634 1423 3704 confessoris,

173 3741 294 3799 condam
316 3743 397 3814 regis
420 3743 587 3814 Hungarie,
610 3743 747 3800 noscitur
769 3757 835 3798 esse
858 3740 993 3810 fundata,
1017 3741 1161 3812 congruis
1181 3740 1351 3798 honoribus
1368 3739 1427 3798 fre·

173 3853 326 3918 quentetur
360 3853 389 3905 et
412 3853 445 3906 ut
468 3847 584 3905 Christi
607 3847 716 3905 fideles
739 3863 775 3905 eo
800 3847 950 3904 libencius
966 3861 1057 3903 cansa
1073 3845 1249 3903 devocionis
1274 3845 1428 3904 confluant

173 3952 206 4008 ad
229 3953 362 4024 eandem,
386 3969 448 4026 quo
472 3953 589 4011 ibidem
612 3953 765 4011 uberioris
789 3952 870 4009 dono
894 3952 1014 4009 celestis
1037 3953 1139 4024 gracie
1163 3952 1379 4024 conspexerint
1395 3969 1427 4010 se

173 4057 301 4131 reiectos,
324 4059 363 4117 de
386 4061 606 4132 omnipotentis
630 4059 679 4116 dei
703 4058 914 4116 misericordia
938 4064 967 4114 et
991 4059 1154 4115 beatorum
1177 4057 1260 4115 Petri
1284 4064 1314 4116 et
1339 4057 1426 4116 Pauli

173 4167 374 4238 apostolorum
399 4167 464 4224 eius
486 4166 667 4222 auctoritate
691 4164 799 4222 confisi
826 4165 970 4220 omnibus
991 4179 1063 4221 vere
1085 4165 1294 4237 penitentibus
1311 4171 1340 4223 et
1357 4180 1427 4222 con·

173 4268 259 4342 fessis,
282 4273 335 4344 qui
358 4273 389 4329 in
414 4271 487 4328 dicti
509 4272 604 4329 sancti
628 4271 776 4344 Stephani
800 4275 830 4327 et
852 4270 987 4327 aliorum
1010 4269 1144 4326 duorum
1168 4271 1299 4327 condam
1315 4287 1424 4342 regum

173 4375 327 4449 hungarie,
343 4377 489 4435 videlicet
505 4383 680 4434 sanctorum
699 4376 834 4434 Ladizlai
852 4381 881 4432 et
897 4375 1029 4432 Emerici
1053 4373 1281 4447 festivitatibus
1298 4376 1427 4434 eandem

172 4483 322 4540 ecclesiam
347 4483 457 4541 devote
488 4484 681 4540 visitaverint
711 4483 879 4550 annuatim,
903 4497 998 4538 unum
1031 4495 1145 4538 annum
1169 4487 1199 4538 et
1222 4481 1426 4554 quadraginta

172 4587 230 4646 dies
262 4590 299 4646 de
322 4590 464 4647 iniunctis
492 4590 535 4646 eis
567 4589 744 4663 penitenciis
775 4588 904 4659 singulis
935 4587 1081 4644 videlicet
1104 4587 1285 4644 earumdem
1310 4587 1428 4646 festivi-

171 4701 261 4752 tatum
283 4696 393 4754 diebus
416 4696 530 4768 quibus
553 4695 714 4752 ecclesiam
742 4695 842 4768 ipsam
867 4694 1068 4766 visitaverint,
1092 4692 1334 4751 misericorditer
1349 4695 1427 4751 rela·
1480 4753 1483 4757 ,

170 4815 281 4859 narnus.
308 4802 423 4859 Datum
450 4801 611 4870 Avinione,
635 4799 770 4856 secundo
793 4798 873 4871 ydus
895 4801 1083 4856 novembris.
1110 4798 1309 4856 Pontificatus
1332 4801 1429 4857 nostri

169 4919 240 4964 anno
263 4907 403 4966 secundo.

251 5025 271 5074 E
290 5025 361 5075 libro
382 5026 507 5075 Statutor.
529 5039 584 5089 cap.
604 5024 707 5090 zagrab.
727 5025 800 5089 Joan.
821 5022 937 5072 Thateis.
959 5021 1027 5072 lion.
1045 5021 1105 5075 bisi.
1126 5021 1204 5086 episc.
1227 5037 1248 5071 v.
1269 5020 1301 5070 ll.
1322 5036 1348 5086 p.
1370 5029 1426 5081 103.

1291 5136 1320 5176 l.)
