3600 5804
594 589 667 647 Doc.
690 601 760 666 245.
787 624 824 632 -
850 588 1022 669 An.1364.
1379 611 1440 670 229

172 788 316 862 apostoli,
348 789 551 862 presentibus,
584 799 613 847 et
644 791 674 848 in
705 791 823 848 octavis
854 790 923 848 sesti
955 792 1037 850 beati
1069 793 1228 850 Michaelis
1263 794 1441 866 archangeli

171 910 251 950 nunc
275 895 422 966 venturis,
447 893 546 952 facere
570 895 756 966 debuissent,
781 897 1028 970 prohibuissent;
1047 898 1149 970 ipsum
1165 912 1240 954 vero
1257 877 1454 970 magistrum

169 1000 374 1056 laurencium
405 1015 499 1074 super
529 1017 574 1072 e0,
607 1017 643 1058 ne
676 1002 794 1059 litteras
824 1001 1033 1076 expeditorias
1064 1019 1158 1076 super
1188 1003 1256 1076 ipsa
1279 1003 1436 1060 solucione

170 1103 251 1162 lacta
282 1106 333 1162 vel
364 1105 504 1164 facienda
533 1105 615 1164 dicto
642 1107 778 1180 capitulo
801 1108 896 1164 scribi
918 1114 948 1164 et
973 1107 1039 1164 dari
1064 1107 1163 1187 faciat·
1178 1107 1271 1165 modo
1294 1109 1433 1180 aliquali,

171 1209 248 1268 facie
279 1210 318 1268 ad
350 1210 461 1268 faciem
484 1212 629 1270 similiter
651 1213 864 1284 inhibuissent,
895 1217 1080 1271 asserentes:
1115 1229 1147 1269 se
1172 1219 1235 1270 tam
1258 1213 1297 1270 ad
1322 1213 1439 1270 iudica-

171 1317 291 1374 cionem
317 1334 373 1390 per
397 1318 500 1390 ipsum
524 1319 708 1391 magistrum
732 1320 960 1377 tavarnicorum
985 1321 1016 1376 in
1031 1335 1122 1376 causa
1142 1321 1220 1377 inter
1236 1320 1319 1392 ipsas
1338 1325 1440 1392 partes

168 1423 274 1479 habita
298 1421 412 1480 factam
434 1431 574 1497 tempore
598 1423 702 1482 iudicii
725 1441 786 1483 non
808 1429 983 1498 acceptasse
1004 1431 1034 1482 et
1059 1425 1217 1496 refutasse,
1246 1442 1341 1498 quare
1359 1443 1439 1484 nunc

171 1528 343 1601 predictam
376 1531 566 1587 solucionem
598 1529 779 1602 faciendam,
810 1530 947 1589 refutare
977 1538 1007 1589 et
1040 1547 1099 1588 non
1132 1539 1298 1604 acceptare.
1323 1533 1440 1590 Datum

170 1635 201 1690 in
225 1634 401 1707 Vissegrad,
425 1636 456 1692 in
480 1635 529 1693 die
552 1643 722 1710 prenotato,
749 1638 837 1694 Anno
860 1636 977 1694 domini
1002 1636 1167 1694 llCCCLX
1192 1637 1301 1710 primo

259 1769 400 1836 Originale
419 1769 446 1821 in
464 1771 599 1822 chartad
618 1779 694 1838 tergo
715 1773 857 1838 vestigium
878 1773 998 1838 impressi
1018 1773 1110 1838 sigilli.
1131 1773 1160 1823 ln
1180 1773 1278 1824 archiv.
1308 1775 1325 1822 l.
1345 1789 1366 1823 r.
1387 1773 1436 1824 civ.

168 1859 274 1923 zagrab.

758 2001 846 2070 245.

275 2127 352 2174 Anno
375 2127 449 2186 1364,
468 2127 492 2176 8.
513 2125 614 2190 aprilis.
634 2125 787 2192 Zagrabiae.

177 2235 372 2294 Vinnimanus
395 2237 483 2293 abbas
512 2237 744 2306 Cistcrcr'ensium,
767 2237 898 2294 balneum
920 2238 1093 2312 Zagrabiuc,
1116 2240 1214 2296 Paulo
1236 2241 1439 2298 archidiacono

242 2343 437 2400 Kamarccnsr'
457 2343 572 2417 eiusque
587 2342 746 2417 fratribus,
768 2344 820 2400 sub
842 2345 925 2401 certis
947 2345 1175 2417 obligateimr'bus,
1198 2345 1271 2402 dono
1292 2348 1371 2404 cedit.

257 2486 322 2543 Nos
345 2485 441 2544 frater
464 2487 691 2559 Wynnimanus
715 2487 832 2544 ordinis
855 2487 1112 2557 Cisterciensium,
1140 2485 1236 2545 abbas
1260 2492 1438 2548 monasterii

170 2593 256 2649 beate
281 2592 412 2664 virginis
435 2591 473 2649 de
497 2591 656 2664 Zagrabia,
681 2598 825 2665 totusque
849 2593 909 2650 loci
932 2593 1070 2651 eiusdem
1094 2601 1270 2653 conventus.
1287 2596 1440 2654 Omnibus

168 2697 285 2755 Christi
317 2697 478 2755 fidelibus.
495 2697 690 2772 presentibus
723 2699 839 2772 pariter
869 2705 899 2756 et
930 2699 1050 2772 suturis,
1075 2702 1270 2774 presencium
1294 2703 1438 2760 noticiam

168 2803 324 2860 habituris
346 2803 478 2860 salutem
503 2805 533 2861 in
557 2805 666 2862 salutis
690 2805 845 2876 largitore.
881 2806 987 2879 Quum
1009 2823 1045 2863 ea
1069 2824 1129 2880 que
1152 2813 1287 2880 aguntur
1309 2809 1339 2866 in
1363 2815 1438 2866 tem-

167 2925 243 2982 pore
267 2925 305 2966 ne
329 2909 423 2966 simul
447 2909 592 2967 labantur
614 2926 685 2967 curn
718 2915 866 2985 tempore,
891 2912 1025 2986 expedit,
1051 2919 1084 2970 ut
1106 2929 1142 2970 ea
1166 2930 1226 2986 que
1249 2914 1379 2986 agimus,
1405 2915 1436 2972 in

167 3016 292 3089 scriptis
316 3015 501 3088 redigamus.
526 3016 605 3073 llinc
627 3022 680 3076 est
705 3017 788 3090 quod
814 3033 884 3075 cum
909 3019 1001 3075 stuba
1024 3019 1075 3076 vel
1100 3019 1186 3077 locus
1210 3020 1313 3077 balnei
1333 3021 1362 3077 in
1380 3029 1438 3078 ter-

167 3123 276 3180 ritorio
312 3128 417 3179 nostro
448 3122 506 3179 sita
537 3121 575 3179 ad
609 3122 789 3180 Nikoletum
819 3124 906 3195 olym
938 3124 1071 3182 iudicem
1099 3125 1232 3182 civitatis
1255 3123 1439 3183 Grechensis

167 3227 324 3298 devoluta,
349 3234 378 3285 et
402 3243 458 3300 per
481 3227 642 3286 decessum
666 3229 763 3302 ipsius
786 3230 850 3287 sine
874 3229 986 3287 herede
1008 3237 1039 3287 et
1063 3236 1252 3300 testament0,
1278 3239 1437 3303 tamquam

167 3337 207 3391 ab
241 3337 394 3406 intestato,
426 3335 548 3392 racione
579 3334 708 3392 dominii
732 3335 770 3392 ad
794 3351 904 3393 manus
928 3343 1047 3394 nostras
1079 3335 1185 3394 fuisset
1217 3337 1373 3406 devoluta,
1408 3345 1438 3395 et

167 3441 292 3498 tandem
317 3457 373 3514 per
395 3441 554 3498 dominam
574 3441 746 3508 Benicham,
767 3442 864 3499 filiam
883 3443 978 3500 Masie
995 3442 1113 3500 Blondo
1130 3442 1167 3499 de
1186 3442 1332 3513 veneciis,
1350 3443 1437 3514 olym

168 3549 269 3605 civem
293 3547 427 3604 civitatis
451 3546 635 3605 Grechensis
656 3549 821 3606 exstitisset
839 3549 976 3624 inpedita
992 3566 1029 3606 ex
1045 3565 1090 3620 e0,
1109 3550 1180 3622 quia
1196 3551 1297 3622 ipsam
1312 3549 1438 3606 stubam

169 3653 345 3710 balnealem
369 3651 407 3710 ad
432 3669 464 3710 se
489 3653 610 3711 dicebat
634 3654 802 3727 pertinere;
825 3662 855 3712 et
879 3656 950 3712 licet
973 3671 1067 3728 super
1089 3657 1147 3712 hoc
1163 3669 1267 3712 coram
1285 3653 1438 3712 iudicibus

167 3759 415 3832 competentibus
439 3759 623 3816 altercatum
647 3759 763 3830 fuisset,
788 3761 923 3819 finaliter
948 3769 1049 3818 tamen
1074 3761 1118 3818 sic
1142 3760 1300 3818 decretum
1323 3765 1353 3817 et
1369 3776 1437 3818 sen-

168 3865 377 3922 tencionatum
401 3865 582 3923 exstitisset:
608 3865 691 3938 quod
716 3866 860 3924 hedificia
883 3882 942 3941 pro
965 3874 1037 3924 tunc
1053 3867 1083 3923 in
1100 3867 1169 3924 loco
1187 3867 1288 3923 balnei
1306 3865 1437 3939 predicti

167 3972 283 4042 habita,
308 3972 368 4044 ipsi
391 3971 516 4028 domine
540 3971 680 4040 Benicha,
705 3972 792 4030 locus
815 3988 891 4030 vero
908 3974 1006 4046 ipsius
1031 3973 1134 4030 balnei
1154 3973 1243 4030 nobis
1260 3971 1437 4030 debuissent

167 4077 277 4136 cedere
299 4085 329 4135 et
352 4077 530 4135 debuerant.
553 4077 675 4151 Quibus
699 4078 851 4137 hedificiis
875 4080 989 4137 ablatis
1013 4085 1042 4136 et
1066 4079 1104 4136 de
1122 4079 1190 4136 loco
1207 4077 1346 4152 predicto
1362 4079 1434 4135 sub-

167 4183 281 4253 tractis,
306 4183 389 4241 idem
412 4185 499 4241 locus
522 4184 626 4242 balnei
650 4185 794 4258 pluribus
818 4187 1015 4258 temporibus
1039 4183 1189 4242 hedificiis
1214 4184 1329 4242 exstitit
1345 4185 1436 4241 desti-

167 4295 260 4360 tutus,
291 4305 329 4347 ex
361 4305 423 4362 quo
453 4305 508 4347 nos
535 4305 597 4348 non
619 4289 777 4348 modicum
801 4291 831 4348 in
857 4291 1009 4350 fructibus
1033 4299 1063 4348 et
1086 4290 1290 4364 proventibus
1313 4291 1435 4348 racione

167 4396 227 4454 loci
250 4396 348 4469 ipsius
371 4397 475 4454 balnei
496 4397 586 4454 nobis
610 4397 774 4470 provenire
797 4397 981 4456 debentibus
1004 4397 1159 4456 defectum
1183 4397 1342 4454 noscimur
1362 4413 1435 4469 sup-

166 4507 300 4576 portare.
323 4503 391 4560 Hiis
422 4503 516 4576 igitur
547 4503 746 4562 consideratis
771 4513 800 4561 et
826 4505 969 4578 pensatis,
993 4520 1028 4561 ac
1052 4504 1169 4561 utiliori
1192 4503 1321 4561 consilio
1345 4503 1435 4560 nobis

168 4613 198 4666 et
220 4609 335 4666 nostris
365 4610 592 4666 successoribus
623 4609 788 4684 providere
815 4611 980 4682 cupientes,
1004 4625 1041 4666 ne
1066 4609 1246 4666 ulteriorem
1271 4609 1435 4680 desectum,

169 4717 221 4787 qui
244 4731 283 4772 ex
307 4713 508 4774 destitucione
529 4715 744 4773 hedificiorum
761 4717 827 4773 sive
843 4716 946 4773 balnei
962 4717 993 4772 in
1010 4714 1150 4789 predicto
1166 4715 1236 4771 loco
1252 4713 1434 4786 fiendorum,

169 4822 363 4894 temporibus
397 4822 629 4880 occurrentibus
660 4827 691 4880 et
721 4821 896 4880 redditibus
928 4820 966 4878 de
1001 4820 1111 4879 eodem
1146 4821 1236 4878 nobis
1271 4822 1436 4893 provenire

169 4927 353 4985 debentibus
377 4935 481 5002 posset
503 4929 635 5000 evenire,
659 4930 827 5004 paciamur,
851 4928 1026 5003 predictum
1053 4928 1158 4986 locum
1182 4927 1358 4984 balnealem
1382 4927 1435 4984 ho-

170 5033 304 5090 norabili
324 5033 394 5091 viro
417 5034 542 5091 domino
566 5035 663 5093 Paulo
687 5035 904 5093 archidiacono
936 5034 1158 5106 hamarchensi,
1190 5035 1309 5093 Thome
1333 5038 1362 5090 et
1384 5033 1435 5116 Jo-
