3824 5806
833 541 905 598 Doc.
923 551 999 615 379.
1026 573 1063 581 -
1089 540 1144 596 An.
1171 550 1258 616 1395.

417 740 573 814 quandam
586 741 740 812 lazynam
756 739 794 796 ad
811 738 940 797 eandem
957 738 1084 812 plagam
1102 738 1184 794 ultra
1199 737 1355 810 quandam
1372 737 1506 809 Ocrogla
1522 739 1682 794 mocricha

416 848 497 904 circa
523 847 604 904 viam
640 848 670 904 in
707 846 864 904 modicum
899 851 1076 920 protensam
1107 841 1147 900 ad
1171 843 1285 914 locum,
1318 843 1371 915 qui
1398 842 1510 899 dicitur
1540 842 1683 916 Popoua·

417 954 581 1023 mocricha,
612 952 721 1010 deinde
744 951 894 1010 vertendo
917 952 948 1009 in
970 949 1095 1009 modico
1116 951 1230 1026 spacio,
1254 951 1342 1023 quasi
1365 949 1404 1006 ad
1428 950 1555 1024 plagam
1580 951 1682 1007 orien-

418 1059 512 1116 talem
536 1059 748 1131 pervenissent
779 1057 817 1114 ad
841 1058 945 1115 locum
971 1057 1138 1114 Kemische
1161 1063 1382 1130 nuncupatum,
1412 1055 1525 1112 abhinc
1547 1054 1587 1112 ad
1610 1072 1682 1114 ean·

416 1163 489 1221 dam
513 1165 640 1237 plagam
662 1164 694 1222 in
717 1163 852 1236 quadam
875 1163 990 1220 silvula
1012 1163 1131 1220 Lusecb
1155 1169 1272 1232 vocata,
1296 1161 1508 1234 pervenissent
1531 1161 1682 1220 adunam

416 1274 561 1329 arborem
585 1269 686 1328 thulla
713 1277 863 1342 vocatam,
887 1270 1000 1327 abhinc
1023 1269 1054 1326 in
1077 1255 1184 1326 eadem
1209 1268 1324 1325 silvula
1347 1267 1462 1325 directe
1484 1267 1684 1342 procedendo

416 1377 454 1434 ad
479 1377 607 1451 plagam
630 1375 812 1434 orientalem
843 1374 1055 1448 pervenissent
1077 1373 1115 1431 ad
1138 1373 1270 1431 ssuvium
1293 1373 1450 1431 Cbernech
1474 1379 1628 1444 vocatum,
1651 1383 1683 1431 et

417 1499 473 1558 per
505 1497 632 1540 cursum
663 1481 761 1554 ipsius
791 1479 877 1538 lluvii
909 1495 1017 1537 versus
1047 1481 1175 1555 plagam
1202 1479 1385 1536 orientalem
1408 1480 1621 1553 pervenissent
1641 1480 1683 1538 ad

417 1588 573 1662 quandam
604 1587 742 1646 mlakam
773 1603 812 1644 ex
835 1588 903 1662 ipso
927 1586 1086 1644 Chemech
1109 1585 1263 1655 fluentem,
1285 1590 1316 1642 et
1339 1601 1394 1658 per
1417 1585 1518 1658 ipsam
1542 1585 1683 1644 mlalram

418 1695 628 1769 pervenissent
650 1693 689 1752 ad
714 1692 844 1750 lluvium
867 1691 1098 1750 Morthochenia
1121 1699 1274 1749 vocatum.
1302 1691 1340 1748 Et
1363 1707 1435 1748 cum
1458 1692 1488 1748 in
1512 1691 1589 1748 locis
1611 1709 1682 1766 pre·

417 1800 507 1858 dictis
530 1806 560 1857 et
582 1800 760 1858 necessariis
791 1804 889 1856 metas
911 1799 1030 1871 erigere
1053 1803 1084 1854 et
1106 1796 1223 1854 eisdem
1247 1796 1350 1868 iudici,
1373 1797 1482 1854 iuratis
1505 1804 1535 1856 et
1558 1799 1681 1856 civibus

417 1907 497 1964 dicte
520 1906 653 1963 civitatis
676 1905 853 1978 relinquere
875 1904 1055 1975 voluissent,
1081 1910 1153 1960 tunc
1177 1903 1383 1976 prenominati
1407 1902 1578 1974 LadislauS‚
1598 1904 1683 1962 tilius

417 2012 581 2081 Valentini,
607 2011 728 2074 Paulus,
752 2010 837 2068 filius
860 2010 951 2080 Petri,
975 2009 1129 2080 Nicolaus‚
1153 2008 1238 2066 filius
1254 2007 1344 2066 Nouk
1360 2015 1390 2066 et
1405 2008 1581 2081 Dyonisius,
1597 2011 1683 2068 filius

417 2118 498 2176 Petri
521 2118 552 2175 in
575 2097 641 2174 suis'
661 2131 852 2188 suorumque
877 2113 1009 2172 fratrum
1031 2115 1062 2172 in
1079 2115 1219 2189 personis
1235 2114 1413 2172 huiusmodi
1430 2121 1585 2173 metarum
1600 2133 1682 2174 erec·

416 2224 556 2283 clonibus
595 2223 749 2280 velamine
784 2220 1038 2279 contradiccionis
1072 2220 1249 2278 obviassent
1278 2235 1357 2294 quos
1386 2235 1502 2290 omnes,
1537 2221 1683 2280 videlicet

417 2329 604 2400 ladislaum,
637 2329 777 2398 Paulum,
807 2327 971 2385 Nicolaum
1002 2333 1032 2384 et
1062 2326 1246 2397 Dionisium
1282 2326 1332 2384 die
1355 2333 1386 2384 et
1409 2327 1478 2384 loco
1501 2328 1530 2384 in
1555 2328 1682 2400 eisdem,

417 2441 522 2493 contra
544 2441 705 2492 annotatos
728 2433 871 2504 iudicem,
898 2434 1014 2490 iuratos
1037 2439 1067 2490 et
1089 2433 1250 2491 universos
1273 2434 1357 2490 cives
1380 2433 1460 2491 dicte
1484 2434 1618 2492 civitatis
1641 2435 1681 2492 ad

417 2539 587 2614 quindenas
618 2539 754 2614 predicte
786 2539 861 2596 ferie
891 2544 984 2610 sexte,
1015 2555 1096 2597 nunc
1125 2545 1282 2610 venturas,
1310 2545 1447 2596 vestram
1483 2539 1624 2597 citassent
1652 2542 1685 2599 in

418 2647 617 2722 presenciam,
649 2647 805 2704 racionem
836 2644 1089 2702 contradiccionis
1119 2660 1227 2702 eorum
1258 2645 1442 2704 reddituros.
1466 2645 1583 2704 Datum
1606 2645 1684 2706 teria

419 2755 526 2826 quinta
545 2753 689 2827 proxima
708 2759 777 2826 post
793 2752 905 2810 festum
922 2757 1024 2809 sancte
1040 2751 1205 2809 Trinitatis.
1223 2752 1312 2809 Anno
1327 2751 1446 2810 domini
1463 2752 1572 2810 MCCC
1588 2769 1684 2812 nona·

417 2861 536 2934 gesimo
563 2860 678 2932 quinto.

513 2995 653 3060 Originale
672 2995 699 3044 in
718 2995 816 3054 charta,
836 3011 850 3044 a
871 3001 946 3060 tergo
966 2995 1107 3061 vestigium
1127 2993 1212 3060 sigilli
1231 2994 1342 3060 capituli
1362 2995 1466 3060 zagrab.
1494 2995 1526 3045 ln
1545 2996 1615 3045 arch.
1635 2996 1684 3046 lib.

418 3099 472 3147 reg.
493 3083 542 3134 civ.
561 3083 666 3148 zagrab.

1003 3277 1091 3345 3⁷9.

522 3419 598 3467 Anno
621 3427 693 3481 1395.
716 3428 755 3467 10.
774 3417 855 3484 Junii.
875 3417 1028 3484 Zagrabiae.

421 3565 585 3638 Capitulum
617 3566 733 3638 zagruh.
766 3565 918 3622 numrullos
947 3563 1176 3634 contradictores,
1198 3565 1251 3638 qui
1278 3565 1376 3620 erectis
1401 3565 1480 3620 metis
1496 3565 1684 3636 possessionis

634 3671 784 3746 Hrasttrja
806 3670 1051 3740 corrtradthcrant,
1075 3669 1117 3726 ad
1136 3670 1271 3726 riettt'cimn
1293 3669 1365 3727 bani
1385 3670 1460 3726 citat.

504 3832 668 3905 Magnifica
693 3833 761 3890 viro
777 3832 903 3890 domino
919 3833 1044 3890 Detrico
1060 3832 1175 3902 Bubelr,
1193 3833 1280 3906 regni
1296 3831 1458 3890 Sclauonie
1476 3833 1566 3900 bano,
1582 3833 1682 3890 amico

416 3955 524 3996 eorum
549 3937 737 4009 honorando,
761 3939 934 4012 capitulum
958 3938 1086 3996 ecclesie
1115 3937 1323 4010 zagrabiensis
1341 3937 1515 3995 amiciciam
1539 3945 1679 4011 paratam

416 4060 487 4101 cum
511 4045 635 4102 honore.
661 4043 790 4102 Noverit
813 4050 916 4100 vestra
938 4043 1181 4117 magnificencia,
1212 4042 1297 4116 quod
1328 4058 1399 4100 curn
1426 4059 1482 4100 nos
1505 4043 1590 4100 iuxta
1614 4059 1683 4101 con·

416 4151 562 4208 tinencias
586 4149 760 4207 litterarum
784 4149 971 4206 serenissimi
994 4149 1144 4224 principis
1168 4149 1286 4208 domini
1301 4148 1499 4222 Sigismundi‚
1516 4149 1567 4206 dei
1581 4151 1683 4222 gracia

415 4256 618 4313 illustrissimi
641 4256 723 4329 regis
739 4255 904 4329 Hungarie,
921 4255 1090 4328 Dalmacie,
1107 4255 1235 4314 Croacie
1251 4261 1315 4326 etc,
1336 4271 1371 4312 ac
1387 4255 1575 4312 marchionis
1592 4255 1697 4342 Bran-¹

416 4361 653 4434 demburgensis
675 4367 739 4432 etc,
756 4360 874 4419 domini
889 4361 986 4418 nostri
998 4361 1149 4419 naturalis
1161 4361 1484 4432 reambulatoriarum,
1500 4362 1611 4419 maiori
1627 4377 1681 4419 suo

415 4467 521 4541 sigillo
554 4467 762 4540 sigillatamm
791 4482 851 4541 pro
881 4467 990 4539 iudice,
1019 4467 1126 4526 iuratis
1158 4474 1188 4526 et
1217 4468 1369 4525 universis
1399 4467 1520 4525 civibus
1549 4468 1682 4525 civitatis

415 4573 529 4631 montis
553 4572 736 4631 Grechensis
760 4578 970 4630 emanatarum
994 4574 1147 4647 nobisque
1163 4574 1358 4646 directarum,
1374 4588 1508 4632 unacum
1523 4571 1679 4648 Stephano

417 4678 499 4736 dicto
523 4677 630 4737 Chrnk
652 4678 691 4736 de
715 4678 879 4750 Koznicha,
902 4679 1028 4736 homine
1051 4680 1146 4752 regib,
1170 4680 1201 4738 in
1224 4679 1314 4737 dictis
1337 4679 1449 4738 litteris
1474 4679 1683 4737 reambulato-

416 4785 470 4842 riis
493 4785 573 4842 inter
595 4785 673 4842 alios
697 4783 837 4842 homines
860 4783 961 4857 regios
984 4786 1176 4858 conscriptos
1199 4801 1343 4858 expresse
1359 4785 1525 4856 nominato,
1542 4792 1681 4842 nostrum

417 4891 576 4949 hominem
600 4889 746 4947 videlicet
768 4889 985 4947 honorabilem
1008 4891 1114 4948 virum
1138 4890 1299 4949 dominum
1330 4891 1502 4974 Johannem
1525 4891 1682 4949 Lanceloti

416 4995 535 5054 socium
567 5001 596 5053 et
626 4995 864 5054 concanonicum
895 5001 1036 5054 nostrum
1066 4996 1106 5054 ad
1138 4996 1367 5070 infrascriptam
1398 4997 1682 5055 reambulacionem
