<?xml version="1.0" encoding="UTF-8"?>
<!DOCTYPE html PUBLIC "-//W3C//DTD XHTML 1.0 Transitional//EN"
    "http://www.w3.org/TR/xhtml1/DTD/xhtml1-transitional.dtd">
<html xmlns="http://www.w3.org/1999/xhtml" xml:lang="en" lang="en">
 <head>
  <title>
</title>
<meta http-equiv="Content-Type" content="text/html;charset=utf-8" />
  <meta name='ocr-system' content='tesseract 3.04.00' />
  <meta name='ocr-capabilities' content='ocr_page ocr_carea ocr_par ocr_line ocrx_word'/>
</head>
<body>
  <div class='ocr_page' id='page_1' title='image "./monumentahistor18laszgoog_0473.png"; bbox 0 0 3600 5804; ppageno 0'>
   <div class='ocr_carea' id='block_1_1' title="bbox 577 558 1001 635">
    <p class='ocr_par' dir='ltr' id='par_1_1' title="bbox 577 558 1001 635">
     <span class='ocr_line' id='line_1_1' title="bbox 577 558 1001 635; baseline 0 -19"><span class='ocrx_word' id='word_1_1' title='bbox 577 559 650 616; x_wconf 87' lang='lat' dir='ltr'><strong>Dac.</strong></span> <span class='ocrx_word' id='word_1_2' title='bbox 674 570 742 634; x_wconf 85' lang='lat'><em>252.</em></span> <span class='ocrx_word' id='word_1_3' title='bbox 770 591 807 600; x_wconf 96' lang='lat'>—</span> <span class='ocrx_word' id='word_1_4' title='bbox 832 558 888 616; x_wconf 84' lang='lat' dir='ltr'><strong>An.</strong></span> <span class='ocrx_word' id='word_1_5' title='bbox 913 571 1001 635; x_wconf 74' lang='lat'><em>1370.</em></span> 
     </span>
    </p>
   </div>
   <div class='ocr_carea' id='block_1_2' title="bbox 751 751 836 817">
    <p class='ocr_par' dir='ltr' id='par_1_2' title="bbox 751 751 836 817">
     <span class='ocr_line' id='line_1_2' title="bbox 751 751 836 817; baseline -0.012 0"><span class='ocrx_word' id='word_1_6' title='bbox 751 751 836 817; x_wconf 82' lang='lat'>252.</span> 
     </span>
    </p>
   </div>
   <div class='ocr_carea' id='block_1_3' title="bbox 266 891 846 959">
    <p class='ocr_par' dir='ltr' id='par_1_3' title="bbox 266 891 846 959">
     <span class='ocr_line' id='line_1_3' title="bbox 266 891 846 959; baseline -0.003 -15"><span class='ocrx_word' id='word_1_7' title='bbox 266 896 342 944; x_wconf 79' lang='lat' dir='ltr'><strong>Anno</strong></span> <span class='ocrx_word' id='word_1_8' title='bbox 364 901 438 953; x_wconf 85' lang='lat'><strong>1370,</strong></span> <span class='ocrx_word' id='word_1_9' title='bbox 461 903 499 943; x_wconf 80' lang='lat'><strong>12.</strong></span> <span class='ocrx_word' id='word_1_10' title='bbox 519 891 672 943; x_wconf 86' lang='lat' dir='ltr'>decembris.</span> <span class='ocrx_word' id='word_1_11' title='bbox 692 891 846 959; x_wconf 85' lang='lat' dir='ltr'><strong>Zagrabiae.</strong></span> 
     </span>
    </p>
   </div>
   <div class='ocr_carea' id='block_1_4' title="bbox 162 1021 1429 1310">
    <p class='ocr_par' dir='ltr' id='par_1_4' title="bbox 162 1021 1429 1310">
     <span class='ocr_line' id='line_1_4' title="bbox 162 1021 1429 1098; baseline 0.003 -20"><span class='ocrx_word' id='word_1_12' title='bbox 162 1021 257 1079; x_wconf 85' lang='lat' dir='ltr'><strong>Lucas</strong></span> <span class='ocrx_word' id='word_1_13' title='bbox 279 1023 433 1079; x_wconf 79' lang='lat' dir='ltr'><strong>canonicus</strong></span> <span class='ocrx_word' id='word_1_14' title='bbox 464 1022 553 1079; x_wconf 80' lang='lat' dir='ltr'><strong>lector</strong></span> <span class='ocrx_word' id='word_1_15' title='bbox 581 1021 665 1095; x_wconf 84' lang='lat' dir='ltr'><em>capit.</em></span> <span class='ocrx_word' id='word_1_16' title='bbox 695 1021 811 1094; x_wconf 80' lang='lat' dir='ltr'><strong>zagrab.</strong></span> <span class='ocrx_word' id='word_1_17' title='bbox 843 1021 933 1078; x_wconf 81' lang='lat' dir='ltr'><strong>iudex</strong></span> <span class='ocrx_word' id='word_1_18' title='bbox 962 1021 1108 1095; x_wconf 79' lang='lat' dir='ltr'><strong>delegatus</strong></span> <span class='ocrx_word' id='word_1_19' title='bbox 1138 1041 1157 1078; x_wconf 89' lang='lat' dir='ltr'><strong>a</strong></span> <span class='ocrx_word' id='word_1_20' title='bbox 1180 1023 1243 1080; x_wconf 82' lang='lat' dir='ltr'><strong>rade</strong></span> <span class='ocrx_word' id='word_1_21' title='bbox 1265 1025 1429 1098; x_wconf 77' lang='lat' dir='ltr'><strong>apostolica,</strong></span> 
     </span>
     <span class='ocr_line' id='line_1_5' title="bbox 162 1127 1429 1204; baseline 0.003 -20"><span class='ocrx_word' id='word_1_22' title='bbox 162 1131 236 1186; x_wconf 80' lang='lat' dir='ltr'><strong>cives</strong></span> <span class='ocrx_word' id='word_1_23' title='bbox 264 1127 447 1200; x_wconf 82' lang='lat' dir='ltr'><strong>Greclrenses,</strong></span> <span class='ocrx_word' id='word_1_24' title='bbox 477 1129 548 1204; x_wconf 86' lang='lat' dir='ltr'><strong>quia</strong></span> <span class='ocrx_word' id='word_1_25' title='bbox 576 1127 721 1186; x_wconf 82' lang='lat' dir='ltr'><strong>mandatis</strong></span> <span class='ocrx_word' id='word_1_26' title='bbox 750 1129 811 1185; x_wconf 84' lang='lat' dir='ltr'><strong>suis</strong></span> <span class='ocrx_word' id='word_1_27' title='bbox 840 1129 871 1185; x_wconf 85' lang='lat' dir='ltr'><strong>in</strong></span> <span class='ocrx_word' id='word_1_28' title='bbox 901 1129 1076 1185; x_wconf 65' lang='lat' dir='ltr'><strong>reseratam</strong></span> <span class='ocrx_word' id='word_1_29' title='bbox 1104 1129 1294 1202; x_wconf 75' lang='lat' dir='ltr'><strong>quarumdam</strong></span> <span class='ocrx_word' id='word_1_30' title='bbox 1317 1138 1429 1203; x_wconf 83' lang='lat' dir='ltr'><strong>passes-</strong></span> 
     </span>
     <span class='ocr_line' id='line_1_6' title="bbox 428 1234 1166 1310; baseline -0.001 -18"><span class='ocrx_word' id='word_1_31' title='bbox 428 1237 539 1293; x_wconf 85' lang='lat' dir='ltr'><strong>sianum</strong></span> <span class='ocrx_word' id='word_1_32' title='bbox 562 1235 769 1310; x_wconf 80' lang='lat' dir='ltr'><strong>satisfecerunt,</strong></span> <span class='ocrx_word' id='word_1_33' title='bbox 792 1234 933 1292; x_wconf 82' lang='lat' dir='ltr'><strong>absolutas</strong></span> <span class='ocrx_word' id='word_1_34' title='bbox 956 1253 1013 1292; x_wconf 83' lang='lat' dir='ltr'><strong>esse</strong></span> <span class='ocrx_word' id='word_1_35' title='bbox 1031 1235 1166 1291; x_wconf 80' lang='lat' dir='ltr'><em>declarat.</em></span> 
     </span>
    </p>
   </div>
   <div class='ocr_carea' id='block_1_5' title="bbox 163 1393 1439 5090">
    <p class='ocr_par' dir='ltr' id='par_1_5' title="bbox 163 1393 1439 5090">
     <span class='ocr_line' id='line_1_7' title="bbox 250 1393 1430 1473; baseline 0.002 -19"><span class='ocrx_word' id='word_1_36' title='bbox 250 1397 314 1455; x_wconf 93' lang='lat' dir='ltr'><strong>Nos</strong></span> <span class='ocrx_word' id='word_1_37' title='bbox 337 1399 456 1456; x_wconf 88' lang='lat' dir='ltr'><strong>Luchas</strong></span> <span class='ocrx_word' id='word_1_38' title='bbox 480 1399 578 1456; x_wconf 91' lang='lat' dir='ltr'><strong>lector</strong></span> <span class='ocrx_word' id='word_1_39' title='bbox 599 1414 652 1456; x_wconf 90' lang='lat' dir='ltr'><strong>seu</strong></span> <span class='ocrx_word' id='word_1_40' title='bbox 674 1397 852 1456; x_wconf 82' lang='lat' dir='ltr'><strong>scolasticus</strong></span> <span class='ocrx_word' id='word_1_41' title='bbox 882 1393 1097 1471; x_wconf 90' lang='lat' dir='ltr'><strong>zagrabiensis,</strong></span> <span class='ocrx_word' id='word_1_42' title='bbox 1122 1414 1212 1456; x_wconf 90' lang='lat' dir='ltr'><strong>cause</strong></span> <span class='ocrx_word' id='word_1_43' title='bbox 1235 1405 1265 1456; x_wconf 89' lang='lat' dir='ltr'><strong>et</strong></span> <span class='ocrx_word' id='word_1_44' title='bbox 1288 1400 1430 1473; x_wconf 90' lang='lat' dir='ltr'><strong>partibus</strong></span> 
     </span>
     <span class='ocr_line' id='line_1_8' title="bbox 163 1503 1430 1580; baseline 0.001 -19"><span class='ocrx_word' id='word_1_45' title='bbox 163 1505 346 1579; x_wconf 78' lang='lat' dir='ltr'><strong>subscriptis</strong></span> <span class='ocrx_word' id='word_1_46' title='bbox 370 1512 516 1564; x_wconf 79' lang='lat' dir='ltr'><strong>executor</strong></span> <span class='ocrx_word' id='word_1_47' title='bbox 538 1522 556 1563; x_wconf 90' lang='lat' dir='ltr'><strong>a</strong></span> <span class='ocrx_word' id='word_1_48' title='bbox 579 1505 652 1568; x_wconf 89' lang='lat' dir='ltr'><strong>sede</strong></span> <span class='ocrx_word' id='word_1_49' title='bbox 674 1505 846 1580; x_wconf 87' lang='lat' dir='ltr'><strong>apostolica</strong></span> <span class='ocrx_word' id='word_1_50' title='bbox 869 1504 1044 1578; x_wconf 88' lang='lat' dir='ltr'><strong>specialiter</strong></span> <span class='ocrx_word' id='word_1_51' title='bbox 1075 1503 1246 1578; x_wconf 90' lang='lat' dir='ltr'><strong>deputatus.</strong></span> <span class='ocrx_word' id='word_1_52' title='bbox 1271 1504 1430 1578; x_wconf 85' lang='lat' dir='ltr'><strong>Significa-</strong></span> 
     </span>
     <span class='ocr_line' id='line_1_9' title="bbox 164 1610 1429 1686; baseline 0.001 -19"><span class='ocrx_word' id='word_1_53' title='bbox 164 1625 232 1668; x_wconf 92' lang='lat' dir='ltr'><strong>mus</strong></span> <span class='ocrx_word' id='word_1_54' title='bbox 255 1612 416 1682; x_wconf 88' lang='lat' dir='ltr'><strong>universis,</strong></span> <span class='ocrx_word' id='word_1_55' title='bbox 441 1613 555 1685; x_wconf 89' lang='lat' dir='ltr'><strong>quibus</strong></span> <span class='ocrx_word' id='word_1_56' title='bbox 578 1611 703 1686; x_wconf 90' lang='lat' dir='ltr'><strong>expedit</strong></span> <span class='ocrx_word' id='word_1_57' title='bbox 726 1611 921 1685; x_wconf 90' lang='lat' dir='ltr'><strong>presencium</strong></span> <span class='ocrx_word' id='word_1_58' title='bbox 944 1627 1001 1684; x_wconf 92' lang='lat' dir='ltr'><strong>per</strong></span> <span class='ocrx_word' id='word_1_59' title='bbox 1023 1617 1170 1682; x_wconf 92' lang='lat' dir='ltr'><strong>tenorem,</strong></span> <span class='ocrx_word' id='word_1_60' title='bbox 1188 1610 1358 1684; x_wconf 90' lang='lat' dir='ltr'><strong>quodcum</strong></span> <span class='ocrx_word' id='word_1_61' title='bbox 1375 1627 1429 1670; x_wconf 88' lang='lat' dir='ltr'><strong>nos</strong></span> 
     </span>
     <span class='ocr_line' id='line_1_10' title="bbox 163 1716 1429 1792; baseline 0.002 -20"><span class='ocrx_word' id='word_1_62' title='bbox 163 1723 287 1791; x_wconf 89' lang='lat' dir='ltr'><strong>recepto</strong></span> <span class='ocrx_word' id='word_1_63' title='bbox 311 1717 458 1775; x_wconf 87' lang='lat' dir='ltr'><strong>mandato</strong></span> <span class='ocrx_word' id='word_1_64' title='bbox 481 1719 661 1792; x_wconf 88' lang='lat' dir='ltr'><strong>apostolico,</strong></span> <span class='ocrx_word' id='word_1_65' title='bbox 686 1717 858 1774; x_wconf 82' lang='lat' dir='ltr'><strong>continente</strong></span> <span class='ocrx_word' id='word_1_66' title='bbox 882 1717 961 1772; x_wconf 90' lang='lat' dir='ltr'><strong>inter</strong></span> <span class='ocrx_word' id='word_1_67' title='bbox 987 1721 1096 1785; x_wconf 89' lang='lat' dir='ltr'><strong>cetera,</strong></span> <span class='ocrx_word' id='word_1_68' title='bbox 1121 1716 1205 1789; x_wconf 89' lang='lat' dir='ltr'><strong>quod</strong></span> <span class='ocrx_word' id='word_1_69' title='bbox 1229 1716 1429 1776; x_wconf 80' lang='lat' dir='ltr'><strong>diffinitivam</strong></span> 
     </span>
     <span class='ocr_line' id='line_1_11' title="bbox 164 1821 1430 1898; baseline 0.002 -20"><span class='ocrx_word' id='word_1_70' title='bbox 164 1824 348 1880; x_wconf 87' lang='lat' dir='ltr'><strong>sentenciam</strong></span> <span class='ocrx_word' id='word_1_71' title='bbox 373 1823 535 1882; x_wconf 90' lang='lat' dir='ltr'><strong>reverendi</strong></span> <span class='ocrx_word' id='word_1_72' title='bbox 558 1825 588 1882; x_wconf 94' lang='lat' dir='ltr'><strong>in</strong></span> <span class='ocrx_word' id='word_1_73' title='bbox 610 1823 734 1880; x_wconf 89' lang='lat' dir='ltr'><strong>Christo</strong></span> <span class='ocrx_word' id='word_1_74' title='bbox 758 1823 863 1897; x_wconf 89' lang='lat' dir='ltr'><strong>patris,</strong></span> <span class='ocrx_word' id='word_1_75' title='bbox 889 1821 1006 1879; x_wconf 91' lang='lat' dir='ltr'><strong>domini</strong></span> <span class='ocrx_word' id='word_1_76' title='bbox 1029 1821 1157 1892; x_wconf 88' lang='lat' dir='ltr'><strong>Thome,</strong></span> <span class='ocrx_word' id='word_1_77' title='bbox 1182 1821 1231 1880; x_wconf 91' lang='lat' dir='ltr'><strong>dei</strong></span> <span class='ocrx_word' id='word_1_78' title='bbox 1254 1830 1284 1881; x_wconf 91' lang='lat' dir='ltr'><strong>et</strong></span> <span class='ocrx_word' id='word_1_79' title='bbox 1307 1835 1430 1898; x_wconf 84' lang='lat' dir='ltr'><strong>aposto·</strong></span> 
     </span>
     <span class='ocr_line' id='line_1_12' title="bbox 164 1929 1430 2003; baseline 0.002 -19"><span class='ocrx_word' id='word_1_80' title='bbox 164 1929 223 1985; x_wconf 93' lang='lat' dir='ltr'><strong>lica</strong></span> <span class='ocrx_word' id='word_1_81' title='bbox 253 1931 357 2000; x_wconf 85' lang='lat' dir='ltr'><strong>gracia</strong></span> <span class='ocrx_word' id='word_1_82' title='bbox 387 1935 458 1987; x_wconf 91' lang='lat' dir='ltr'><strong>tunc</strong></span> <span class='ocrx_word' id='word_1_83' title='bbox 488 1930 709 2000; x_wconf 91' lang='lat' dir='ltr'><strong>cholochensis‚</strong></span> <span class='ocrx_word' id='word_1_84' title='bbox 739 1945 820 1986; x_wconf 93' lang='lat' dir='ltr'><strong>nunc</strong></span> <span class='ocrx_word' id='word_1_85' title='bbox 851 1943 926 1986; x_wconf 89' lang='lat' dir='ltr'><strong>vero</strong></span> <span class='ocrx_word' id='word_1_86' title='bbox 956 1929 1166 2001; x_wconf 85' lang='lat' dir='ltr'><strong>strigoniensis</strong></span> <span class='ocrx_word' id='word_1_87' title='bbox 1197 1930 1430 2003; x_wconf 88' lang='lat' dir='ltr'><strong>archiepiscopi,</strong></span> 
     </span>
     <span class='ocr_line' id='line_1_13' title="bbox 166 2035 1431 2118; baseline 0.002 -28"><span class='ocrx_word' id='word_1_88' title='bbox 166 2049 223 2108; x_wconf 92' lang='lat' dir='ltr'><strong>pro</strong></span> <span class='ocrx_word' id='word_1_89' title='bbox 247 2042 335 2108; x_wconf 90' lang='lat' dir='ltr'><strong>parte</strong></span> <span class='ocrx_word' id='word_1_90' title='bbox 359 2037 526 2107; x_wconf 65' lang='lat' dir='ltr'><strong>Michaelis</strong></span> <span class='ocrx_word' id='word_1_91' title='bbox 550 2036 653 2093; x_wconf 91' lang='lat' dir='ltr'><strong>mariti</strong></span> <span class='ocrx_word' id='word_1_92' title='bbox 676 2035 753 2093; x_wconf 92' lang='lat' dir='ltr'><strong>olim</strong></span> <span class='ocrx_word' id='word_1_93' title='bbox 774 2035 933 2092; x_wconf 85' lang='lat' dir='ltr'><strong>Elizabeth</strong></span> <span class='ocrx_word' id='word_1_94' title='bbox 950 2040 979 2092; x_wconf 90' lang='lat' dir='ltr'><strong>et</strong></span> <span class='ocrx_word' id='word_1_95' title='bbox 998 2035 1146 2118; x_wconf 89' lang='lat' dir='ltr'><strong>Johannis</strong></span> <span class='ocrx_word' id='word_1_96' title='bbox 1162 2035 1311 2109; x_wconf 77' lang='lat' dir='ltr'><strong>sellipari.</strong></span> <span class='ocrx_word' id='word_1_97' title='bbox 1328 2036 1431 2093; x_wconf 88' lang='lat' dir='ltr'><strong>mariti</strong></span> 
     </span>
     <span class='ocr_line' id='line_1_14' title="bbox 165 2140 1431 2215; baseline 0.003 -19"><span class='ocrx_word' id='word_1_98' title='bbox 165 2140 268 2210; x_wconf 90' lang='lat' dir='ltr'><strong>Elene‚</strong></span> <span class='ocrx_word' id='word_1_99' title='bbox 291 2141 429 2199; x_wconf 85' lang='lat' dir='ltr'><strong>tiliarum</strong></span> <span class='ocrx_word' id='word_1_100' title='bbox 446 2142 604 2214; x_wconf 89' lang='lat' dir='ltr'><strong>quondam</strong></span> <span class='ocrx_word' id='word_1_101' title='bbox 622 2141 789 2214; x_wconf 87' lang='lat' dir='ltr'><strong>Meynardi,</strong></span> <span class='ocrx_word' id='word_1_102' title='bbox 807 2143 930 2198; x_wconf 91' lang='lat' dir='ltr'><strong>nomine</strong></span> <span class='ocrx_word' id='word_1_103' title='bbox 946 2150 975 2198; x_wconf 91' lang='lat' dir='ltr'><strong>et</strong></span> <span class='ocrx_word' id='word_1_104' title='bbox 991 2142 1058 2198; x_wconf 92' lang='lat' dir='ltr'><strong>vice</strong></span> <span class='ocrx_word' id='word_1_105' title='bbox 1075 2143 1289 2215; x_wconf 86' lang='lat' dir='ltr'><strong>procuratorio</strong></span> <span class='ocrx_word' id='word_1_106' title='bbox 1310 2157 1431 2200; x_wconf 87' lang='lat' dir='ltr'><strong>earum·</strong></span> 
     </span>
     <span class='ocr_line' id='line_1_15' title="bbox 165 2245 1430 2320; baseline 0.003 -18"><span class='ocrx_word' id='word_1_107' title='bbox 165 2245 236 2303; x_wconf 90' lang='lat' dir='ltr'><strong>dem</strong></span> <span class='ocrx_word' id='word_1_108' title='bbox 272 2255 380 2305; x_wconf 91' lang='lat' dir='ltr'><strong>contra</strong></span> <span class='ocrx_word' id='word_1_109' title='bbox 402 2248 561 2306; x_wconf 90' lang='lat' dir='ltr'><strong>dominam</strong></span> <span class='ocrx_word' id='word_1_110' title='bbox 584 2247 779 2320; x_wconf 88' lang='lat' dir='ltr'><strong>Caterynam,</strong></span> <span class='ocrx_word' id='word_1_111' title='bbox 806 2247 1108 2319; x_wconf 88' lang='lat' dir='ltr'><strong>relictameiusdem</strong></span> <span class='ocrx_word' id='word_1_112' title='bbox 1134 2248 1301 2320; x_wconf 89' lang='lat' dir='ltr'><strong>Meynardi,</strong></span> <span class='ocrx_word' id='word_1_113' title='bbox 1325 2249 1430 2320; x_wconf 89' lang='lat' dir='ltr'><strong>latam,</strong></span> 
     </span>
     <span class='ocr_line' id='line_1_16' title="bbox 166 2351 1430 2425; baseline 0.002 -16"><span class='ocrx_word' id='word_1_114' title='bbox 166 2351 299 2410; x_wconf 87' lang='lat' dir='ltr'><strong>firmiter</strong></span> <span class='ocrx_word' id='word_1_115' title='bbox 321 2354 489 2412; x_wconf 86' lang='lat' dir='ltr'><strong>observare</strong></span> <span class='ocrx_word' id='word_1_116' title='bbox 511 2354 691 2424; x_wconf 83' lang='lat' dir='ltr'><strong>faceremus,</strong></span> <span class='ocrx_word' id='word_1_117' title='bbox 715 2354 824 2411; x_wconf 89' lang='lat' dir='ltr'><strong>eadem</strong></span> <span class='ocrx_word' id='word_1_118' title='bbox 856 2355 1037 2412; x_wconf 89' lang='lat' dir='ltr'><strong>auctoritate</strong></span> <span class='ocrx_word' id='word_1_119' title='bbox 1067 2354 1157 2412; x_wconf 90' lang='lat' dir='ltr'><strong>nobis</strong></span> <span class='ocrx_word' id='word_1_120' title='bbox 1180 2354 1304 2425; x_wconf 88' lang='lat' dir='ltr'><strong>credita,</strong></span> <span class='ocrx_word' id='word_1_121' title='bbox 1328 2355 1430 2424; x_wconf 90' lang='lat' dir='ltr'><strong>iudici,</strong></span> 
     </span>
     <span class='ocr_line' id='line_1_17' title="bbox 166 2457 1430 2542; baseline 0.003 -28"><span class='ocrx_word' id='word_1_122' title='bbox 166 2457 282 2528; x_wconf 90' lang='lat' dir='ltr'><strong>iuratis,</strong></span> <span class='ocrx_word' id='word_1_123' title='bbox 305 2460 440 2531; x_wconf 85' lang='lat' dir='ltr'><strong>antiquis</strong></span> <span class='ocrx_word' id='word_1_124' title='bbox 462 2459 616 2542; x_wconf 86' lang='lat' dir='ltr'><strong>iudicibus</strong></span> <span class='ocrx_word' id='word_1_125' title='bbox 639 2466 669 2516; x_wconf 92' lang='lat' dir='ltr'><strong>et</strong></span> <span class='ocrx_word' id='word_1_126' title='bbox 693 2461 749 2517; x_wconf 90' lang='lat' dir='ltr'><strong>toti</strong></span> <span class='ocrx_word' id='word_1_127' title='bbox 779 2461 993 2517; x_wconf 89' lang='lat' dir='ltr'><strong>communitati</strong></span> <span class='ocrx_word' id='word_1_128' title='bbox 1019 2461 1152 2518; x_wconf 89' lang='lat' dir='ltr'><strong>civitatis</strong></span> <span class='ocrx_word' id='word_1_129' title='bbox 1176 2460 1337 2518; x_wconf 87' lang='lat' dir='ltr'><strong>Grecensis</strong></span> <span class='ocrx_word' id='word_1_130' title='bbox 1371 2462 1430 2518; x_wconf 90' lang='lat' dir='ltr'><strong>sub</strong></span> 
     </span>
     <span class='ocr_line' id='line_1_18' title="bbox 167 2565 1431 2640; baseline 0.002 -19"><span class='ocrx_word' id='word_1_131' title='bbox 167 2565 253 2636; x_wconf 92' lang='lat' dir='ltr'><strong>penis</strong></span> <span class='ocrx_word' id='word_1_132' title='bbox 275 2565 306 2622; x_wconf 90' lang='lat' dir='ltr'><strong>in</strong></span> <span class='ocrx_word' id='word_1_133' title='bbox 329 2566 442 2623; x_wconf 92' lang='lat' dir='ltr'><strong>nostris</strong></span> <span class='ocrx_word' id='word_1_134' title='bbox 464 2567 662 2639; x_wconf 87' lang='lat' dir='ltr'><strong>processibus</strong></span> <span class='ocrx_word' id='word_1_135' title='bbox 685 2566 795 2624; x_wconf 86' lang='lat' dir='ltr'><strong>exinde</strong></span> <span class='ocrx_word' id='word_1_136' title='bbox 818 2566 973 2638; x_wconf 84' lang='lat' dir='ltr'><strong>conlectis,</strong></span> <span class='ocrx_word' id='word_1_137' title='bbox 1003 2568 1165 2640; x_wconf 87' lang='lat' dir='ltr'><strong>expressis,</strong></span> <span class='ocrx_word' id='word_1_138' title='bbox 1189 2567 1431 2636; x_wconf 89' lang='lat' dir='ltr'><strong>mandassemus,</strong></span> 
     </span>
     <span class='ocr_line' id='line_1_19' title="bbox 167 2671 1433 2748; baseline 0.004 -21"><span class='ocrx_word' id='word_1_139' title='bbox 167 2677 317 2742; x_wconf 87' lang='lat' dir='ltr'><strong>quatenus</strong></span> <span class='ocrx_word' id='word_1_140' title='bbox 333 2672 415 2729; x_wconf 90' lang='lat' dir='ltr'><strong>bona</strong></span> <span class='ocrx_word' id='word_1_141' title='bbox 434 2671 515 2731; x_wconf 91' lang='lat' dir='ltr'><strong>dicte</strong></span> <span class='ocrx_word' id='word_1_142' title='bbox 531 2673 655 2730; x_wconf 92' lang='lat' dir='ltr'><strong>domine</strong></span> <span class='ocrx_word' id='word_1_143' title='bbox 670 2673 822 2746; x_wconf 88' lang='lat' dir='ltr'><strong>Cateryne</strong></span> <span class='ocrx_word' id='word_1_144' title='bbox 845 2689 949 2731; x_wconf 92' lang='lat' dir='ltr'><strong>coram</strong></span> <span class='ocrx_word' id='word_1_145' title='bbox 973 2673 1041 2748; x_wconf 92' lang='lat' dir='ltr'><strong>ipso</strong></span> <span class='ocrx_word' id='word_1_146' title='bbox 1057 2672 1184 2731; x_wconf 91' lang='lat' dir='ltr'><strong>domino</strong></span> <span class='ocrx_word' id='word_1_147' title='bbox 1200 2674 1433 2748; x_wconf 87' lang='lat' dir='ltr'><strong>archiepiscopo</strong></span> 
     </span>
     <span class='ocr_line' id='line_1_20' title="bbox 169 2765 1434 2853; baseline 0.002 -20"><span class='ocrx_word' id='word_1_148' title='bbox 169 2793 224 2850; x_wconf 86' lang='lat' dir='ltr'><strong>per</strong></span> <span class='ocrx_word' id='word_1_149' title='bbox 246 2777 402 2851; x_wconf 88' lang='lat' dir='ltr'><strong>predictos</strong></span> <span class='ocrx_word' id='word_1_150' title='bbox 426 2785 640 2853; x_wconf 86' lang='lat' dir='ltr'><strong>procuratores</strong></span> <span class='ocrx_word' id='word_1_151' title='bbox 662 2781 693 2836; x_wconf 92' lang='lat' dir='ltr'><strong>in</strong></span> <span class='ocrx_word' id='word_1_152' title='bbox 717 2779 831 2838; x_wconf 90' lang='lat' dir='ltr'><strong>iudicio</strong></span> <span class='ocrx_word' id='word_1_153' title='bbox 847 2765 981 2850; x_wconf 85' lang='lat' dir='ltr'><strong>obtenta,</strong></span> <span class='ocrx_word' id='word_1_154' title='bbox 998 2795 1058 2852; x_wconf 92' lang='lat' dir='ltr'><strong>que</strong></span> <span class='ocrx_word' id='word_1_155' title='bbox 1079 2780 1180 2853; x_wconf 87' lang='lat' dir='ltr'><strong>ipsam</strong></span> <span class='ocrx_word' id='word_1_156' title='bbox 1201 2778 1359 2838; x_wconf 90' lang='lat' dir='ltr'><strong>dominam</strong></span> <span class='ocrx_word' id='word_1_157' title='bbox 1377 2779 1434 2838; x_wconf 88' lang='lat' dir='ltr'><strong>Ca·</strong></span> 
     </span>
     <span class='ocr_line' id='line_1_21' title="bbox 169 2885 1435 2960; baseline 0.004 -21"><span class='ocrx_word' id='word_1_158' title='bbox 169 2893 308 2955; x_wconf 86' lang='lat' dir='ltr'><strong>terynam</strong></span> <span class='ocrx_word' id='word_1_159' title='bbox 346 2886 556 2958; x_wconf 90' lang='lat' dir='ltr'><strong>contingerent</strong></span> <span class='ocrx_word' id='word_1_160' title='bbox 579 2891 609 2944; x_wconf 95' lang='lat' dir='ltr'><strong>et</strong></span> <span class='ocrx_word' id='word_1_161' title='bbox 633 2902 693 2959; x_wconf 89' lang='lat' dir='ltr'><strong>que</strong></span> <span class='ocrx_word' id='word_1_162' title='bbox 722 2885 761 2943; x_wconf 91' lang='lat' dir='ltr'><strong>ad</strong></span> <span class='ocrx_word' id='word_1_163' title='bbox 796 2903 920 2960; x_wconf 90' lang='lat' dir='ltr'><strong>presens</strong></span> <span class='ocrx_word' id='word_1_164' title='bbox 946 2887 1075 2959; x_wconf 90' lang='lat' dir='ltr'><strong>reperiri</strong></span> <span class='ocrx_word' id='word_1_165' title='bbox 1110 2893 1243 2960; x_wconf 88' lang='lat' dir='ltr'><strong>possent,</strong></span> <span class='ocrx_word' id='word_1_166' title='bbox 1267 2885 1356 2944; x_wconf 90' lang='lat' dir='ltr'><strong>dictis</strong></span> <span class='ocrx_word' id='word_1_167' title='bbox 1380 2887 1435 2944; x_wconf 90' lang='lat' dir='ltr'><strong>Mi-</strong></span> 
     </span>
     <span class='ocr_line' id='line_1_22' title="bbox 170 2990 1435 3074; baseline 0.003 -28"><span class='ocrx_word' id='word_1_168' title='bbox 170 2990 267 3047; x_wconf 91' lang='lat' dir='ltr'><strong>chaeli</strong></span> <span class='ocrx_word' id='word_1_169' title='bbox 291 2995 321 3048; x_wconf 90' lang='lat' dir='ltr'><strong>et</strong></span> <span class='ocrx_word' id='word_1_170' title='bbox 343 2991 485 3074; x_wconf 76' lang='lat' dir='ltr'><strong>johanni,</strong></span> <span class='ocrx_word' id='word_1_171' title='bbox 510 2993 664 3050; x_wconf 88' lang='lat' dir='ltr'><strong>mediante</strong></span> <span class='ocrx_word' id='word_1_172' title='bbox 688 2994 813 3050; x_wconf 91' lang='lat' dir='ltr'><strong>homine</strong></span> <span class='ocrx_word' id='word_1_173' title='bbox 836 2999 950 3063; x_wconf 87' lang='lat' dir='ltr'><strong>nostru,</strong></span> <span class='ocrx_word' id='word_1_174' title='bbox 974 3009 1031 3066; x_wconf 91' lang='lat' dir='ltr'><strong>per</strong></span> <span class='ocrx_word' id='word_1_175' title='bbox 1047 2993 1187 3050; x_wconf 90' lang='lat' dir='ltr'><strong>homines</strong></span> <span class='ocrx_word' id='word_1_176' title='bbox 1202 2993 1343 3066; x_wconf 90' lang='lat' dir='ltr'><strong>ipsorum</strong></span> <span class='ocrx_word' id='word_1_177' title='bbox 1360 2993 1435 3051; x_wconf 91' lang='lat' dir='ltr'><strong>fide-</strong></span> 
     </span>
     <span class='ocr_line' id='line_1_23' title="bbox 170 3094 1436 3173; baseline 0.004 -21"><span class='ocrx_word' id='word_1_178' title='bbox 170 3094 278 3167; x_wconf 86' lang='lat' dir='ltr'><strong>dignos</strong></span> <span class='ocrx_word' id='word_1_179' title='bbox 302 3099 395 3155; x_wconf 85' lang='lat' dir='ltr'><strong>statui</strong></span> <span class='ocrx_word' id='word_1_180' title='bbox 422 3097 556 3157; x_wconf 85' lang='lat' dir='ltr'><strong>facerent</strong></span> <span class='ocrx_word' id='word_1_181' title='bbox 587 3105 617 3156; x_wconf 92' lang='lat' dir='ltr'><strong>et</strong></span> <span class='ocrx_word' id='word_1_182' title='bbox 648 3099 805 3172; x_wconf 87' lang='lat' dir='ltr'><strong>assignari.</strong></span> <span class='ocrx_word' id='word_1_183' title='bbox 837 3099 1027 3172; x_wconf 79' lang='lat' dir='ltr'><strong>Quiquidem</strong></span> <span class='ocrx_word' id='word_1_184' title='bbox 1062 3099 1163 3170; x_wconf 89' lang='lat' dir='ltr'><strong>iudex,</strong></span> <span class='ocrx_word' id='word_1_185' title='bbox 1195 3100 1294 3170; x_wconf 87' lang='lat' dir='ltr'><strong>iurati,</strong></span> <span class='ocrx_word' id='word_1_186' title='bbox 1318 3101 1436 3173; x_wconf 90' lang='lat' dir='ltr'><strong>antiqui</strong></span> 
     </span>
     <span class='ocr_line' id='line_1_24' title="bbox 172 3201 1435 3280; baseline 0.004 -22"><span class='ocrx_word' id='word_1_187' title='bbox 172 3201 285 3260; x_wconf 89' lang='lat' dir='ltr'><strong>iudices</strong></span> <span class='ocrx_word' id='word_1_188' title='bbox 310 3210 339 3261; x_wconf 93' lang='lat' dir='ltr'><strong>et</strong></span> <span class='ocrx_word' id='word_1_189' title='bbox 362 3209 426 3262; x_wconf 92' lang='lat' dir='ltr'><strong>tota</strong></span> <span class='ocrx_word' id='word_1_190' title='bbox 450 3207 654 3264; x_wconf 87' lang='lat' dir='ltr'><strong>communitas</strong></span> <span class='ocrx_word' id='word_1_191' title='bbox 677 3206 830 3264; x_wconf 90' lang='lat' dir='ltr'><strong>mandatis</strong></span> <span class='ocrx_word' id='word_1_192' title='bbox 853 3205 965 3262; x_wconf 89' lang='lat' dir='ltr'><strong>nostris</strong></span> <span class='ocrx_word' id='word_1_193' title='bbox 989 3211 1019 3262; x_wconf 90' lang='lat' dir='ltr'><strong>et</strong></span> <span class='ocrx_word' id='word_1_194' title='bbox 1042 3205 1149 3278; x_wconf 91' lang='lat' dir='ltr'><strong>pocius</strong></span> <span class='ocrx_word' id='word_1_195' title='bbox 1170 3206 1347 3280; x_wconf 89' lang='lat' dir='ltr'><strong>apostolicis</strong></span> <span class='ocrx_word' id='word_1_196' title='bbox 1363 3208 1435 3264; x_wconf 95' lang='lat' dir='ltr'><strong>obe-</strong></span> 
     </span>
     <span class='ocr_line' id='line_1_25' title="bbox 172 3308 1437 3388; baseline 0.006 -23"><span class='ocrx_word' id='word_1_197' title='bbox 172 3308 296 3380; x_wconf 89' lang='lat' dir='ltr'><strong>dientes,</strong></span> <span class='ocrx_word' id='word_1_198' title='bbox 319 3311 495 3386; x_wconf 89' lang='lat' dir='ltr'><strong>subscripta</strong></span> <span class='ocrx_word' id='word_1_199' title='bbox 518 3313 600 3370; x_wconf 92' lang='lat' dir='ltr'><strong>bona</strong></span> <span class='ocrx_word' id='word_1_200' title='bbox 623 3313 720 3387; x_wconf 91' lang='lat' dir='ltr'><strong>ipsius</strong></span> <span class='ocrx_word' id='word_1_201' title='bbox 743 3311 867 3370; x_wconf 89' lang='lat' dir='ltr'><strong>domine</strong></span> <span class='ocrx_word' id='word_1_202' title='bbox 883 3312 1043 3383; x_wconf 87' lang='lat' dir='ltr'><strong>Cateryne‚</strong></span> <span class='ocrx_word' id='word_1_203' title='bbox 1067 3313 1183 3370; x_wconf 89' lang='lat' dir='ltr'><strong>scilicet</strong></span> <span class='ocrx_word' id='word_1_204' title='bbox 1204 3313 1333 3370; x_wconf 90' lang='lat' dir='ltr'><strong>domum</strong></span> <span class='ocrx_word' id='word_1_205' title='bbox 1358 3315 1437 3388; x_wconf 91' lang='lat' dir='ltr'><strong>lapi·</strong></span> 
     </span>
     <span class='ocr_line' id='line_1_26' title="bbox 173 3415 1436 3493; baseline 0.005 -21"><span class='ocrx_word' id='word_1_206' title='bbox 173 3415 260 3474; x_wconf 93' lang='lat' dir='ltr'><strong>deam</strong></span> <span class='ocrx_word' id='word_1_207' title='bbox 284 3418 371 3476; x_wconf 90' lang='lat' dir='ltr'><strong>iuxta</strong></span> <span class='ocrx_word' id='word_1_208' title='bbox 393 3425 517 3492; x_wconf 90' lang='lat' dir='ltr'><strong>portam</strong></span> <span class='ocrx_word' id='word_1_209' title='bbox 541 3418 722 3477; x_wconf 87' lang='lat' dir='ltr'><strong>carnificum</strong></span> <span class='ocrx_word' id='word_1_210' title='bbox 738 3425 768 3476; x_wconf 90' lang='lat' dir='ltr'><strong>et</strong></span> <span class='ocrx_word' id='word_1_211' title='bbox 783 3435 909 3476; x_wconf 87' lang='lat' dir='ltr'><strong>murum</strong></span> <span class='ocrx_word' id='word_1_212' title='bbox 926 3418 1063 3476; x_wconf 89' lang='lat' dir='ltr'><strong>eiusdem</strong></span> <span class='ocrx_word' id='word_1_213' title='bbox 1081 3420 1215 3477; x_wconf 92' lang='lat' dir='ltr'><strong>civitatis</strong></span> <span class='ocrx_word' id='word_1_214' title='bbox 1239 3420 1269 3477; x_wconf 95' lang='lat' dir='ltr'><strong>in</strong></span> <span class='ocrx_word' id='word_1_215' title='bbox 1293 3421 1436 3493; x_wconf 90' lang='lat' dir='ltr'><strong>contigua</strong></span> 
     </span>
     <span class='ocr_line' id='line_1_27' title="bbox 172 3523 1436 3598; baseline 0.005 -19"><span class='ocrx_word' id='word_1_216' title='bbox 172 3523 328 3581; x_wconf 89' lang='lat' dir='ltr'><strong>vicinitate</strong></span> <span class='ocrx_word' id='word_1_217' title='bbox 351 3524 438 3583; x_wconf 85' lang='lat' dir='ltr'><strong>fundi</strong></span> <span class='ocrx_word' id='word_1_218' title='bbox 459 3525 572 3598; x_wconf 88' lang='lat' dir='ltr'><strong>Endry,</strong></span> <span class='ocrx_word' id='word_1_219' title='bbox 604 3525 662 3582; x_wconf 90' lang='lat' dir='ltr'><strong>filii</strong></span> <span class='ocrx_word' id='word_1_220' title='bbox 693 3526 816 3596; x_wconf 91' lang='lat' dir='ltr'><strong>Mathei,</strong></span> <span class='ocrx_word' id='word_1_221' title='bbox 848 3527 1004 3597; x_wconf 83' lang='lat' dir='ltr'><strong>existente,</strong></span> <span class='ocrx_word' id='word_1_222' title='bbox 1038 3541 1109 3582; x_wconf 90' lang='lat' dir='ltr'><strong>cum</strong></span> <span class='ocrx_word' id='word_1_223' title='bbox 1133 3525 1293 3598; x_wconf 87' lang='lat' dir='ltr'><strong>hedificiis,</strong></span> <span class='ocrx_word' id='word_1_224' title='bbox 1317 3528 1436 3585; x_wconf 91' lang='lat' dir='ltr'><strong>iuribus</strong></span> 
     </span>
     <span class='ocr_line' id='line_1_28' title="bbox 171 3629 1435 3702; baseline 0.004 -17"><span class='ocrx_word' id='word_1_225' title='bbox 171 3635 201 3686; x_wconf 93' lang='lat' dir='ltr'><strong>et</strong></span> <span class='ocrx_word' id='word_1_226' title='bbox 222 3631 411 3688; x_wconf 88' lang='lat' dir='ltr'><strong>utilitatibus</strong></span> <span class='ocrx_word' id='word_1_227' title='bbox 444 3634 507 3689; x_wconf 91' lang='lat' dir='ltr'><strong>suls</strong></span> <span class='ocrx_word' id='word_1_228' title='bbox 530 3647 566 3688; x_wconf 93' lang='lat' dir='ltr'><strong>ac</strong></span> <span class='ocrx_word' id='word_1_229' title='bbox 589 3629 686 3689; x_wconf 84' lang='lat' dir='ltr'><strong>fundo</strong></span> <span class='ocrx_word' id='word_1_230' title='bbox 708 3632 767 3688; x_wconf 93' lang='lat' dir='ltr'><strong>sibi</strong></span> <span class='ocrx_word' id='word_1_231' title='bbox 795 3631 941 3702; x_wconf 90' lang='lat' dir='ltr'><strong>subiecto,</strong></span> <span class='ocrx_word' id='word_1_232' title='bbox 972 3647 1089 3688; x_wconf 91' lang='lat' dir='ltr'><strong>necnon</strong></span> <span class='ocrx_word' id='word_1_233' title='bbox 1121 3639 1224 3688; x_wconf 92' lang='lat' dir='ltr'><strong>ortum</strong></span> <span class='ocrx_word' id='word_1_234' title='bbox 1254 3631 1370 3690; x_wconf 91' lang='lat' dir='ltr'><strong>ibidem</strong></span> <span class='ocrx_word' id='word_1_235' title='bbox 1395 3635 1435 3690; x_wconf 92' lang='lat' dir='ltr'><strong>ab</strong></span> 
     </span>
     <span class='ocr_line' id='line_1_29' title="bbox 172 3736 1436 3810; baseline 0.003 -18"><span class='ocrx_word' id='word_1_236' title='bbox 172 3736 233 3793; x_wconf 88' lang='lat' dir='ltr'><strong>alia</strong></span> <span class='ocrx_word' id='word_1_237' title='bbox 255 3743 343 3809; x_wconf 91' lang='lat' dir='ltr'><strong>parte</strong></span> <span class='ocrx_word' id='word_1_238' title='bbox 366 3739 448 3795; x_wconf 90' lang='lat' dir='ltr'><strong>muri</strong></span> <span class='ocrx_word' id='word_1_239' title='bbox 478 3739 581 3807; x_wconf 91' lang='lat' dir='ltr'><strong>situm,</strong></span> <span class='ocrx_word' id='word_1_240' title='bbox 612 3754 647 3795; x_wconf 92' lang='lat' dir='ltr'><strong>ac</strong></span> <span class='ocrx_word' id='word_1_241' title='bbox 678 3737 833 3810; x_wconf 89' lang='lat' dir='ltr'><strong>quandam</strong></span> <span class='ocrx_word' id='word_1_242' title='bbox 865 3739 988 3795; x_wconf 91' lang='lat' dir='ltr'><strong>vineam</strong></span> <span class='ocrx_word' id='word_1_243' title='bbox 1019 3738 1050 3795; x_wconf 92' lang='lat' dir='ltr'><strong>in</strong></span> <span class='ocrx_word' id='word_1_244' title='bbox 1083 3739 1238 3796; x_wconf 86' lang='lat' dir='ltr'><strong>territorio</strong></span> <span class='ocrx_word' id='word_1_245' title='bbox 1268 3745 1374 3797; x_wconf 89' lang='lat' dir='ltr'><strong>nostro</strong></span> <span class='ocrx_word' id='word_1_246' title='bbox 1398 3740 1436 3796; x_wconf 91' lang='lat' dir='ltr'><strong>de</strong></span> 
     </span>
     <span class='ocr_line' id='line_1_30' title="bbox 172 3841 1436 3928; baseline 0.002 -28"><span class='ocrx_word' id='word_1_247' title='bbox 172 3841 404 3902; x_wconf 89' lang='lat' dir='ltr'><strong>Chomomerch</strong></span> <span class='ocrx_word' id='word_1_248' title='bbox 428 3845 458 3903; x_wconf 91' lang='lat' dir='ltr'><strong>in</strong></span> <span class='ocrx_word' id='word_1_249' title='bbox 483 3845 639 3902; x_wconf 90' lang='lat' dir='ltr'><strong>vicinitate</strong></span> <span class='ocrx_word' id='word_1_250' title='bbox 663 3846 751 3902; x_wconf 92' lang='lat' dir='ltr'><strong>vinee</strong></span> <span class='ocrx_word' id='word_1_251' title='bbox 773 3845 922 3928; x_wconf 88' lang='lat' dir='ltr'><strong>Johannis</strong></span> <span class='ocrx_word' id='word_1_252' title='bbox 945 3844 1081 3914; x_wconf 88' lang='lat' dir='ltr'><strong>litterati,</strong></span> <span class='ocrx_word' id='word_1_253' title='bbox 1099 3845 1245 3914; x_wconf 88' lang='lat' dir='ltr'><strong>habitam,</strong></span> <span class='ocrx_word' id='word_1_254' title='bbox 1269 3846 1436 3903; x_wconf 90' lang='lat' dir='ltr'><strong>simulcum</strong></span> 
     </span>
     <span class='ocr_line' id='line_1_31' title="bbox 172 3949 1437 4024; baseline 0.002 -18"><span class='ocrx_word' id='word_1_255' title='bbox 172 3949 240 4007; x_wconf 89' lang='lat' dir='ltr'><strong>aliis</strong></span> <span class='ocrx_word' id='word_1_256' title='bbox 262 3951 358 4008; x_wconf 88' lang='lat' dir='ltr'><strong>rebus</strong></span> <span class='ocrx_word' id='word_1_257' title='bbox 381 3967 433 4008; x_wconf 93' lang='lat' dir='ltr'><strong>seu</strong></span> <span class='ocrx_word' id='word_1_258' title='bbox 457 3952 548 4009; x_wconf 93' lang='lat' dir='ltr'><strong>bonis</strong></span> <span class='ocrx_word' id='word_1_259' title='bbox 569 3951 742 4009; x_wconf 90' lang='lat' dir='ltr'><strong>mobilibus</strong></span> <span class='ocrx_word' id='word_1_260' title='bbox 763 3952 842 4009; x_wconf 89' lang='lat' dir='ltr'><strong>intra</strong></span> <span class='ocrx_word' id='word_1_261' title='bbox 866 3951 966 4024; x_wconf 90' lang='lat' dir='ltr'><strong>ipsam</strong></span> <span class='ocrx_word' id='word_1_262' title='bbox 990 3950 1119 4008; x_wconf 91' lang='lat' dir='ltr'><strong>domum</strong></span> <span class='ocrx_word' id='word_1_263' title='bbox 1147 3951 1269 4021; x_wconf 73' lang='lat' dir='ltr'><strong>habilia,</strong></span> <span class='ocrx_word' id='word_1_264' title='bbox 1293 3952 1437 4009; x_wconf 90' lang='lat' dir='ltr'><strong>similiter</strong></span> 
     </span>
     <span class='ocr_line' id='line_1_32' title="bbox 172 4056 1436 4130; baseline 0.002 -19"><span class='ocrx_word' id='word_1_265' title='bbox 172 4056 272 4128; x_wconf 92' lang='lat' dir='ltr'><strong>ipsam</strong></span> <span class='ocrx_word' id='word_1_266' title='bbox 296 4056 456 4115; x_wconf 90' lang='lat' dir='ltr'><strong>dominam</strong></span> <span class='ocrx_word' id='word_1_267' title='bbox 480 4056 665 4130; x_wconf 85' lang='lat' dir='ltr'><strong>Caterynam</strong></span> <span class='ocrx_word' id='word_1_268' title='bbox 689 4058 935 4130; x_wconf 88' lang='lat' dir='ltr'><strong>contingentibus</strong></span> <span class='ocrx_word' id='word_1_269' title='bbox 959 4063 988 4114; x_wconf 89' lang='lat' dir='ltr'><strong>et</strong></span> <span class='ocrx_word' id='word_1_270' title='bbox 1012 4073 1071 4129; x_wconf 90' lang='lat' dir='ltr'><strong>que</strong></span> <span class='ocrx_word' id='word_1_271' title='bbox 1095 4071 1153 4130; x_wconf 92' lang='lat' dir='ltr'><strong>pro</strong></span> <span class='ocrx_word' id='word_1_272' title='bbox 1183 4057 1278 4114; x_wconf 90' lang='lat' dir='ltr'><strong>modo</strong></span> <span class='ocrx_word' id='word_1_273' title='bbox 1307 4057 1436 4114; x_wconf 89' lang='lat' dir='ltr'><strong>inveniri</strong></span> 
     </span>
     <span class='ocr_line' id='line_1_33' title="bbox 174 4163 1438 4237; baseline 0 -18"><span class='ocrx_word' id='word_1_274' title='bbox 174 4167 364 4235; x_wconf 87' lang='lat' dir='ltr'><strong>poteruntur,</strong></span> <span class='ocrx_word' id='word_1_275' title='bbox 388 4164 522 4221; x_wconf 90' lang='lat' dir='ltr'><strong>aliorum</strong></span> <span class='ocrx_word' id='word_1_276' title='bbox 547 4165 730 4236; x_wconf 91' lang='lat' dir='ltr'><strong>quorumvis</strong></span> <span class='ocrx_word' id='word_1_277' title='bbox 746 4164 836 4220; x_wconf 88' lang='lat' dir='ltr'><strong>bonis</strong></span> <span class='ocrx_word' id='word_1_278' title='bbox 859 4165 889 4220; x_wconf 92' lang='lat' dir='ltr'><strong>in</strong></span> <span class='ocrx_word' id='word_1_279' title='bbox 907 4163 1001 4221; x_wconf 91' lang='lat' dir='ltr'><strong>domo</strong></span> <span class='ocrx_word' id='word_1_280' title='bbox 1026 4165 1093 4237; x_wconf 91' lang='lat' dir='ltr'><strong>ipsa</strong></span> <span class='ocrx_word' id='word_1_281' title='bbox 1116 4164 1362 4221; x_wconf 90' lang='lat' dir='ltr'><strong>conservacionis</strong></span> <span class='ocrx_word' id='word_1_282' title='bbox 1384 4179 1438 4220; x_wconf 94' lang='lat' dir='ltr'><strong>no-</strong></span> 
     </span>
     <span class='ocr_line' id='line_1_34' title="bbox 173 4269 1438 4343; baseline 0.002 -19"><span class='ocrx_word' id='word_1_283' title='bbox 173 4269 255 4326; x_wconf 91' lang='lat' dir='ltr'><strong>mine</strong></span> <span class='ocrx_word' id='word_1_284' title='bbox 278 4269 447 4340; x_wconf 73' lang='lat' dir='ltr'><strong>collocatis</strong></span> <span class='ocrx_word' id='word_1_285' title='bbox 471 4269 567 4327; x_wconf 91' lang='lat' dir='ltr'><strong>salvis</strong></span> <span class='ocrx_word' id='word_1_286' title='bbox 590 4275 619 4327; x_wconf 91' lang='lat' dir='ltr'><strong>et</strong></span> <span class='ocrx_word' id='word_1_287' title='bbox 643 4271 787 4343; x_wconf 85' lang='lat' dir='ltr'><strong>exceptis.</strong></span> <span class='ocrx_word' id='word_1_288' title='bbox 811 4269 861 4326; x_wconf 91' lang='lat' dir='ltr'><strong>die</strong></span> <span class='ocrx_word' id='word_1_289' title='bbox 885 4269 948 4328; x_wconf 89' lang='lat' dir='ltr'><strong>Xll.</strong></span> <span class='ocrx_word' id='word_1_290' title='bbox 966 4270 1080 4327; x_wconf 90' lang='lat' dir='ltr'><strong>mensis</strong></span> <span class='ocrx_word' id='word_1_291' title='bbox 1097 4269 1279 4340; x_wconf 91' lang='lat' dir='ltr'><strong>decembris,</strong></span> <span class='ocrx_word' id='word_1_292' title='bbox 1296 4275 1438 4342; x_wconf 89' lang='lat' dir='ltr'><strong>presente</strong></span> 
     </span>
     <span class='ocr_line' id='line_1_35' title="bbox 173 4351 1439 4450; baseline 0 -19"><span class='ocrx_word' id='word_1_293' title='bbox 173 4375 323 4432; x_wconf 89' lang='lat' dir='ltr'><strong>Michaele</strong></span> <span class='ocrx_word' id='word_1_294' title='bbox 347 4351 491 4447; x_wconf 74' lang='lat' dir='ltr'><strong>litterato,</strong></span> <span class='ocrx_word' id='word_1_295' title='bbox 516 4375 606 4433; x_wconf 89' lang='lat' dir='ltr'><strong>Petro</strong></span> <span class='ocrx_word' id='word_1_296' title='bbox 630 4375 749 4432; x_wconf 84' lang='lat' dir='ltr'><strong>famulo</strong></span> <span class='ocrx_word' id='word_1_297' title='bbox 773 4382 803 4432; x_wconf 91' lang='lat' dir='ltr'><strong>et</strong></span> <span class='ocrx_word' id='word_1_298' title='bbox 828 4376 951 4433; x_wconf 92' lang='lat' dir='ltr'><strong>homine</strong></span> <span class='ocrx_word' id='word_1_299' title='bbox 973 4382 1086 4446; x_wconf 87' lang='lat' dir='ltr'><strong>nostru,</strong></span> <span class='ocrx_word' id='word_1_300' title='bbox 1110 4375 1148 4432; x_wconf 92' lang='lat' dir='ltr'><strong>ad</strong></span> <span class='ocrx_word' id='word_1_301' title='bbox 1181 4375 1240 4432; x_wconf 93' lang='lat' dir='ltr'><strong>hoc</strong></span> <span class='ocrx_word' id='word_1_302' title='bbox 1262 4375 1439 4450; x_wconf 89' lang='lat' dir='ltr'><strong>specialiter</strong></span> 
     </span>
     <span class='ocr_line' id='line_1_36' title="bbox 174 4480 1438 4556; baseline 0 -18"><span class='ocrx_word' id='word_1_303' title='bbox 174 4480 334 4554; x_wconf 71' lang='lat' dir='ltr'><strong>destinato</strong></span> <span class='ocrx_word' id='word_1_304' title='bbox 358 4498 414 4556; x_wconf 89' lang='lat' dir='ltr'><strong>per</strong></span> <span class='ocrx_word' id='word_1_305' title='bbox 437 4483 576 4556; x_wconf 87' lang='lat' dir='ltr'><strong>ipsorum</strong></span> <span class='ocrx_word' id='word_1_306' title='bbox 601 4483 749 4554; x_wconf 70' lang='lat' dir='ltr'><strong>homines</strong></span> <span class='ocrx_word' id='word_1_307' title='bbox 776 4483 939 4540; x_wconf 92' lang='lat' dir='ltr'><strong>videlicet:</strong></span> <span class='ocrx_word' id='word_1_308' title='bbox 964 4481 1148 4552; x_wconf 90' lang='lat' dir='ltr'><strong>Bartucium,</strong></span> <span class='ocrx_word' id='word_1_309' title='bbox 1177 4481 1350 4552; x_wconf 91' lang='lat' dir='ltr'><strong>Nicolaum,</strong></span> <span class='ocrx_word' id='word_1_310' title='bbox 1379 4482 1438 4538; x_wconf 93' lang='lat' dir='ltr'><strong>Lu-</strong></span> 
     </span>
     <span class='ocr_line' id='line_1_37' title="bbox 174 4585 1438 4662; baseline 0.001 -18"><span class='ocrx_word' id='word_1_311' title='bbox 174 4585 254 4658; x_wconf 87' lang='lat' dir='ltr'><strong>kam,</strong></span> <span class='ocrx_word' id='word_1_312' title='bbox 279 4587 447 4659; x_wconf 85' lang='lat' dir='ltr'><strong>Andream,</strong></span> <span class='ocrx_word' id='word_1_313' title='bbox 470 4589 640 4662; x_wconf 86' lang='lat' dir='ltr'><strong>Georgium</strong></span> <span class='ocrx_word' id='word_1_314' title='bbox 663 4596 693 4646; x_wconf 88' lang='lat' dir='ltr'><strong>et</strong></span> <span class='ocrx_word' id='word_1_315' title='bbox 718 4588 875 4647; x_wconf 84' lang='lat' dir='ltr'><strong>Andream</strong></span> <span class='ocrx_word' id='word_1_316' title='bbox 899 4589 1014 4646; x_wconf 88' lang='lat' dir='ltr'><strong>iuratos</strong></span> <span class='ocrx_word' id='word_1_317' title='bbox 1035 4594 1065 4645; x_wconf 93' lang='lat' dir='ltr'><strong>et</strong></span> <span class='ocrx_word' id='word_1_318' title='bbox 1081 4587 1271 4662; x_wconf 87' lang='lat' dir='ltr'><strong>Stephanum</strong></span> <span class='ocrx_word' id='word_1_319' title='bbox 1297 4589 1438 4658; x_wconf 87' lang='lat' dir='ltr'><strong>Farcasii,</strong></span> 
     </span>
     <span class='ocr_line' id='line_1_38' title="bbox 174 4695 1439 4780; baseline 0.001 -29"><span class='ocrx_word' id='word_1_320' title='bbox 174 4696 315 4752; x_wconf 89' lang='lat' dir='ltr'><strong>concives</strong></span> <span class='ocrx_word' id='word_1_321' title='bbox 331 4695 480 4768; x_wconf 87' lang='lat' dir='ltr'><strong>ipsorum,</strong></span> <span class='ocrx_word' id='word_1_322' title='bbox 497 4695 586 4753; x_wconf 89' lang='lat' dir='ltr'><strong>dictis</strong></span> <span class='ocrx_word' id='word_1_323' title='bbox 603 4695 745 4754; x_wconf 91' lang='lat' dir='ltr'><strong>Michaeli</strong></span> <span class='ocrx_word' id='word_1_324' title='bbox 761 4701 792 4752; x_wconf 90' lang='lat' dir='ltr'><strong>et</strong></span> <span class='ocrx_word' id='word_1_325' title='bbox 806 4696 938 4780; x_wconf 76' lang='lat' dir='ltr'><strong>johanni</strong></span> <span class='ocrx_word' id='word_1_326' title='bbox 954 4696 1103 4768; x_wconf 90' lang='lat' dir='ltr'><strong>selliparo</strong></span> <span class='ocrx_word' id='word_1_327' title='bbox 1123 4695 1308 4766; x_wconf 89' lang='lat' dir='ltr'><strong>nominibus,</strong></span> <span class='ocrx_word' id='word_1_328' title='bbox 1326 4696 1439 4767; x_wconf 87' lang='lat' dir='ltr'><strong>quibus</strong></span> 
     </span>
     <span class='ocr_line' id='line_1_39' title="bbox 175 4801 1438 4875; baseline 0.003 -18"><span class='ocrx_word' id='word_1_329' title='bbox 175 4817 276 4875; x_wconf 90' lang='lat' dir='ltr'><strong>supra,</strong></span> <span class='ocrx_word' id='word_1_330' title='bbox 311 4802 403 4859; x_wconf 89' lang='lat' dir='ltr'><strong>statui</strong></span> <span class='ocrx_word' id='word_1_331' title='bbox 439 4808 468 4858; x_wconf 92' lang='lat' dir='ltr'><strong>et</strong></span> <span class='ocrx_word' id='word_1_332' title='bbox 502 4802 651 4874; x_wconf 82' lang='lat' dir='ltr'><strong>assignari</strong></span> <span class='ocrx_word' id='word_1_333' title='bbox 687 4801 833 4873; x_wconf 81' lang='lat' dir='ltr'><strong>fecerunt,</strong></span> <span class='ocrx_word' id='word_1_334' title='bbox 865 4801 947 4874; x_wconf 91' lang='lat' dir='ltr'><strong>quod</strong></span> <span class='ocrx_word' id='word_1_335' title='bbox 979 4807 1081 4858; x_wconf 89' lang='lat' dir='ltr'><strong>ratum</strong></span> <span class='ocrx_word' id='word_1_336' title='bbox 1113 4801 1260 4858; x_wconf 89' lang='lat' dir='ltr'><strong>habentes</strong></span> <span class='ocrx_word' id='word_1_337' title='bbox 1296 4808 1438 4874; x_wconf 90' lang='lat' dir='ltr'><strong>pretextu</strong></span> 
     </span>
     <span class='ocr_line' id='line_1_40' title="bbox 175 4903 1439 4980; baseline 0.003 -17"><span class='ocrx_word' id='word_1_338' title='bbox 175 4906 356 4965; x_wconf 90' lang='lat' dir='ltr'><strong>eorumdem</strong></span> <span class='ocrx_word' id='word_1_339' title='bbox 378 4903 566 4966; x_wconf 89' lang='lat' dir='ltr'><strong>statutorum</strong></span> <span class='ocrx_word' id='word_1_340' title='bbox 590 4913 619 4965; x_wconf 92' lang='lat' dir='ltr'><strong>et</strong></span> <span class='ocrx_word' id='word_1_341' title='bbox 642 4909 866 4980; x_wconf 89' lang='lat' dir='ltr'><strong>assignatorum</strong></span> <span class='ocrx_word' id='word_1_342' title='bbox 897 4909 1059 4978; x_wconf 90' lang='lat' dir='ltr'><strong>bonorum,</strong></span> <span class='ocrx_word' id='word_1_343' title='bbox 1084 4909 1167 4980; x_wconf 89' lang='lat' dir='ltr'><strong>ipsos</strong></span> <span class='ocrx_word' id='word_1_344' title='bbox 1193 4907 1335 4978; x_wconf 90' lang='lat' dir='ltr'><strong>iudicem,</strong></span> <span class='ocrx_word' id='word_1_345' title='bbox 1360 4910 1439 4968; x_wconf 90' lang='lat' dir='ltr'><strong>iura·</strong></span> 
     </span>
     <span class='ocr_line' id='line_1_41' title="bbox 175 5016 1438 5090; baseline 0 -17"><span class='ocrx_word' id='word_1_346' title='bbox 175 5021 230 5089; x_wconf 90' lang='lat' dir='ltr'><strong>tos,</strong></span> <span class='ocrx_word' id='word_1_347' title='bbox 254 5017 398 5089; x_wconf 87' lang='lat' dir='ltr'><strong>antiquos</strong></span> <span class='ocrx_word' id='word_1_348' title='bbox 422 5016 538 5074; x_wconf 91' lang='lat' dir='ltr'><strong>iudices</strong></span> <span class='ocrx_word' id='word_1_349' title='bbox 561 5021 590 5073; x_wconf 93' lang='lat' dir='ltr'><strong>et</strong></span> <span class='ocrx_word' id='word_1_350' title='bbox 614 5021 712 5076; x_wconf 88' lang='lat' dir='ltr'><strong>totam</strong></span> <span class='ocrx_word' id='word_1_351' title='bbox 735 5017 990 5086; x_wconf 90' lang='lat' dir='ltr'><strong>communitatem</strong></span> <span class='ocrx_word' id='word_1_352' title='bbox 1018 5017 1151 5074; x_wconf 87' lang='lat' dir='ltr'><strong>civitatis</strong></span> <span class='ocrx_word' id='word_1_353' title='bbox 1174 5016 1350 5090; x_wconf 89' lang='lat' dir='ltr'><strong>supradicte</strong></span> <span class='ocrx_word' id='word_1_354' title='bbox 1370 5016 1438 5074; x_wconf 90' lang='lat' dir='ltr'><strong>red-</strong></span> 
     </span>
    </p>
   </div>
   <div class='ocr_carea' id='block_1_6' title="bbox 0 0 1823 5804">
    <p class='ocr_par' dir='ltr' id='par_1_6' title="bbox 0 0 1823 5804">
     <span class='ocr_line' id='line_1_42' title="bbox 0 0 1823 5804; baseline 0 0"><span class='ocrx_word' id='word_1_355' title='bbox 0 0 1823 5804; x_wconf 95' lang='lat' dir='ltr'><strong> </strong></span> 
     </span>
    </p>
   </div>
  </div>
 </body>
</html>
