3782 5812
677 581 750 641 Doc.
773 595 825 663 49.
852 615 889 626 -
915 582 971 640 An.
995 576 1086 640 1266.
1473 599 1513 662 43

244 781 334 854 Item,
366 783 538 856 statuimus,
572 781 655 856 quod
686 783 719 841 in
753 781 863 841 eadem
895 781 1021 841 civitate
1054 780 1160 842 forum
1194 782 1369 855 sollempne
1392 780 1515 839 duobus

245 888 359 946 diebus
375 889 408 947 in
421 888 605 960 ebdomada,
630 888 775 947 videlicet
794 888 843 946 die
859 889 944 947 Lune
961 893 991 946 et
1014 888 1064 946 die
1086 889 1173 976 Jouis
1189 889 1372 959 celebretur,
1395 892 1426 945 et
1445 903 1516 961 pre-

245 999 333 1052 terea
355 993 458 1052 forum
483 993 713 1068 quottidianum
733 994 857 1052 cottidie
883 995 1042 1053 habeatur.
1058 993 1109 1053 Ad
1133 994 1390 1054 sustentacionem
1411 999 1516 1053 autem

245 1101 409 1174 hospitum
431 1101 462 1158 in
485 1100 624 1174 predicto
648 1107 749 1159 castro
770 1097 991 1172 habitancium,
1015 1099 1158 1160 dedimus
1182 1105 1297 1159 terram
1320 1101 1402 1158 circa
1428 1115 1516 1158 mon·

247 1212 313 1264 tem
336 1205 448 1278 Grech,
470 1222 564 1280 quam
595 1207 671 1266 olim
701 1223 759 1282 per
788 1205 938 1265 dilectum
968 1211 999 1264 et
1028 1206 1155 1273 fidelem
1185 1212 1327 1266 nostrum
1357 1205 1516 1280 quondam

248 1313 425 1370 Dionisium
448 1314 563 1370 banum
587 1313 686 1372 tocius
709 1311 873 1372 Sclauonie
888 1313 1006 1372 eisdem
1022 1315 1143 1372 civibus
1160 1313 1350 1372 dinoscimur
1366 1314 1516 1385 statuisse,

248 1419 310 1476 sub
332 1420 423 1478 certis
446 1419 536 1478 metis
559 1425 589 1478 et
611 1419 763 1478 distinctis
786 1425 937 1494 perpetuo
960 1418 1188 1494 possidendam.
1213 1419 1308 1480 Cuius
1330 1425 1412 1478 terre
1435 1425 1516 1478 mete

250 1525 310 1582 hoc
332 1525 440 1584 ordine
463 1525 686 1599 distinguntur:
710 1525 816 1584 Prima
830 1531 914 1584 meta
929 1531 975 1584 est
990 1526 1021 1584 in
1038 1531 1130 1601 portu
1145 1524 1245 1598 Zawe,
1262 1527 1316 1600 qui
1330 1525 1517 1598 Kyralrewy

249 1631 364 1690 dicitur
385 1633 471 1692 iuxta
494 1649 640 1707 magnam
663 1635 757 1706 viam,
790 1639 820 1692 et
850 1649 907 1708 per
936 1631 1067 1692 eandem
1091 1632 1189 1692 tendit
1211 1649 1310 1708 usque
1333 1633 1438 1692 rivum
1461 1631 1517 1690 Za-

249 1740 361 1811 vvycha
383 1739 511 1813 dictum,
536 1755 630 1814 quem
653 1741 757 1798 rivum
781 1740 890 1799 transit
918 1755 975 1814 per
1004 1745 1140 1814 pontem,
1173 1739 1284 1800 deinde
1307 1755 1364 1814 per
1387 1738 1516 1797 eandem

249 1847 335 1904 viam
360 1845 456 1904 tendit
478 1861 587 1904 versus
609 1847 789 1920 aquilonem
810 1847 960 1904 transiens
982 1861 1105 1920 aquam,
1129 1863 1190 1920 que
1212 1845 1317 1904 Miaira
1343 1845 1464 1916 dicitur,
1486 1851 1517 1903 et

250 1953 411 2028 perveniet
442 1952 481 2010 ad
512 1953 720 2011 monticulum
751 1953 837 2010 iuxta
868 1968 963 2026 quem
996 1958 1042 2011 est
1072 1958 1155 2012 meta
1185 1958 1293 2024 terrea,
1321 1968 1381 2026 que
1404 1951 1517 2010 dividit

250 2072 368 2118 terram
391 2060 585 2134 populorum
608 2060 690 2132 regis
712 2075 731 2116 a
753 2064 841 2134 parte
871 2059 1022 2130 orientali,
1053 2058 1164 2118 deinde
1191 2059 1341 2118 transiens
1363 2058 1516 2116 minorem

251 2165 390 2223 Mlalram
413 2167 573 2241 perveniet
595 2164 634 2223 ad
658 2181 805 2238 magnam
833 2166 926 2236 viam,
957 2181 1018 2239 que
1041 2166 1126 2238 wigo
1149 2165 1287 2224 Ettewen
1316 2165 1437 2236 dicitur,
1460 2179 1517 2238 per

251 2287 347 2344 quam
377 2273 503 2330 veniens
530 2273 671 2346 pervenit
694 2271 734 2330 ad
757 2273 862 2330 rivum
884 2271 1066 2344 Cyrkenich,
1091 2272 1135 2329 ibi
1159 2277 1205 2329 est
1228 2287 1315 2346 pons,
1331 2272 1405 2329 hinc
1427 2287 1517 2346 supe-

249 2379 316 2436 rius
340 2395 397 2452 per
420 2378 553 2436 eundem
577 2379 716 2436 rivulum
739 2379 826 2436 iuxta
850 2382 987 2436 montem
1019 2377 1121 2438 Grech
1154 2378 1240 2436 vadit
1270 2376 1387 2436 directe
1409 2393 1518 2435 versus

248 2485 431 2558 aquilonem
462 2486 612 2557 metatim,
644 2485 770 2544 tendens
802 2484 842 2542 ad
865 2484 992 2556 iontem,
1016 2485 1070 2560 qui
1093 2483 1206 2543 dicitur
1232 2483 1405 2554 Kubuiirut,
1432 2484 1519 2542 iuxta

249 2607 345 2668 quem
368 2597 414 2650 est
437 2601 520 2650 meta
542 2597 650 2663 terrea,
673 2607 692 2648 a
715 2607 776 2666 quo
799 2591 941 2666 superius
971 2607 1029 2666 per
1050 2591 1190 2650 rivulum
1215 2589 1388 2664 Cyrkenich
1411 2605 1518 2648 versus

250 2699 431 2772 aquilonem
461 2698 605 2773 pervenit
635 2697 674 2756 ad
704 2697 854 2770 rivulum,
885 2699 939 2772 qui
968 2701 1098 2755 vocatur
1126 2695 1305 2772 Zapotnika,
1336 2697 1407 2754 hinc
1437 2703 1519 2754 tran-

249 2806 332 2862 siens
355 2805 563 2863 monticulum
585 2803 668 2862 cadit
689 2805 722 2863 in
745 2803 903 2878 quandam
933 2805 1059 2874 vallem,
1088 2819 1145 2878 per
1175 2819 1271 2878 quam
1293 2804 1403 2862 transit
1424 2803 1455 2860 in
1478 2803 1519 2861 ri·

251 2911 371 2983 vuium,
396 2911 451 2986 qui
473 2911 586 2970 dicitur
607 2909 745 2984 Lomziry
760 2911 866 2986 potolr,
890 2908 1001 2968 deinde
1025 2908 1163 2968 ascendit
1185 2909 1226 2968 ad
1252 2913 1368 2968 metam
1392 2909 1520 2983 capituli

251 3018 470 3091 zagrabiensis,
493 3023 524 3076 et
546 3017 591 3076 ibi
621 3022 692 3076 suut
722 3022 804 3076 mete
835 3023 907 3090 tres,
937 3034 999 3076 una
1032 3015 1520 3092 capituiizagrabiensis,a1tera

250 3125 413 3198 hospitum
448 3123 486 3182 de
516 3123 628 3198 Grech,
660 3124 754 3182 tercia
784 3123 924 3183 filiorum
946 3123 1085 3194 Dobcha,
1109 3123 1147 3182 de
1169 3138 1281 3197 genere
1309 3123 1386 3196 Aga,
1409 3121 1520 3180 deinde

251 3231 394 3306 procedit
426 3247 483 3306 per
515 3247 662 3290 cacumen
692 3230 832 3290 eiusdem
863 3231 976 3290 montis
999 3231 1156 3290 vocabulo
1187 3229 1389 3288 Meduenicha
1411 3244 1520 3286 versus

252 3338 444 3397 occidentem
474 3344 504 3396 et
534 3338 677 3412 pervenit
707 3338 746 3396 ad
778 3343 894 3396 metam
924 3337 1063 3396 filiorum
1093 3336 1214 3410 Micola,
1238 3351 1298 3410 que
1328 3335 1521 3408 Plesywicha

252 3445 374 3516 dicitur,
398 3446 486 3504 iuxta
508 3462 603 3520 quam
626 3451 672 3504 est
693 3451 776 3504 meta
791 3451 900 3517 terrea,
916 3443 1027 3502 deinde
1043 3459 1061 3501 a
1077 3443 1236 3502 cacumine
1252 3441 1391 3500 eiusdem
1407 3441 1521 3499 montis

252 3551 411 3610 descendit
435 3567 543 3610 versus
566 3559 688 3627 partem
712 3551 949 3610 meridionalem
965 3551 1105 3608 metatim
1122 3549 1161 3606 ad
1177 3549 1323 3607 arborem
1339 3555 1521 3619 castaneam,

252 3675 347 3732 super
369 3675 432 3732 qua
454 3666 501 3716 est
522 3675 608 3730 crux,
632 3665 662 3716 et
685 3659 772 3716 iuxta
803 3674 872 3716 eam
903 3663 949 3716 est
977 3662 1060 3714 meta
1089 3661 1197 3726 terrea,
1230 3654 1341 3712 deinde
1365 3652 1523 3712 descendit

251 3765 292 3824 ad
315 3771 409 3839 caput
432 3764 534 3838 fontis,
558 3765 612 3839 qui
635 3763 800 3824 Chicheria
816 3763 937 3834 dicitur,
954 3763 1008 3836 qui
1023 3761 1092 3820 ions
1107 3761 1219 3822 dividit
1235 3767 1350 3819 terram
1365 3759 1467 3818 Endre
1483 3759 1522 3818 de

253 3878 337 3930 terra
359 3871 509 3947 predicta,
533 3877 563 3930 et
586 3872 629 3930 sic
652 3869 865 3929 descendendo
890 3886 947 3944 per
970 3869 1112 3940 eundem,
1136 3868 1261 3926 divertit
1293 3865 1522 3941 aliquantulum

257 3993 368 4036 versus
389 3977 581 4036 occidentem
603 3976 642 4036 ad
666 3985 805 4036 montem
827 3983 858 4034 et
880 3976 924 4034 ibi
947 3985 993 4033 est
1008 3975 1102 4033 arbor
1119 3979 1259 4032 castanea
1282 3989 1372 4032 cruce
1395 3972 1523 4045 signata,

254 4086 340 4143 iuxta
356 4101 451 4160 quam
468 4091 514 4143 est
528 4091 611 4143 meta
627 4089 735 4156 terrea,
745 4083 855 4143 deinde
871 4082 910 4141 ad
928 4097 1075 4140 cacumen
1091 4082 1205 4140 montis
1221 4079 1359 4140 eiusdem
1382 4077 1524 4154 procedit

254 4207 363 4249 versus
386 4191 549 4250 meridiem
581 4191 749 4250 dividendo
779 4196 894 4248 terram
926 4189 1055 4247 ecclesie
1085 4187 1301 4262 zagrabiensis,
1333 4184 1444 4244 deinde
1466 4200 1524 4258 per

254 4315 367 4372 gyrum
391 4299 431 4357 ad
453 4299 645 4357 occidentem
668 4298 897 4372 aliquantulum
921 4297 1085 4354 divertitur
1115 4301 1146 4354 et
1175 4295 1220 4353 ibi
1243 4294 1352 4352 transit
1374 4291 1523 4364 rivulum,

257 4407 311 4479 qui
334 4411 465 4463 vocatur
487 4405 623 4463 Neznich
647 4405 771 4480 potolra,
793 4414 823 4462 et
845 4405 917 4463 inde
933 4403 1126 4462 ascendendo
1142 4403 1283 4477 superius
1307 4399 1346 4458 de
1368 4405 1449 4456 terra
1464 4397 1523 4455 En·

258 4512 315 4570 dre
337 4528 395 4586 per
419 4513 536 4570 vallem
560 4511 599 4570 ad
629 4513 778 4570 verticem
808 4512 899 4570 unius
929 4511 1052 4583 montis,
1083 4511 1128 4568 ibi
1150 4515 1196 4567 est
1217 4513 1314 4576 meta;
1343 4507 1414 4564 hinc
1437 4519 1524 4577 sepa·

256 4617 355 4676 rando
388 4634 446 4692 per
475 4623 596 4677 veteres
619 4625 716 4677 metas
739 4623 855 4676 terram
884 4615 1021 4689 Gremle,
1045 4615 1202 4674 descendit
1226 4613 1264 4672 ad
1288 4614 1441 4682 arborem,
1465 4626 1526 4683 que

257 4731 389 4784 vocatur
412 4727 489 4797 ihor,
521 4733 551 4784 et
565 4727 567 4733 ’
580 4725 625 4783 ibi
656 4729 702 4783 est
731 4731 821 4796 meta,
845 4729 875 4782 et
899 4723 981 4782 cadit
1011 4723 1041 4781 in
1073 4722 1167 4793 viam,
1198 4735 1258 4793 que
1289 4719 1352 4776 exit
1382 4717 1420 4775 de
1447 4717 1525 4774 villa

256 4830 395 4904 Gremle,
419 4832 532 4890 deinde
554 4849 613 4907 per
635 4831 764 4890 eandem
787 4846 896 4890 versus
918 4829 1082 4888 me1idiem
1099 4827 1238 4902 procedit
1258 4826 1298 4884 ad
1314 4839 1461 4898 campum
1485 4821 1525 4879 ad

257 4943 374 4996 metam
398 4945 540 5010 terream,
564 4937 676 4997 deinde
699 4931 927 5012 aliquantulum
950 4934 1078 4994 divertit
1108 4933 1148 4992 ad
1179 4933 1335 4992 sinistram
1362 4946 1418 5004 per
1440 4929 1525 4988 viam

256 5051 294 5102 et
319 5045 516 5120 pervenitad
535 5044 674 5120 paludes,
693 5061 753 5118 que
768 5043 873 5103 Mlaka
895 5043 1048 5116 dicuntur,
1064 5043 1108 5100 ibi
1123 5047 1168 5100 esi
1190 5044 1273 5099 meta
1294 5039 1380 5097 iuxta
1398 5035 1528 5095 eandem
