3824 5806
831 551 906 610 Dec.
928 565 1001 631 4⁰²·
1027 585 1064 596 -
1086 553 1143 611 An.
1166 561 1254 630 1397.

1000 763 1092 830 402

517 905 594 955 Anno
616 911 689 969 1397,
712 913 750 954 11.
770 903 911 956 februarii.
929 903 1085 971 Zagrabiae.

419 1031 542 1092 Carolus
563 1033 695 1090 Petrucie'
708 1034 843 1108 publicus
865 1033 1037 1108 apostolicus
1058 1039 1087 1090 et
1107 1033 1264 1106 impertales
1286 1033 1418 1089 notarius
1440 1031 1483 1087 ad
1494 1039 1595 1106 preces
1611 1050 1683 1088 nou·

411 1139 556 1196 nullorum
578 1140 792 1214 capitularium,
818 1140 943 1214 publicis
973 1139 1076 1196 litter-ts
1105 1145 1234 1209 testatur,
1257 1139 1331 1195 civo
1366 1137 1541 1195 Grechenres
1563 1139 1594 1194 in
1617 1138 1682 1195 eccl.

768 1245 931 1304 cathedrali
948 1245 1203 1303 excommunecetur
1214 1243 1321 1320 fixisse.

500 1388 534 1446 lu
564 1389 688 1447 nomine
719 1388 844 1447 domini.
875 1391 983 1448 Amen.
1008 1389 1097 1447 Anno
1121 1403 1139 1445 a
1162 1388 1323 1446 nativitate
1346 1387 1484 1445 eiusdem
1507 1386 1679 1445 millesimo

411 1494 625 1552 trecentesimo
637 1479 837 1567 nonagesimo
849 1495 991 1568 septimo,
1004 1493 1174 1553 indiccione
1189 1494 1305 1567 quinta,
1324 1493 1373 1551 die
1389 1493 1553 1550 undecima
1566 1493 1681 1550 mensis

412 1598 579 1670 februarii;
609 1599 807 1674 pontificatus
837 1600 1022 1658 sanctissimi
1045 1601 1076 1658 in
1100 1599 1224 1658 Christo
1255 1601 1352 1673 patris
1375 1605 1405 1656 et
1432 1599 1550 1656 domini
1572 1600 1680 1668 nostri,

411 1704 529 1764 domini
551 1705 709 1779 Bonilacii,
740 1705 846 1765 divina
869 1705 1071 1781 providencia
1094 1721 1174 1780 pape
1197 1705 1278 1774 noni,
1314 1719 1394 1762 anno
1417 1711 1535 1774 octav0,
1560 1705 1589 1761 in
1618 1705 1680 1761 mei

410 1813 523 1869 nomrii
545 1812 665 1886 publici
688 1813 874 1886 testiumque
890 1811 1160 1886 infrascriptorum
1176 1811 1216 1869 ad
1231 1813 1288 1868 hec
1303 1811 1479 1884 specialiter
1494 1817 1678 1867 vocatorum

410 1924 440 1975 et
462 1923 643 1990 rogatorum
668 1919 826 1992 presencia
848 1918 1054 1992 personaliter
1069 1918 1249 1988 constitutis,
1267 1917 1454 1975 venerabilis
1471 1917 1520 1974 vir
1535 1916 1680 1973 dominus

409 2023 564 2107 Johannes
589 2023 628 2081 de
650 2023 746 2094 Senis,
771 2023 966 2082 decretorum
991 2023 1108 2094 doctor,
1132 2023 1356 2096 reverendique
1379 2023 1410 2080 in
1433 2023 1557 2080 Christo
1582 2023 1680 2095 patris

410 2129 528 2188 domini
557 2129 716 2213 Johannis,
740 2130 790 2188 dei
820 2135 850 2188 et
877 2131 1047 2204 apostolice
1070 2129 1151 2188 sedis
1173 2131 1276 2202 gracia
1300 2130 1439 2203 episcopi
1461 2129 1678 2201 zagrabiensis,

409 2236 605 2295 decretorum
628 2235 772 2308 doctoris,
799 2237 954 2294 secretarii
978 2236 1217 2309 cancellariique
1239 2236 1323 2308 regie
1347 2235 1523 2304 maiestatis,
1541 2236 1572 2292 in
1589 2234 1680 2308 spiri·

410 2342 546 2400 tualibus
570 2343 704 2400 vicarius
727 2343 889 2414 generalis,
913 2342 1030 2399 habens
1054 2348 1084 2400 et
1108 2349 1213 2400 tenens
1238 2343 1267 2400 in
1285 2343 1347 2399 suis
1364 2342 1507 2398 manibus
1526 2340 1677 2414 quasdam

408 2448 527 2506 litteras
550 2448 689 2506 eiusdem
712 2446 873 2506 reverendi
897 2449 995 2522 patris
1020 2447 1138 2505 domini
1162 2447 1301 2522 episcopi
1324 2448 1531 2520 zagrabiensis
1555 2448 1585 2504 in
1602 2463 1676 2519 qua·

409 2553 483 2611 dam
505 2555 634 2628 papirea
663 2553 773 2611 cedula
801 2554 940 2628 scriptas,
964 2555 1069 2627 sigillo
1093 2555 1189 2627 ipsius
1212 2553 1331 2610 domini
1354 2554 1492 2627 episcopi
1516 2553 1677 2624 sigillatas,

408 2675 542 2733 quarum
574 2661 750 2718 litterarum
782 2665 870 2717 tenor
900 2659 939 2717 de
973 2661 1071 2718 verbo
1099 2659 1294 2718 adverbum
1319 2659 1446 2717 inferius
1469 2667 1515 2717 est
1536 2661 1676 2726 insertus

408 2765 439 2824 in
471 2783 504 2823 se
534 2768 724 2824 continentes
755 2766 913 2840 quandam
944 2767 1131 2824 sentenciam
1163 2765 1399 2823 declaratoriam
1428 2767 1677 2823 excommunica·

408 2873 504 2930 cionis
536 2878 567 2930 et
599 2873 756 2947 quandam
790 2873 977 2930 sentenciam
1009 2871 1162 2930 interdicti
1194 2877 1224 2928 et
1255 2871 1508 2929 denunciaciones
1539 2873 1678 2944 ipsarum

407 2979 632 3037 sentenciarum
655 2985 762 3037 contra
784 2985 815 3036 et
839 2978 988 3036 adversus
1017 2977 1170 3052 quosdam
1197 2978 1280 3035 cives
1304 2986 1334 3035 et
1357 2978 1598 3046 universitatem,
1624 2994 1679 3051 po·

408 3085 519 3158 pulum
543 3100 578 3142 ac
601 3099 765 3142 commune
788 3085 902 3142 montis
924 3081 1090 3143 Grecensis
1112 3083 1284 3141 declaratas
1307 3091 1337 3141 et
1360 3090 1466 3141 contra
1489 3085 1593 3157 ipsum
1613 3086 1679 3158 opi-

407 3191 483 3248 dum
517 3192 631 3248 montis
667 3189 852 3248 Grechensis
883 3191 913 3248 in
945 3192 1115 3264 prenotatis
1145 3190 1256 3248 litteris
1286 3190 1404 3248 domini
1435 3191 1573 3263 episcopi
1608 3206 1680 3248 con·

407 3303 513 3369 tentas,
549 3303 579 3354 et
612 3303 706 3370 prout
741 3297 772 3354 in
806 3295 923 3353 eisdem
953 3297 1135 3368 continetur,
1160 3297 1235 3354 -alta
1257 3303 1288 3354 et
1311 3296 1501 3369 intelligibili
1536 3311 1613 3353 voce
1640 3297 1679 3354 de

407 3405 506 3461 verbo
542 3403 582 3460 ad
616 3404 750 3462 verbum
781 3403 864 3476 ipsas
894 3402 1014 3460 litteras
1048 3403 1122 3476 legit
1158 3409 1187 3460 et
1210 3404 1293 3476 ipsos
1328 3404 1411 3461 cives
1439 3402 1596 3477 predictos
1627 3401 1680 3460 de-

406 3511 564 3567 nunciavit
586 3509 871 3566 excommunicatos
899 3507 965 3566 fore
989 3515 1018 3565 et
1042 3509 1186 3566 similiter
1208 3509 1406 3566 denunciavit
1430 3510 1530 3582 ipsam
1554 3509 1677 3566 univer·

406 3617 537 3686 sitatem,
571 3616 726 3691 populum
755 3617 785 3671 et
807 3629 971 3672 commune
1006 3615 1120 3672 montis
1155 3613 1316 3672 Grecensis
1348 3621 1378 3672 et
1409 3616 1512 3688 ipsum
1547 3613 1678 3688 opidum

406 3723 521 3780 montis
556 3721 719 3780 Grecensis
755 3720 821 3778 sore
855 3722 1033 3794 suppositos
1075 3721 1245 3791 interdicto,
1281 3722 1440 3795 campanis
1473 3721 1679 3794 pulsantibus,

406 3829 602 3901 accensisque
627 3827 765 3884 candelis
789 3833 820 3884 et
842 3827 969 3884 demum
993 3827 1134 3884 extinctis
1157 3827 1255 3884 acad
1278 3833 1393 3885 terram
1410 3827 1556 3900 proiectis
1572 3843 1679 3884 coram

405 3933 492 3991 fideli
515 3933 635 4008 populo
659 3933 689 3990 in
713 3933 841 3990 ecclesia
865 3932 1036 3990 cathedrali
1059 3934 1259 4005 zagrabiensi
1283 3933 1359 3991 dum
1376 3932 1494 3991 ibidem
1509 3933 1677 3990 missarum

405 4039 570 4097 sollemnia
595 4038 841 4096 celebrabantur.
858 4037 959 4112 Super
975 4039 1090 4112 quibus
1112 4041 1257 4097 omnibus
1280 4045 1311 4097 et
1333 4041 1463 4112 singulis
1490 4039 1677 4113 supradictis

405 4145 602 4202 honorabiles
636 4145 705 4214 viri,
740 4143 858 4201 domini
890 4145 1045 4228 Johannes
1069 4143 1206 4218 Crispus,
1230 4145 1463 4202 archidiaconus
1487 4143 1526 4201 de
1549 4145 1675 4202 Kemel-

404 4251 477 4322 lwlr,
502 4252 532 4308 in
555 4251 683 4308 ecclesia
713 4251 904 4323 zagrabiensi
936 4251 1076 4324 predicta
1106 4257 1136 4308 et
1167 4251 1325 4309 Dionisius
1356 4252 1470 4309 Mathei
1494 4249 1533 4308 de
1557 4250 1678 4334 Cryon,

405 4357 543 4414 canonici
554 4357 585 4413 in
598 4355 706 4413 eadem
719 4357 848 4413 ecclesia
862 4357 1022 4430 pecierunt
1034 4373 1091 4431 per
1102 4373 1153 4414 me
1161 4359 1316 4414 notarium
1326 4357 1488 4432 publicum
1501 4355 1678 4431 infrascrip-

405 4471 480 4532 tum,
494 4463 578 4536 ipsis,
595 4463 773 4520 nominibus
789 4463 929 4536 ipsorum
941 4464 1078 4536 propriis
1094 4479 1130 4521 ac
1146 4479 1204 4536 pro
1220 4463 1359 4537 capitulo
1374 4463 1564 4535 zagrabiensi
1581 4463 1673 4521 infra-

403 4570 520 4642 scripto
540 4567 649 4625 confici
666 4583 763 4625 unum
787 4568 838 4625 vel
855 4568 956 4642 plura,
973 4569 1135 4642 publicum
1152 4585 1206 4626 seu
1218 4569 1346 4643 publica
1367 4570 1607 4626 instrumentum
1623 4585 1676 4626 seu

403 4676 614 4732 instrumenta.
636 4675 714 4731 Acta
735 4673 860 4732 fuerunt
879 4675 936 4732 hec
956 4673 1105 4747 Zagrabie
1125 4675 1156 4732 in
1177 4674 1315 4748 predicta
1335 4673 1678 4748 ecclesiazagrabiensi,

405 4787 475 4839 ante
487 4781 586 4838 maius
599 4780 706 4852 altare,
720 4781 778 4838 sub
792 4795 882 4852 anno,
893 4780 1071 4850 indiccione,
1085 4779 1144 4844 die,
1157 4797 1269 4852 mense,
1283 4781 1463 4856 pontificatu
1477 4787 1507 4838 et
1515 4782 1600 4852 hora,
1611 4783 1678 4855 qui-

404 4888 463 4944 bus
484 4901 586 4960 supra
609 4886 807 4944 Presentibus
824 4885 941 4944 ibidem
954 4886 1220 4944 reverendissimis
1231 4887 1261 4944 in
1277 4887 1401 4946 Christo
1413 4887 1564 4962 patribus,
1578 4887 1679 4954 domi,

403 4994 466 5051 nis:
488 4993 627 5076 Johanne
646 4993 842 5065 strigoniensi
867 5000 897 5050 et
921 4992 1045 5050 Andrea
1067 4994 1242 5066 spalatensi,
1264 4995 1517 5069 archiepiscopis;
1536 4996 1678 5079 Johanne
