3728 5806
349 563 407 638 298
657 560 729 617 Doc.
747 574 821 637 stu.
840 573 912 636 315.
941 595 975 602 —
1001 563 1057 618 An.
1084 560 1303 640 1385-1384.

345 774 384 815 ex
412 759 494 815 iussu
519 764 549 814 et
575 759 792 816 commissione
825 759 954 832 capituli
986 759 1146 831 prenotati.
1181 760 1248 817 Lite
1282 765 1384 817 tamen
1418 761 1497 817 inter
1529 761 1613 833 ipsos

349 864 509 940 pendente.

437 1000 477 1048 Ex
498 1005 557 1049 actu
576 1001 773 1050 transactionali
794 1001 859 1050 inter
881 985 1027 1065 capitulum
1045 1002 1149 1066 zagrab.
1169 1008 1195 1050 et
1214 1001 1284 1051 cives
1303 1001 1473 1051 Grechenses.
1493 1002 1523 1051 ln
1541 1001 1612 1051 arch,

347 1103 403 1138 ven.
424 1088 502 1153 capit.
524 1089 631 1153 angrab.
652 1088 713 1138 fasc.
737 1099 774 1138 10.
794 1105 832 1138 nr.
855 1099 893 1150 14.

937 1304 1021 1369 314.

453 1409 529 1456 Anno
552 1408 625 1464 1383,
646 1415 667 1461 7.
688 1408 757 1457 maii.
778 1407 866 1458 frisii.

350 1539 450 1594 Bosov
480 1555 568 1594 comes
590 1537 732 1593 crisienst's
753 1555 815 1593 cum
838 1537 976 1594 iudicibus
998 1538 1133 1593 nobz'lium
1156 1537 1276 1594 eiusdem
1304 1539 1453 1594 comitatus
1474 1539 1615 1611 facinora

348 1644 492 1700 leontinum
522 1649 550 1699 et
570 1643 770 1716 familiarium
804 1644 925 1717 capituli
953 1644 983 1698 in
1013 1644 1183 1718 Jbbagioncs
1214 1643 1387 1701 Greclrenses
1416 1644 1512 1718 facta,
1547 1662 1615 1700 vera

868 1768 933 1818 esse,
954 1750 1092 1824 referunt.

437 1893 500 1951 Nos
532 1893 628 1950 Basou
661 1908 765 1950 comes
788 1895 951 1964 crisyensis
974 1911 1009 1951 ac
1033 1893 1148 1951 iudices
1174 1894 1328 1951 nobilium
1353 1895 1390 1950 de
1413 1894 1530 1952 eodem.
1553 1897 1614 1952 Me·

351 2002 447 2058 morie
470 1999 734 2068 commendamus
752 1999 833 2072 quod
852 2017 922 2057 cum
946 2016 1001 2057 nos
1024 2000 1061 2057 ad
1088 2002 1250 2057 instantem
1267 2001 1452 2073 peticionem
1471 2001 1612 2072 Myklini‚

348 2106 406 2163 filii
438 2107 595 2188 Johannis‚
631 2105 739 2162 iudicis
777 2107 910 2164 civitatis
939 2107 1051 2164 montis
1078 2105 1271 2176 Grechensis,
1295 2107 1479 2177 magistrum
1505 2105 1613 2176 Adam,

349 2213 527 2281 litteratum,
561 2227 656 2268 unum
680 2228 717 2268 ex
741 2213 830 2270 nobis
854 2213 970 2270 scilicet
993 2212 1148 2269 iudicibus
1171 2205 1322 2268 nobilium
1358 2227 1394 2267 ac
1414 2209 1612 2285 Stephanum,

349 2317 451 2376 filium
469 2318 558 2389 Petri,
575 2319 716 2376 homines
731 2327 861 2390 nostros,
885 2319 922 2375 ad
945 2317 1174 2391 infrascriptam
1192 2318 1425 2390 inquisicionem
1442 2317 1613 2375 faciendam

351 2423 605 2493 destinassemus;
628 2422 754 2480 demum
779 2424 871 2482 iidem
896 2424 1006 2482 exinde
1029 2423 1068 2480 ad
1092 2439 1148 2480 nos
1171 2423 1297 2494 reversi,
1318 2424 1407 2480 nobis
1423 2423 1615 2481 concorditer

350 2529 533 2598 retulerunt,
566 2529 649 2601 quod
681 2530 740 2602 ipsi
764 2531 804 2586 ab
837 2531 982 2587 omnibus
1005 2530 1119 2602 quibus
1143 2529 1295 2586 decuisset
1318 2536 1348 2587 et
1371 2530 1516 2598 licuisset,
1539 2531 1616 2588 banc

352 2634 390 2692 de
413 2635 618 2708 infrascriptis
642 2636 802 2692 scivissent
824 2637 997 2704 veritatem,
1029 2634 1112 2709 quod
1136 2635 1277 2693 homines
1299 2651 1352 2692 seu
1377 2635 1547 2692 familiares
1568 2652 1616 2692 ca·

349 2741 442 2815 pituli
477 2741 604 2798 ecclesie
634 2742 849 2813 zagrabiensis‚
880 2741 955 2798 feria
987 2743 1092 2814 quinta
1125 2741 1268 2814 proxima
1297 2746 1366 2798 ante
1400 2741 1512 2798 festum
1536 2743 1617 2799 beati

353 2847 512 2904 Ambrosii
536 2846 729 2916 confessoris,
754 2863 834 2904 nunc
856 2849 1012 2920 preterita,
1035 2847 1177 2918 Dragech
1199 2851 1228 2903 et
1244 2845 1423 2918 Georgium,
1440 2847 1618 2919 iobagiones

353 2953 434 3012 dicte
458 2954 599 3024 civitatis,
631 2954 661 3010 in
693 2953 847 3010 Craleuch
879 2953 1054 3024 residentes,
1081 2954 1111 3010 in
1135 2953 1235 3010 libera
1255 2954 1307 3010 via
1329 2953 1368 3010 de
1391 2953 1473 3010 dicta
1496 2955 1618 3011 civitate

355 3075 462 3116 versus
485 3058 613 3116 domum
638 3074 745 3116 eorum
769 3059 999 3132 proficiscentes
1022 3060 1212 3132 reperiendo,
1229 3076 1267 3116 err
1283 3061 1376 3130 iussu,
1392 3061 1471 3117 scitu
1487 3067 1517 3117 et
1533 3075 1618 3117 man·

355 3166 427 3222 dato
459 3165 571 3238 prefati
606 3165 735 3238 capituli
766 3165 843 3222 diris
872 3165 1026 3222 wlnerum
1057 3166 1159 3239 plagis
1190 3166 1371 3235 affecissent,
1401 3182 1437 3222 ac
1469 3167 1562 3222 rebus
1588 3172 1619 3223 et

355 3273 445 3329 bonis
469 3277 540 3330 tunc
563 3271 642 3328 circa
667 3287 719 3328 eos
742 3272 952 3340 existentibus,
977 3271 1168 3344 spoliassent.
1192 3270 1330 3328 Tandem
1353 3273 1492 3344 sequenti
1513 3271 1561 3328 die
1587 3273 1620 3328 in

356 3378 562 3451 obprobrium
587 3383 616 3434 et
640 3377 845 3450 preiudicium
869 3376 949 3434 dicte
973 3378 1106 3435 civitatis
1129 3377 1222 3450 culpa
1245 3393 1353 3434 eorum
1376 3378 1464 3434 nulla
1479 3380 1620 3450 exigente

356 3483 601 3557 suspendissent;
633 3483 687 3540 lite
718 3487 820 3539 tamen
852 3484 931 3540 inter
962 3483 1079 3540 dictum
1110 3481 1242 3540 iudicem
1270 3489 1299 3540 et
1322 3484 1425 3556 ipsum
1447 3485 1620 3558 capitulum

357 3588 515 3663 pendente.
539 3588 655 3646 Datum
679 3587 779 3658 Crisii,
803 3588 880 3646 feria
900 3589 1006 3661 quinta
1021 3588 1165 3661 proxima
1181 3595 1250 3645 ante
1266 3587 1380 3645 festum
1396 3589 1619 3647 Penthecostes.

358 3698 447 3752 Anno
471 3693 589 3750 domini
612 3693 836 3750 MCCCLXXX
860 3696 961 3752 tercio

445 3829 585 3894 Originale
603 3829 629 3877 in
648 3829 747 3887 charta,
767 3845 781 3878 a
801 3836 876 3894 tergo
896 3836 956 3879 sunt
975 3829 1086 3894 vestigia
1112 3829 1193 3878 trium
1218 3829 1376 3894 sigillorum.
1399 3830 1430 3880 ln
1448 3832 1520 3880 arch.
1539 3833 1620 3880 Acad.

357 3919 452 3969 Scient.
473 3919 541 3967 Slav.
563 3917 654 3968 merid.
671 3919 769 3967 Exstat
788 3918 869 3967 eciam
889 3917 915 3967 in
935 3924 1160 3983 supramemorato
1180 3925 1241 3969 actu
1260 3919 1465 3968 transactionali.

950 4151 1030 4216 315.

463 4311 539 4358 Anno
561 4311 634 4370 1384,
654 4319 677 4368 3.
695 4309 817 4372 januarii.
838 4309 868 4358 In
888 4309 952 4359 villa
972 4309 1086 4361 Susicha.

359 4436 508 4493 Elisabeth
523 4438 625 4509 regina
647 4438 824 4510 Hungariae
845 4438 1096 4496 reaaenbulationem
1118 4448 1258 4496 melanem
1273 4443 1483 4513 possessionum
1503 4443 1626 4514 capituli

561 4544 621 4599 eccl.
646 4544 761 4616 augrub.
785 4551 812 4601 ct
833 4546 1041 4602 conmrum'tate's
1070 4545 1248 4615 Credimus,
1265 4554 1416 4620 prorogat.

447 4686 606 4742 Elizabeth
631 4686 680 4743 dei
703 4687 806 4758 gracia
823 4689 928 4759 regina
944 4688 1110 4760 Hungarie,
1128 4689 1262 4760 Polonie,
1279 4689 1439 4746 Dalmacie
1463 4695 1518 4745 etc.
1535 4687 1624 4744 Fide-

360 4793 443 4848 libus
463 4792 525 4848 suis
549 4791 686 4864 capitulo
710 4792 837 4850 ecclesie
860 4795 1074 4864 zagrabiensis,
1099 4796 1171 4851 item
1201 4794 1294 4852 iudici
1318 4799 1348 4850 et
1372 4793 1478 4851 iuratis
1502 4793 1624 4850 civibus

360 4897 397 4954 de
421 4907 525 4954 monte
549 4897 659 4968 Grech‚
683 4899 815 4955 salutern
840 4904 868 4955 et
892 4901 1036 4971 graciam.
1068 4901 1153 4956 Licet
1184 4915 1240 4957 nos
1271 4900 1435 4971 magistros
1458 4899 1624 4955 Nicolaum

360 5003 486 5074 Zamb0,
512 5004 740 5060 tavamicorum
763 5005 916 5076 regalium
948 5007 1131 5078 magistrum
1162 5009 1192 5062 et
1221 5005 1401 5088 Johannem,
1434 5004 1539 5062 filium
1562 5005 1624 5062 Do·
