3728 5806
622 549 695 606 Doc.
712 563 786 625 341.
814 581 851 590 -
878 547 933 604 An.
957 559 1047 624 ¹390·
1409 563 1469 622 31¹7

206 747 344 820 positum
367 747 468 804 extitit
492 747 652 816 maiestati,
676 745 834 820 quomodo
855 760 912 802 vos
935 745 1123 803 sedecimam
1145 751 1266 818 partem
1283 746 1427 802 vinorum
1443 749 1472 802 et

207 851 333 926 frugum
356 859 427 926 post
450 854 664 926 recepcionem
690 851 882 910 decimarum
914 857 1087 908 vestrarum
1112 849 1150 908 de
1172 851 1253 907 vinis
1276 855 1306 908 et
1329 849 1473 922 frugibus

206 959 238 1016 in
261 959 423 1016 territoriis
446 958 629 1016 eorumdem
654 959 769 1016 civium
799 957 1053 1032 provenientibus
1084 972 1143 1031 pro
1169 958 1260 1014 vobis
1283 957 1421 1029 recipere
1444 959 1473 1014 et

207 1065 289 1137 exigi
314 1063 414 1122 facere
441 1066 616 1123 niteremini
646 1065 748 1122 minus
772 1065 859 1134 iuste,
891 1079 986 1137 quam
1016 1063 1093 1121 alias
1125 1061 1220 1121 iidem
1250 1064 1332 1120 cives
1359 1079 1418 1136 pro
1440 1078 1472 1118 se

207 1171 386 1243 exegissent.
411 1171 552 1245 Cumque
576 1171 614 1229 de
637 1170 816 1230 huiusmodi
839 1172 904 1228 iure
926 1186 983 1244 per
1014 1174 1155 1228 nostrum
1181 1169 1309 1228 fidelem
1331 1169 1474 1240 magnifi-

207 1292 278 1334 cum
310 1277 413 1335 virum
444 1277 607 1335 dominum
638 1277 866 1335 Theodericum
898 1275 1013 1348 Bubelr,
1041 1276 1129 1348 regni
1164 1275 1326 1334 Sclauonie
1358 1276 1474 1332 banum

207 1382 462 1441 certitudinaliter
492 1384 626 1441 velimus
656 1384 787 1453 edoceri,
819 1383 983 1456 eidemque
1014 1381 1261 1439 commiserimus
1303 1387 1336 1439 ut
1366 1380 1404 1438 de
1428 1396 1473 1452 eo,

207 1495 314 1547 utrum
337 1505 393 1547 vos
416 1489 531 1547 dictam
562 1488 714 1548 sedecime
745 1489 936 1546 solucionem
967 1504 1006 1546 an
1038 1487 1149 1562 prefati
1181 1488 1263 1545 cives
1287 1488 1410 1560 exigere
1433 1488 1474 1544 ab

207 1595 335 1669 antiquo
358 1601 590 1666 consueverunt,
614 1597 655 1653 ab
679 1596 824 1653 omnibus
856 1611 989 1668 quorum
1021 1595 1146 1652 interest
1178 1609 1296 1652 meram
1324 1595 1402 1651 scire
1424 1593 1474 1650 de·

208 1701 280 1758 beat
302 1703 475 1772 veritatem,
505 1717 541 1758 ac
572 1700 703 1759 eandem
731 1701 822 1759 nobis
852 1700 1051 1758 rescribendo
1083 1701 1233 1772 intimare,
1264 1701 1416 1772 vobisque
1445 1705 1475 1757 et

209 1808 338 1880 prefatis
361 1808 482 1865 civibus
504 1824 577 1866 cum
601 1808 761 1865 autenticis
794 1807 992 1865 munimentis
1023 1806 1201 1865 huiusmodi
1233 1806 1474 1864 iurisdictionem

209 1914 415 1986 probantibus
438 1929 545 1971 coram
568 1915 657 1971 nobis
681 1931 716 1971 ac
739 1915 868 1988 prelatis
891 1921 921 1970 et
944 1914 1113 1972 baronibus
1131 1910 1249 1970 'nostris
1273 1912 1472 1992 comparendi

209 2020 376 2076 terminum
399 2019 510 2077 debeat
541 2021 703 2093 assignare.
734 2019 890 2077 Fidelitati
921 2021 1015 2092 igitur
1050 2025 1151 2076 vestre
1183 2019 1283 2076 firmis
1312 1995 1421 2076 damus
1446 2019 1476 2076 in

210 2125 370 2198 mandatis,
395 2132 546 2199 quatenus
570 2127 672 2184 medio
697 2134 837 2200 tempore
870 2142 1030 2198 quousque
1062 2142 1132 2183 curn
1168 2125 1257 2183 dictis
1284 2127 1404 2183 civibus
1427 2141 1477 2182 co·

209 2245 278 2288 ram
299 2233 390 2290 nobis
406 2249 442 2290 ac
459 2233 585 2306 prelatis
608 2239 638 2290 et
661 2234 832 2290 baronibus
848 2233 960 2290 nostris
985 2249 1057 2289 cum
1080 2233 1278 2289 munimentis
1295 2231 1474 2288 huiusmodi

209 2337 454 2396 iurisdiccionem
480 2339 685 2413 probantibus
714 2339 960 2412 composueritis,
977 2339 1074 2395 dictos
1100 2338 1182 2395 cives
1205 2353 1401 2412 nequaquam
1425 2337 1476 2394 de-

209 2443 308 2500 beatis
331 2445 362 2501 in
385 2446 451 2502 iure
474 2445 615 2518 ipsorum
642 2444 803 2518 impedire,
838 2445 983 2518 ipsosque
1015 2444 1118 2500 medio
1150 2449 1290 2518 ternpore
1321 2445 1361 2502 ab
1385 2445 1478 2500 inter·

211 2549 294 2607 dicto
314 2552 520 2608 ecclesiastico
544 2551 714 2608 absolvatis
739 2557 769 2608 et
792 2551 876 2607 aliud
901 2567 960 2607 non
992 2549 1110 2608 facturi.
1141 2551 1257 2607 Datum
1281 2551 1312 2606 in
1336 2550 1475 2620 Mohach,

211 2654 366 2714 dominica
389 2659 532 2732 proxima
556 2665 625 2715 ante
649 2658 762 2715 festum
787 2658 868 2715 beati
899 2657 1013 2714 Mathei
1044 2657 1178 2729 apostoli
1209 2663 1239 2714 et
1270 2656 1478 2727 ewangeliste.

210 2765 302 2822 Anno
324 2763 441 2822 domini
465 2765 690 2822 MCCCLXXX
712 2780 800 2821 nono.

298 2899 438 2966 Originole
459 2900 485 2949 in
499 2901 597 2958 charta,
624 2899 650 2950 in
670 2915 722 2962 qua
741 2915 894 2964 oppressum
907 2899 988 2962 sigili.
1002 2914 1056 2963 reg.
1068 2898 1160 2948 minus.
1174 2899 1204 2948 In
1214 2897 1284 2948 arch.
1299 2897 1347 2948 civ.
1360 2887 1480 2963 zagran

809 3165 893 3232 341.

317 3309 393 3356 Anno
416 3315 489 3368 1390.
509 3307 532 3355 6.
553 3306 674 3372 Augusti.
697 3306 850 3371 Zagrabiae.

233 3435 371 3492 Detricus
393 3435 492 3492 Bubek
515 3436 615 3504 banus,
638 3437 711 3492 cives
741 3434 915 3493 Grecltenscs
938 3437 1002 3508 regi
1022 3455 1152 3495 annuum
1174 3455 1285 3494 censum
1308 3449 1350 3512 40
1375 3455 1452 3494 mnr-

648 3561 747 3598 camm
770 3543 894 3610 solvisse,
918 3545 1040 3601 nuntiat.

306 3685 370 3743 Nos
392 3686 535 3744 Detricus
557 3685 673 3758 Bubek,
704 3687 791 3759 regni
821 3685 983 3745 Sclauonie
1014 3689 1119 3745 banus
1152 3689 1299 3746 Memorie
1323 3705 1479 3746 commen·

214 3791 323 3849 damus
346 3808 404 3866 per
428 3801 593 3867 presentes
617 3792 700 3865 quod
725 3793 817 3850 iudex
837 3801 866 3850 et
891 3794 997 3860 iurati,
1011 3795 1093 3852 cives
1113 3811 1165 3852 seu
1183 3795 1319 3869 hospites
1345 3796 1478 3853 civitatis

214 3899 327 3956 montis
355 3897 517 3956 Grecensis
538 3897 576 3955 de
599 3898 759 3970 Zagrabya
782 3901 942 3957 solverunt
957 3901 1047 3959 nobis
1069 3907 1099 3958 et
1118 3901 1155 3958 ad
1173 3917 1327 3959 cameram
1344 3909 1479 3959 nostram

214 4004 252 4061 de
275 4005 405 4062 collecta
425 4005 532 4076 regali,
557 4020 652 4078 quam
675 4005 775 4062 eidem
803 4007 929 4063 domino
961 4013 1067 4064 nostro
1100 4009 1164 4080 regi
1187 4023 1266 4065 anno
1290 4009 1320 4065 in
1344 4009 1479 4082 presenti

212 4108 344 4167 infesto
368 4109 607 4167 circumcisionis
630 4110 747 4168 domini
770 4127 851 4169 nunc
873 4118 1003 4169 venturo
1027 4127 1084 4186 pro
1107 4128 1189 4170 novo
1217 4128 1304 4183 anno,
1321 4114 1479 4186 wlgariter

214 4215 308 4274 Bewd
331 4217 414 4274 dicto
439 4217 561 4274 solvere
584 4216 772 4290 debuissent,
796 4215 999 4290 quadraginta
1015 4235 1135 4277 marcas
1158 4219 1357 4278 denariorum
1378 4219 1477 4278 Budes

214 4323 383 4394 dictorum;
419 4339 513 4396 super
541 4323 782 4396 quibusquidem
814 4324 1018 4397 quadraginta
1052 4327 1165 4383 marcis
1188 4325 1314 4383 eosdem
1345 4325 1481 4383 iudicem

213 4437 242 4488 et
264 4431 389 4501 iuratos,
413 4430 496 4487 cives
519 4445 572 4487 seu
597 4430 733 4504 hospites
757 4430 949 4488 reddidimus
982 4438 1012 4488 et
1032 4433 1252 4502 commisimus,
1277 4447 1384 4504 ymmo
1412 4431 1480 4489 red·

214 4536 318 4594 dimus
340 4541 370 4594 et
392 4536 604 4593 commitimus
624 4537 744 4608 quietos
766 4543 795 4592 et
821 4536 982 4610 expeditos
1005 4537 1200 4611 presencium
1222 4539 1396 4595 testimonio
1418 4554 1481 4594 me·

214 4642 324 4702 diante.
348 4643 464 4700 Datum
488 4641 637 4715 Zagrabie
661 4642 808 4716 predicta,
835 4643 966 4700 sabbato
998 4645 1142 4717 proximo
1170 4650 1239 4701 ante
1258 4643 1375 4701 testum
1399 4645 1481 4702 beati
1547 4677 1550 4684 ·

215 4749 373 4806 Laurencii
396 4749 539 4806 martiris
563 4750 652 4806 Anno
674 4748 792 4806 domini
816 4748 925 4805 MCCC
948 4750 1156 4821 nonagesimo

303 4884 443 4950 Originale
465 4885 491 4935 in
516 4883 613 4934 charta.
639 4883 764 4949 Sigillum
792 4883 949 4932 minusclum
974 4882 1137 4948 impressum.
1164 4882 1194 4933 In
1216 4883 1325 4935 archivo
1352 4884 1399 4936 lib.
1424 4901 1479 4952 reg.

216 4973 286 5024 civit.
306 4975 410 5040 zagrab.
