3824 5806
376 587 435 646 372
787 571 860 628 Dec.
878 585 955 648 390·
983 605 1020 613 -
1046 571 1101 628 An.
1126 566 1217 647 1396.

371 785 427 842 per
449 769 532 827 cives
555 770 688 827 civitatis
712 770 825 827 montis
847 769 1031 828 Grechensis
1054 769 1092 826 de
1121 768 1272 842 Zagrabia
1295 768 1332 826 ad
1365 768 1552 827 edificandas
1580 769 1636 826 do·

370 890 439 932 mos
462 876 668 934 conducendis
691 877 722 934 in
746 876 836 934 dictis
859 877 1001 950 portibus
1024 875 1146 933 nullum
1170 876 1321 932 tributum
1353 876 1433 948 exigi
1458 874 1558 932 facere
1582 875 1635 932 de-

369 981 531 1050 beremus;
554 998 612 1054 pro
635 997 672 1038 eo
687 987 789 1040 vestre
808 982 969 1039 dileccioni
984 982 1208 1039 committimus
1224 985 1254 1038 et
1270 981 1461 1050 mandamus,
1481 987 1635 1054 quatenus

369 1086 408 1143 de
431 1087 523 1160 lignis
546 1087 731 1162 supradictis
753 1104 851 1161 usque
875 1094 998 1162 tempus
1025 1085 1179 1161 prefixum
1203 1087 1244 1144 ab
1267 1086 1383 1144 eisdem
1411 1086 1531 1144 civibus
1564 1087 1632 1144 nul-

368 1193 435 1249 lum
459 1193 610 1250 tributum
634 1195 758 1266 exigere
781 1199 810 1251 et
832 1210 888 1251 nec
911 1195 993 1267 exigi
1016 1191 1117 1250 facere
1140 1192 1295 1260 debeatis;
1322 1197 1352 1248 et
1374 1190 1460 1248 aliud
1483 1207 1544 1248 non
1569 1191 1631 1249 fac-

367 1301 436 1356 turi.
460 1299 575 1356 Datum
600 1301 628 1357 in
653 1301 818 1374 campestri
841 1301 927 1372 regio
950 1299 1085 1356 exercitu
1101 1313 1199 1372 prope
1215 1298 1324 1354 villam
1342 1295 1458 1366 Hudos,
1475 1296 1633 1355 dominico

367 1405 418 1488 die
441 1407 585 1480 proximo
608 1411 679 1480 post
702 1407 814 1464 festum
839 1407 927 1464 beate
951 1407 1047 1474 Anne,
1064 1405 1171 1461 matris
1195 1404 1296 1460 Marie.
1320 1405 1410 1460 Anno
1425 1401 1543 1460 domini
1559 1403 1632 1460 mil-

368 1510 479 1568 lesimo
502 1510 580 1568 CCC
603 1513 802 1584 nonagesimo
824 1518 919 1570 sexto.

456 1647 596 1714 Originale
616 1648 642 1698 in
661 1647 758 1698 charta.
778 1648 904 1714 Sigillum
923 1646 1022 1698 coloris
1041 1646 1111 1712 nigri
1135 1646 1297 1711 impressum.
1324 1645 1354 1695 ln
1379 1645 1487 1695 archivo
1509 1644 1556 1694 lib.
1576 1661 1632 1712 reg-

367 1734 438 1785 civit.
459 1736 563 1801 zagrab.

954 1984 1049 2051 390.

472 2144 548 2194 Anno
571 2144 645 2206 1396.
664 2158 688 2208 9.
708 2144 833 2196 octobris.
853 2143 942 2194 cristi.

365 2288 517 2346 Martinus
540 2291 620 2347 Ders
642 2289 794 2347 uisebanus
814 2290 912 2365 refert,
928 2259 1061 2346 'homines
1075 2286 1200 2362 episcopi
1213 2294 1241 2344 et
1260 2287 1382 2360 capituli
1401 2287 1519 2360 zagrab.
1536 2289 1570 2345 vi
1590 2307 1632 2346 se·

434 2395 569 2453 decimam
588 2403 702 2469 pardem
727 2395 898 2453 decimarum
921 2395 1029 2453 civibus
1057 2393 1265 2452 Grechenribus
1286 2393 1405 2451 debitam
1427 2395 1559 2467 exegisse.

452 2555 516 2613 Nos
539 2557 686 2629 magister
709 2557 858 2614 Martinus
888 2557 977 2628 Ders,
1007 2556 1174 2614 vicebanus
1204 2561 1234 2613 et
1264 2571 1367 2613 comes
1399 2556 1571 2629 crisyensis‚
1595 2573 1631 2614 ac

362 2661 480 2719 iudices
510 2663 663 2720 nobilium
695 2661 832 2720 eiusdem
864 2664 1035 2720 comitatus.
1068 2662 1216 2718 Memorie
1247 2661 1509 2732 commendamus,
1543 2663 1628 2736 quod

362 2783 434 2824 cum
457 2783 514 2824 nos
536 2767 576 2824 ad
599 2768 763 2826 instantem
788 2769 973 2842 peticionem
996 2767 1202 2842 providorum
1231 2769 1380 2836 virorum,
1404 2767 1521 2838 iudicis,
1546 2769 1626 2826 iura·

362 2880 464 2931 tomm
489 2881 519 2932 et
542 2875 759 2932 universorum
783 2876 898 2932 civium
921 2875 1054 2932 civitatis
1071 2875 1184 2932 montis
1200 2872 1384 2932 Grechensis
1408 2873 1446 2931 de
1469 2873 1629 2946 Zagrabia,

360 2980 500 3037 nobilem
524 2981 628 3038 virum
650 2981 832 3063 Jobannem,
855 2980 959 3038 filium
985 2979 1116 3051 andree,
1135 2995 1232 3037 unum
1248 2995 1286 3036 ex
1302 2981 1400 3048 nobis,
1417 2981 1533 3037 scilicet
1548 2980 1627 3038 iudi-

361 3085 449 3142 cibus
483 3085 646 3156 nobilium,
678 3085 717 3142 ad
749 3086 978 3159 infrascriptam
1014 3086 1252 3158 inquisicionem·
1284 3084 1454 3143 faciendam
1490 3085 1628 3157 legitime

360 3189 615 3260 destinassemus;
638 3189 763 3248 tandem
787 3191 871 3248 idem
894 3191 1005 3249 exinde
1027 3190 1065 3248 ad
1090 3206 1146 3249 nos
1176 3207 1319 3248 reversus
1349 3191 1439 3248 nobis
1462 3191 1568 3248 retulit
1590 3207 1627 3248 eo

360 3295 464 3366 modo,
495 3295 578 3368 quod
602 3297 668 3370 ipse
691 3296 732 3353 ab
755 3297 901 3354 omnibus
931 3312 949 3353 a
980 3297 1094 3369 quibus
1125 3295 1276 3354 decuisset
1306 3303 1335 3353 et
1359 3297 1495 3354 licuisset
1519 3297 1624 3370 palam

360 3409 390 3458 et
413 3402 515 3459 oculte
538 3401 703 3474 diligenter
735 3402 919 3475 inquirendo
951 3403 1047 3460 talem
1078 3402 1117 3459 de
1146 3402 1349 3475 infrascriptis
1382 3403 1520 3460 scivisset
1547 3404 1627 3460 veri-

358 3513 461 3578 tatem,
485 3507 570 3581 quod
593 3507 737 3566 dominus
759 3510 922 3591 johannes,
946 3509 1111 3583 episcopus
1134 3509 1261 3565 ecclesie
1283 3508 1490 3580 zagrabiensis
1513 3515 1543 3565 et
1579 3525 1627 3566 ca·

358 3613 494 3686 pitulum
519 3615 579 3670 loci
601 3613 740 3672 eiusdem
764 3614 845 3671 circa
875 3613 988 3671 festum
1019 3614 1103 3672 beati
1134 3614 1302 3686 Mychaells
1333 3613 1519 3686 archangeli,
1542 3631 1623 3672 nunc

359 3720 551 3792 preteritum,
581 3720 683 3776 missis
714 3720 871 3777 nonnullis
902 3719 1108 3777 familiaribus
1139 3726 1169 3776 et
1198 3719 1376 3776 bominibus
1410 3719 1551 3792 ipsorum
1582 3719 1622 3776 ad

358 3825 549 3882 territorium
572 3825 653 3883 dicte
677 3825 818 3896 civitatis,
843 3826 984 3883 homines
1008 3826 1105 3899 ipsius
1128 3825 1260 3883 civitatis
1282 3825 1313 3882 in
1338 3825 1407 3882 loco
1429 3824 1622 3883 koncbarum

356 3930 543 3989 sedecimam
565 3937 686 4005 partem
709 3933 774 3989 vini
798 3938 827 3988 et
852 3931 979 4004 frugum
1002 3931 1040 3988 de
1064 3930 1192 3988 decimis
1215 3929 1407 4004 prefatorum
1424 3930 1543 3988 domini
1559 3933 1624 4005 epi·

357 4038 444 4111 scopi
474 4044 504 4095 et
533 4038 661 4110 capituli
685 4037 802 4096 eisdem
834 4039 955 4095 civibus
983 4037 1138 4111 pertinere
1168 4041 1198 4093 et
1228 4037 1269 4093 ab
1299 4036 1426 4108 antiquo
1461 4051 1519 4109 pro
1550 4037 1626 4110 ipsis

357 4143 439 4214 exigi
462 4150 640 4201 consuetam
668 4144 832 4216 exigentes,
861 4143 1029 4201 enormiter
1059 4141 1253 4199 verberando
1289 4140 1431 4214 aufugari
1454 4148 1484 4199 et
1507 4143 1625 4216 expelli

357 4245 499 4306 fecissent
521 4255 552 4306 et
574 4249 689 4306 dictam
720 4250 906 4306 sedecimam
937 4253 1059 4322 partem
1091 4249 1187 4322 ipsius
1216 4249 1280 4306 vini
1311 4262 1368 4321 pro
1398 4264 1430 4304 se
1463 4249 1538 4322 ipsis
1561 4249 1625 4306 exi·

357 4353 458 4425 gendo
481 4357 676 4428 recepissent,
701 4357 829 4429 propria
852 4356 993 4428 ipsorum
1016 4353 1160 4426 potencia
1175 4353 1337 4424 mediante,
1362 4353 1391 4410 in
1416 4354 1622 4426 preiudicium

357 4459 500 4533 ipsorum
524 4461 617 4518 valde
633 4476 797 4534 magnum;
821 4461 876 4518 lite
900 4467 1001 4517 tamen
1019 4459 1171 4533 pendente
1186 4460 1265 4517 inter
1280 4460 1371 4532 ipsos.
1388 4459 1503 4517 Datum
1519 4460 1621 4532 Crisii,

360 4565 392 4622 in
416 4564 494 4624 festo
517 4568 599 4624 beati
623 4568 754 4625 Dionisii
777 4567 919 4624 martiris.
944 4568 1033 4623 Anno
1057 4563 1173 4622 domini
1198 4565 1365 4621 millesimo
1389 4564 1467 4622 CCC
1490 4581 1626 4637 nonage-

358 4672 438 4728 simo
461 4678 555 4732 sexto.

449 4824 589 4890 Originale
615 4825 642 4874 in
661 4825 767 4884 charta3
787 4825 898 4891 vestigia
918 4826 1032 4876 duorum
1047 4825 1233 4890 impressorum
1248 4825 1399 4890 sigillorum
1413 4839 1428 4874 a
1440 4829 1525 4890 tergo.
1541 4824 1570 4874 ln
1583 4839 1624 4873 ar·

357 4911 437 4962 chivo
456 4912 502 4962 lib.
523 4927 578 4978 reg.
600 4913 671 4963 civit.
691 4914 795 4978 zagrab.
