3600 5804
393 555 453 608 170
668 599 672 606 ,
807 537 879 594 Doc.
904 549 974 613 194.
1001 569 1035 578 -
1063 537 1120 593 Aa.
1143 549 1233 613 1344.

386 749 483 806 usque
514 749 602 804 nunc,
634 735 744 806 quovis
776 733 871 791 modo
901 735 981 792 inter
1010 736 1094 808 ipsos
1124 735 1246 802 habitis,
1279 735 1374 792 illatis
1405 743 1436 792 et
1466 735 1582 805 exortis,
1607 743 1634 792 ut

382 839 484 896 omnis
516 839 734 896 discolositatis
765 855 875 897 rancor
906 840 944 898 de
976 840 1079 898 medio
1110 841 1250 914 ipsorum
1282 839 1442 897 sedaretur
1475 845 1505 896 et
1527 841 1635 913 penitus

384 951 585 1016 evanesceret,
609 945 704 1002 corda
725 947 923 1004 conciliantes
946 947 1078 1017 turbata,
1101 963 1195 1019 seque
1217 945 1352 1019 perfecte
1375 945 1510 1003 caritatis
1526 945 1635 1002 fervore

383 1051 530 1124 amplecti
553 1053 709 1110 anelantes
733 1053 836 1110 taliter
859 1051 1095 1110 concordassent
1118 1059 1148 1110 et
1171 1068 1209 1110 ex
1234 1059 1338 1109 nostra
1364 1067 1400 1108 ac
1415 1051 1565 1108 dictorum
1581 1066 1636 1108 ma·

384 1158 552 1228 gistrorum
584 1158 740 1239 Johannis,
772 1158 922 1231 Chylrovv,
953 1158 1082 1230 Chenylr
1112 1167 1142 1216 et
1172 1159 1307 1216 aliorum
1333 1158 1486 1216 nobilium
1511 1157 1636 1214 viromm

385 1263 582 1321 ordinacione
605 1269 635 1321 et
651 1266 879 1338 composicione
895 1265 1120 1324 concordarunt
1143 1281 1247 1322 eoram
1271 1265 1369 1335 nobis,
1386 1264 1469 1337 quod
1493 1263 1570 1321 idem
1593 1263 1637 1320 Ni·

389 1371 495 1426 colaus
532 1371 630 1427 banus
665 1370 816 1443 quasdam
850 1372 1106 1446 possessionarias
1145 1371 1306 1444 porciones
1340 1371 1372 1428 in
1407 1370 1638 1444 possessionibus

385 1474 540 1534 Hothlrow
565 1483 595 1534 et
614 1475 848 1550 Scenthgyurgh
866 1479 991 1550 vocatis,
1008 1478 1039 1536 in
1059 1477 1142 1535 dicto
1163 1479 1277 1534 banatu
1294 1477 1505 1547 existentibus,
1522 1477 1637 1545 habitas,

387 1597 446 1654 que
478 1597 537 1656 pro
568 1581 680 1641 debitis
712 1600 764 1641 seu
796 1583 935 1642 collectis
966 1585 1149 1642 banovstina
1179 1589 1209 1641 et
1236 1583 1478 1640 marturinarum
1513 1581 1639 1655 predicto

387 1687 499 1760 llykch
525 1689 605 1746 bano
629 1687 756 1747 luissent
780 1689 926 1748 devolute
950 1697 980 1750 et
1003 1690 1160 1764 quandam
1184 1690 1456 1764 possessionariam
1474 1688 1638 1763 porcionem

386 1793 543 1866 quondam
576 1795 703 1867 Thome,
739 1796 797 1854 filii
824 1797 989 1868 Dominici,
1014 1798 1044 1854 in
1068 1797 1260 1870 possessione
1285 1795 1436 1853 Rakonulr
1459 1800 1565 1852 vocata
1586 1794 1640 1850 exi·

387 1905 527 1971 stentem,
561 1917 620 1973 que
644 1901 788 1960 similiter
818 1902 917 1960 eidem
947 1901 1058 1975 Mykch
1090 1903 1172 1959 bano
1199 1917 1256 1976 pro
1279 1901 1476 1959 iudicialibus
1499 1901 1642 1972 gravami-

387 2007 478 2064 nibus
509 2006 616 2066 suisset
647 2008 802 2078 devoluta,
837 2025 908 2065 curn
939 2009 1085 2066 omnibus
1115 2023 1225 2066 earum
1256 2007 1451 2077 utilitatibus,
1483 2006 1585 2063 usibus
1616 2012 1642 2061 et

388 2113 592 2187 proventibus
621 2121 714 2187 prout
746 2114 853 2172 eedem
884 2115 966 2190 apud
997 2131 1106 2172 manus
1138 2113 1212 2172 dicti
1244 2113 1354 2186 llylrch
1380 2113 1451 2170 bani
1474 2113 1642 2180 extitissent

388 2219 610 2291 prenominatis
634 2221 790 2292 magistris
813 2219 969 2295 Stephano
992 2229 1022 2279 et
1046 2221 1140 2292 Alius
1173 2220 1247 2278 filiis
1270 2219 1383 2292 Mykch
1407 2219 1487 2288 bani,
1518 2234 1553 2275 eo
1575 2219 1644 2275 iuris

389 2325 480 2381 titulo
504 2331 534 2382 et
557 2341 591 2382 ea
623 2326 823 2400 plenitudinis
854 2328 1024 2400 quantitate
1055 2325 1321 2400 quemadmodum
1354 2327 1439 2382 iuxta
1461 2323 1645 2382 consuetudi·

388 2431 507 2487 nariam
531 2431 631 2504 legem
664 2433 760 2505 ipsius
783 2439 863 2490 terre
887 2435 1016 2490 banatus
1044 2433 1126 2507 apud
1152 2447 1261 2489 manus
1284 2446 1354 2487 suas
1378 2446 1457 2487 nunc
1479 2430 1645 2496 existerent,

390 2536 567 2609 reliquisset
590 2545 619 2594 et
643 2538 835 2612 resignasset,
864 2556 899 2596 ac
923 2540 1049 2613 reliquit
1073 2548 1103 2596 et
1125 2539 1294 2611 resignavit
1316 2552 1422 2594 coram
1446 2537 1533 2594 nobis
1554 2537 1646 2608 possi·

388 2641 469 2713 dere,
503 2649 605 2701 tenere
636 2651 666 2702 et
697 2645 818 2703 habere.
850 2646 992 2703 Preteiea
1023 2646 1106 2703 idem
1137 2645 1283 2702 Nicolaus
1315 2645 1414 2701 banus
1449 2642 1647 2716 possessiones

390 2749 599 2821 quorumdam
625 2751 794 2821 hominum,
818 2759 852 2808 ut
875 2752 1027 2822 dicebant,
1055 2751 1228 2808 infidelium
1253 2749 1372 2807 domini
1395 2749 1484 2821 regis,
1510 2747 1647 2806 videlicet

390 2856 547 2930 quoddam
582 2858 726 2914 balneum
760 2859 789 2915 in
821 2857 959 2916 interiori
990 2865 1079 2932 parte
1114 2857 1246 2914 civitatis
1276 2857 1483 2928 zagrabiensis
1513 2856 1648 2920 existens,

391 2978 461 3019 cum
486 2964 630 3020 omnibus
654 2963 807 3035 domibus,
841 2965 1026 3023 utilitatibus
1049 2973 1079 3022 et
1102 2964 1231 3022 edificiis
1254 2964 1318 3020 suls
1340 2979 1376 3020 ac
1401 2961 1496 3019 fundo
1518 2961 1601 3018 curie
1622 2961 1648 3017 in

390 3083 453 3142 quo
484 3069 567 3126 idem
599 3071 745 3128 balneum
777 3072 882 3154 existit
910 3079 940 3129 et
968 3071 1180 3128 molendinum
1211 3068 1393 3127 eorumdem
1425 3067 1597 3125 infidelium
1622 3067 1649 3122 in

391 3174 500 3232 eadem
535 3176 658 3233 civitate
690 3178 719 3233 in
743 3177 837 3234 lluvio
861 3177 899 3234 de
922 3177 1073 3235 suburbio
1097 3177 1189 3233 castri
1213 3175 1322 3232 lledue
1344 3174 1480 3231 currenti
1503 3173 1596 3229 situm
1618 3187 1649 3227 ac

394 3288 455 3338 tres
485 3282 590 3338 vineas
622 3283 802 3340 eorumdem
834 3283 1008 3342 infidelium
1040 3290 1126 3341 extra
1150 3281 1277 3339 eandem
1302 3281 1460 3337 civitatem
1484 3280 1648 3348 existentes,

393 3389 524 3445 scilicet:
549 3405 640 3445 unam
665 3389 821 3462 quondam
837 3389 964 3460 Endree,
989 3399 1019 3447 et
1042 3391 1118 3448 alias
1141 3390 1218 3447 duas
1239 3405 1308 3446 cum
1326 3388 1443 3456 eadem,
1461 3387 1575 3444 eisdem
1591 3401 1649 3443 ma·

392 3495 496 3566 gistris
520 3493 676 3568 Stephano
701 3503 730 3552 et
755 3496 848 3568 Alius,
872 3496 946 3554 filiis
974 3496 1131 3570 quondam
1155 3496 1267 3568 llylrch
1291 3495 1364 3552 bani
1388 3501 1418 3552 et
1441 3508 1550 3550 eorum
1572 3494 1650 3548 here-

392 3599 493 3670 dibus,
525 3600 738 3674 heredumque
768 3617 896 3660 suorum
923 3603 1153 3661 successoribus
1184 3618 1220 3659 ac
1250 3600 1485 3675 posteritatibus
1510 3599 1651 3656 universis

392 3721 430 3763 eo
452 3709 518 3765 iure
541 3713 571 3764 et
594 3723 630 3764 ea
653 3707 854 3781 plenitudinis
878 3710 1047 3782 quantitate
1063 3717 1155 3784 prout
1171 3709 1254 3766 idem
1273 3709 1429 3777 balneum,
1446 3705 1651 3764 molendinum

394 3819 424 3870 et
448 3821 511 3870 tres
541 3813 630 3870 vinee
662 3820 820 3887 pretaxate
852 3816 996 3873 manibus
1023 3816 1116 3888 regiis
1139 3823 1169 3872 et
1192 3831 1248 3889 per
1270 3828 1461 3886 consequens
1484 3813 1549 3870 suis
1570 3811 1652 3867 deve·

393 3920 516 3990 nissent,
540 3919 681 3990 dedisset,
713 3920 897 3992 tradidisset,
928 3922 1102 3994 reliquisset
1132 3937 1168 3978 ac
1198 3920 1292 3990 dedit,
1322 3919 1451 3977 tradidit
1482 3925 1514 3976 et
1537 3916 1651 3988 reliquit

394 4041 499 4083 ooram
523 4026 612 4084 nobis
635 4032 787 4099 perpetuo
818 4035 848 4084 et
878 4028 1124 4086 irrevocabiliter
1154 4027 1320 4100 possidere,
1348 4031 1451 4082 tenere
1475 4031 1505 4082 et
1530 4025 1649 4090 habere;

395 4149 411 4189 e
442 4148 592 4190 converso
623 4139 726 4191 autem
759 4134 889 4208 predicti
920 4135 1060 4207 magistri
1091 4133 1265 4208 Stephanus
1292 4141 1322 4189 et
1346 4131 1441 4202 Alius,
1465 4130 1524 4188 filii
1550 4127 1651 4200 llylrch

395 4240 476 4310 bani,
499 4238 657 4311 quoddam
681 4241 850 4314 pallacium
874 4241 1013 4313 ipsorum
1038 4241 1142 4314 precio
1167 4247 1382 4314 comparatum
1407 4237 1437 4294 in
1462 4235 1570 4293 eadem
1586 4234 1652 4290 civi·

395 4351 457 4404 tate
479 4347 671 4418 zagrabiensi
694 4348 774 4404 circa
798 4348 966 4420 pallacium
983 4363 1034 4404 seu
1052 4353 1187 4404 castrum
1204 4346 1323 4403 domini
1338 4345 1419 4417 regis
1436 4345 1522 4402 iuxta
1539 4349 1653 4417 portam

395 4452 528 4509 existens
558 4468 629 4508 cum
661 4468 721 4510 uno
752 4453 848 4510 tundo
878 4455 970 4524 curie,
1001 4454 1142 4526 ipsorum
1165 4453 1308 4510 similiter
1331 4451 1435 4524 precio
1472 4453 1652 4522 comparato,

398 4559 478 4616 circa
502 4557 583 4616 idem
608 4560 777 4632 pallacium
802 4565 888 4616 extra
912 4561 1013 4633 ipsam
1036 4559 1192 4616 civitatem
1217 4567 1338 4632 aparte
1355 4555 1496 4613 meridiei
1513 4550 1653 4616 existenti,

398 4665 487 4722 vinea
509 4672 539 4721 et
563 4665 680 4737 piscina
703 4665 734 4722 in
757 4664 866 4722 eodem
900 4664 995 4722 fundo
1027 4665 1111 4722 curie
1134 4664 1344 4722 adiacentibus
1367 4679 1402 4719 ac
1425 4663 1495 4718 aliis
1519 4657 1653 4718 omnibus

397 4771 460 4830 suis
490 4772 685 4843 utilitatibus,
716 4772 859 4829 videlicet
883 4754 964 4829 iura'
982 4773 1123 4845 ipsorum
1154 4772 1307 4844 empticia,
1343 4769 1499 4843 prelibato
1536 4763 1653 4823 Nicolao

399 4879 480 4936 bano
503 4885 533 4935 et
555 4878 618 4935 suis
642 4879 807 4936 heredibus
843 4879 1054 4952 heredumque
1077 4893 1206 4936 suorum
1229 4875 1458 4934 successoribus
1480 4883 1511 4932 et
1534 4868 1654 4947 posteri-

400 4985 514 5042 tatibus
546 4985 699 5042 universis
728 4984 884 5042 dedissent
912 4991 942 5041 et
969 4984 1166 5043 tradidissent
1188 4999 1224 5041 ac
1246 4983 1397 5041 dederunt
1420 4987 1449 5038 et
1471 4977 1654 5038 tradidemnt
