3782 5812
369 553 424 632 '¹4
815 551 887 609 Doc.
912 563 957 628 17.
986 584 1020 592 -
1049 551 1103 608 An.
1130 565 1216 632 repa

382 753 412 808 in
436 751 631 821 Hungariam
656 765 748 808 manu
775 748 879 806 valida
902 753 931 806 et
957 749 1156 807 multitudine
1180 749 1304 824 copiosa
1325 749 1524 818 intraverunt,
1549 755 1578 805 et
1595 763 1659 804 non

382 857 487 914 habito
514 856 634 914 delectu
659 857 749 913 etatis
773 855 823 912 vel
851 870 951 920 sexus,
983 856 1151 925 universos
1184 870 1261 928 quos
1285 856 1422 930 reperire
1445 862 1594 927 poterant,
1628 855 1660 910 in

383 977 436 1020 ore
467 962 562 1034 gladii
596 967 800 1036 peremerunt,
832 961 977 1017 ecclesias
1011 967 1041 1018 et
1064 962 1131 1018 loca
1156 961 1262 1018 divino
1286 961 1404 1018 numini
1427 960 1582 1031 dedicata,
1613 961 1661 1017 in-

383 1067 500 1138 cendio,
527 1075 630 1140 strage
653 1069 815 1124 hominurn
840 1072 869 1122 et
893 1067 965 1123 aliis
989 1067 1052 1124 suis
1077 1065 1256 1124 feditatibus
1276 1067 1526 1140 prophanamnt;
1549 1081 1661 1122 omnes

384 1183 413 1232 et
436 1176 574 1234 maxime
591 1174 773 1232 christianos
791 1189 847 1231 suo
864 1173 1002 1230 dominio
1018 1174 1185 1245 subiugare
1201 1173 1377 1244 gloriantes.
1401 1173 1537 1244 Exurgat
1553 1173 1658 1244 igitur,

383 1297 531 1354 rogamus
556 1286 585 1337 et
608 1281 816 1348 obsecramus,
834 1284 935 1336 vestre
953 1279 1121 1336 sanctitatis
1139 1279 1276 1353 provisio
1292 1279 1321 1335 in
1339 1277 1528 1336 adiutorium
1545 1279 1658 1351 populi

385 1389 551 1450 christiani,
576 1393 606 1443 et
627 1387 717 1444 nobis
741 1401 776 1442 ac
807 1401 901 1456 regno
933 1386 1089 1458 Hungarie
1120 1385 1337 1442 consiliumet
1361 1384 1512 1442 auxilium
1538 1385 1655 1441 tribuat

385 1495 529 1564 salutare,
564 1500 594 1550 et
617 1493 702 1550 orbis
726 1491 881 1549 excidium
907 1497 1008 1548 vestra
1032 1489 1197 1562 diligencia
1221 1490 1390 1564 dignemini
1415 1491 1585 1563 prevenire,
1610 1506 1657 1558 ne,

386 1601 608 1658 interveniente
644 1599 808 1673 paululum
832 1613 928 1668 mora,
960 1599 1036 1670 lupo
1059 1612 1174 1669 agnum
1199 1596 1371 1654 frustratim
1396 1596 1582 1666 comedente,
1614 1597 1660 1652 in-

387 1707 484 1764 veniri
509 1711 648 1778 nequeat,
673 1705 721 1762 cui
745 1705 848 1760 valeat
871 1703 1040 1761 subveniri.
1068 1702 1114 1759 nd
1140 1703 1195 1759 hec
1219 1709 1322 1760 autem
1346 1709 1376 1759 et
1399 1704 1460 1759 alia
1481 1701 1660 1774 paternitati

387 1817 489 1870 vestre
513 1812 637 1886 plenius
659 1809 868 1885 proponenda,
901 1808 1111 1867 venerabilem
1136 1813 1267 1882 patrem,
1300 1809 1449 1867 dilectum
1473 1825 1508 1865 ae
1532 1807 1660 1864 fidelem

387 1923 528 1975 nostrum
551 1909 770 1994 (Stephanum)
786 1917 966 1974 u'aciensem
984 1916 1174 1989 episcopum,
1192 1915 1325 1972 latorem
1342 1915 1544 1988 presencium,
1561 1921 1661 1970 trans·

387 2025 536 2093 misimus,
561 2029 705 2095 petentes,
730 2027 763 2078 ut
785 2021 853 2090 hiis,
878 2037 937 2093 que
953 2037 991 2077 ex
1009 2027 1099 2094 parte
1113 2029 1219 2078 nostra
1234 2023 1325 2080 vobis
1342 2022 1547 2094 proposuerit,
1564 2019 1661 2076 fidem

388 2128 594 2186 indubitatam
618 2126 787 2199 dignemini
810 2126 967 2184 adhibere.
992 2127 1107 2184 Datum
1133 2127 1283 2198 Zagrabie
1304 2127 1369 2184 XV.
1395 2126 1542 2184 kalendas
1564 2126 1659 2207 Junii.

476 2261 604 2311 Theiner:
624 2261 792 2311 Monumenta
811 2260 938 2310 historica
961 2235 1124 2326 Hungariae,
1145 2267 1206 2310 tom.
1227 2260 1246 2310 l.
1267 2277 1291 2326 p.
1315 2261 1369 2311 182,
1391 2262 1447 2310 doc.
1468 2258 1660 2310 CCCXXXV.

498 2513 545 2560 An,
564 2519 637 2570 1241,
660 2511 697 2559 16.
711 2510 792 2575 Junii.
810 2509 916 2559 Romae.
993 2475 1049 2542 17·

397 2639 557 2712 Gregorius
585 2638 682 2710 Papa,
714 2639 909 2711 praepositis:
937 2636 1053 2709 zogrob.
1077 2644 1105 2692 et
1125 2635 1285 2692 chasmensi
1311 2653 1346 2692 oc
1373 2638 1517 2710 superiori
1548 2637 1662 2693 ordinis

382 2747 518 2821 fratrom
549 2744 787 2801 praedicatonem
814 2742 930 2816 zagrab.
957 2742 1088 2815 orandot,
1105 2761 1140 2798 ne
1167 2760 1259 2814 regem
1290 2743 1392 2799 Belom
1424 2743 1576 2800 molestari
1588 2751 1662 2816 per·

965 2850 1087 2905 mittant.

479 2995 647 3068 Gregorius
670 2995 843 3067 episcopus
868 3009 975 3050 servus
999 3007 1161 3050 servorum
1187 2991 1243 3050 dei.
1267 2992 1397 3050 Dilectis
1415 2991 1495 3049 liliis
1521 3038 1527 3049 .
1551 3037 1557 3049 .
1582 3038 1587 3049 .
1611 3008 1661 3049 za·

392 3103 548 3177 gabriensi
571 3109 630 3164 et.
655 3147 660 3157 .
685 3147 691 3158 .
716 3100 753 3158 de
777 3099 920 3168 Chasma,
943 3099 1152 3170 zagabriensis
1187 3099 1317 3156 diocesis
1349 3099 1515 3172 prioribus,
1540 3104 1570 3154 et
1595 3143 1600 3154 .
1625 3143 1631 3154 .
1656 3145 1662 3154 .

393 3209 545 3283 superiori
568 3207 767 3279 zagabriensi,
795 3205 913 3263 ordinis
946 3204 1079 3262 fratrum
1110 3204 1352 3276 Predicatorum,
1376 3205 1561 3261 salutemet
1586 3219 1662 3277 apo-

392 3317 533 3374 stolicam
559 3313 810 3372 benedictionem.
843 3311 930 3381 Cum,
956 3313 1033 3368 sicut
1056 3326 1094 3366 ex
1118 3317 1222 3368 tenore
1252 3311 1427 3368 litterarum
1452 3311 1605 3368 karissimi
1630 3312 1661 3367 in

394 3421 517 3479 Christo
541 3419 599 3477 filii
633 3419 738 3487 nostri,
763 3417 835 3474 Bele
866 3419 947 3489 regis
980 3417 1114 3488 Vngarie
1143 3433 1204 3474 non
1234 3419 1298 3475 sine
1331 3419 1430 3474 multa
1460 3418 1660 3474 lacrimarum

394 3527 543 3585 effusione
566 3525 740 3592 didicimus,
765 3531 871 3596 gentes
896 3523 1106 3592 Tartarorum,
1123 3539 1183 3596 que
1200 3539 1259 3580 non
1276 3530 1427 3580 noverunt
1444 3523 1547 3589 deum,
1564 3537 1662 3594 regno

396 3635 530 3706 Vugarie
553 3647 610 3706 pro
634 3641 730 3708 parte,
754 3632 832 3688 sicut
857 3630 997 3702 permisit
1021 3628 1173 3699 dominus,
1197 3639 1356 3703 occupato,
1378 3645 1438 3687 non
1455 3631 1557 3687 solum
1573 3630 1662 3701 regni

395 3740 526 3815 predicti
549 3737 707 3796 residuum
730 3735 861 3810 perdere
885 3736 1020 3809 cupiunt,
1045 3735 1097 3792 sed
1122 3736 1216 3792 etiarn
1233 3741 1330 3793 totam
1347 3737 1585 3794 christianorum
1602 3745 1662 3792 ter-

395 3862 462 3904 ram
486 3845 640 3903 desertam
665 3857 778 3916 ponere
803 3843 981 3909 moliuntur,
1006 3856 1123 3898 necnon
1155 3842 1317 3899 doloribus
1349 3841 1502 3899 dictorum
1527 3842 1608 3914 regis
1632 3849 1663 3898 et

395 3953 481 4024 regni
506 3967 541 4008 eo
566 3951 664 4020 magis
688 3964 743 4006 uos¹
767 3947 932 4005 condolere
949 3949 1119 4016 conveniat,
1137 3963 1199 4020 quo
1215 3947 1298 4004 idem
1316 3964 1370 4004 rex
1394 3953 1423 4004 et
1448 3949 1662 4021 progenitores

396 4061 443 4118 sui
467 4058 676 4132 promptiores
700 4057 730 4112 in
754 4053 941 4126 exequendis
957 4053 1061 4110 divine
1078 4055 1247 4110 voluntatis
1263 4055 1465 4127 beneplacitis
1489 4062 1519 4110 et
1542 4053 1663 4111 ferven-

397 4168 489 4224 tiores
512 4166 543 4222 in
567 4161 693 4220 ecclesie
709 4161 873 4218 devotione
897 4160 980 4218 omni
998 4167 1137 4232 ternpore
1154 4159 1248 4216 l'uisse
1263 4165 1446 4228 noscuntur;
1469 4159 1662 4230 mandamus,

397 4267 547 4346 quatenus
571 4270 673 4342 ipsum
705 4282 811 4340 regem
843 4273 872 4324 et
905 4265 1057 4323 familiam
1089 4282 1177 4323 suam
1208 4282 1268 4323 non
1300 4265 1512 4338 permittentes
1543 4265 1583 4322 ab
1606 4266 1663 4321 ali·

397 4379 510 4452 quibus
534 4375 701 4445 molestari,
726 4375 940 4430 molestatores
964 4418 1093 4430 ......
1115 4387 1175 4440 eos,
1201 4387 1278 4444 quos
1302 4380 1400 4428 terras
1424 4371 1564 4428 eiusdem
1580 4373 1662 4443 regis

397 4495 468 4558 post
490 4483 682 4541 invasionem
705 4477 882 4536 huiusmodi
905 4493 1079 4551 occupasse,
1105 4479 1155 4534 vel
1179 4493 1331 4550 occupare
1348 4479 1377 4535 in
1394 4484 1555 4550 posterum
1578 4477 1663 4534 inve-

397 4591 511 4660 neritis,
542 4597 577 4645 ut
599 4589 682 4662 ipsas
713 4586 853 4660 predicto
882 4585 946 4656 regi
978 4585 1147 4654 restituant,
1177 4589 1343 4653 monentes,
1374 4583 1574 4657 precipiendo
1607 4599 1664 4656 per

397 4711 558 4754 censuram
575 4693 811 4750 ecclesiasticam
828 4691 1014 4763 apellatione
1029 4698 1157 4758 remota,
1178 4691 1301 4762 cogatis.
1319 4689 1410 4760 Quod
1427 4690 1529 4746 sinon
1546 4703 1662 4758 omnes,

399 4805 458 4861 hiis
480 4799 666 4872 exequendis
690 4798 851 4872 potueritis
874 4799 1029 4866 interesse,
1053 4796 1115 4853 duo
1140 4805 1276 4853 vestrum
1300 4812 1335 4852 ea
1358 4796 1577 4853 nichilominus
1594 4811 1664 4852 exe·

400 4915 540 4983 quantur.
557 4907 674 4967 Datum
689 4904 830 4962 Laterani
843 4903 923 4960 XVI.
944 4902 1093 4959 Kalendis
1106 4902 1190 4984 Julii.
1204 4900 1403 4958 Pontificatus
1421 4903 1518 4958 nostri
1534 4917 1579 4958 an.
1598 4901 1662 4957 XV.

463 5023 466 5028 Ι
489 5047 611 5098 Theiner.
631 5043 799 5091 Monumenta
817 5039 944 5090 historica
962 5037 1125 5102 H'ungariae,
1145 5047 1206 5086 torn.
1228 5037 1247 5086 I.
1268 5053 1292 5101 p.
1315 5037 1371 5097 184
1392 5037 1448 5086 doc.
1469 5035 1596 5085 cccxl.
