3728 5806
624 563 697 620 Dor.
721 575 794 638 299.
822 596 858 606 -
882 563 937 621 An.
963 559 1053 640 1380.
1409 565 1468 638 283

201 758 288 815 viros
319 757 491 830 Nicolaum,
524 759 626 817 filium
657 760 821 830 Dominici,
846 777 942 818 unum
963 777 1002 818 ex
1024 761 1114 818 nobis
1137 760 1292 818 iudicibus
1316 759 1470 818 nobilium

203 881 240 922 ac
255 863 468 936 laurencium,
486 865 588 923 filium
605 866 716 924 Bedew
732 866 770 923 de
787 866 994 938 Breztouicha,
1011 867 1151 924 homines
1168 873 1287 924 nostros
1303 865 1342 923 ad
1361 881 1472 938 queru-

204 971 304 1028 losam
321 975 349 1028 et
366 971 530 1029 instantem
546 972 730 1046 peticionem
747 972 864 1042 iudicis,
889 973 1061 1030 iuratorum
1077 977 1107 1029 et
1121 973 1338 1029 universorum
1356 971 1472 1028 civium

205 1093 260 1134 seu
276 1077 434 1151 hospitum
454 1078 568 1136 montis
591 1076 775 1136 Grecbensis
799 1079 837 1136 de
861 1079 1011 1152 Zagrabia
1033 1079 1072 1136 ad
1096 1079 1293 1152 infrascripta
1315 1077 1473 1136 rescienda

202 1183 355 1256 legittime
372 1183 629 1254 destinassemus;
653 1183 777 1243 tandem
794 1185 889 1243 iidem
905 1185 944 1242 ad
961 1201 1017 1244 nos
1033 1183 1143 1242 exinde
1159 1185 1275 1242 reversi
1291 1184 1382 1242 nobis
1402 1199 1472 1241 con·

202 1288 337 1346 corditer
362 1291 540 1360 retulerunt,
563 1291 646 1363 quod
670 1292 729 1364 ipsi
745 1293 786 1348 ab
802 1292 947 1349 omnibus
963 1308 980 1349 a
997 1291 1111 1364 quibus
1127 1290 1277 1348 decuisset
1293 1296 1323 1347 et
1338 1291 1474 1347 licuisset

204 1395 299 1452 talem
331 1395 369 1452 de
400 1395 604 1470 infrascriptis
635 1399 797 1455 scivissent
827 1397 999 1468 veritatem,
1027 1397 1111 1470 quod
1135 1397 1212 1454 dum
1234 1395 1405 1468 Gregorius
1428 1397 1473 1453 in-

203 1503 303 1558 clinus
327 1502 466 1576 ipsorum
491 1503 608 1560 civium
634 1503 710 1561 feria
733 1513 819 1561 sexta
839 1504 983 1577 proxima
999 1509 1069 1560 ante
1085 1501 1249 1560 meridiem
1265 1503 1382 1559 scilicet
1397 1501 1473 1558 duo-

203 1607 327 1664 decimo
343 1607 393 1664 die
409 1609 617 1667 concussionis
633 1625 765 1667 ovorum
783 1610 813 1666 in
830 1625 909 1666 anno
926 1609 1044 1666 domini
1061 1609 1230 1666 millesimo
1246 1600 1473 1687 CCCLXX(X),

205 1714 360 1786 preterita,
391 1713 430 1770 ad
462 1712 597 1787 quedam
621 1715 701 1772 sacta
732 1732 787 1773 sua
818 1714 993 1789 peragenda
1020 1715 1182 1789 perviam
1206 1730 1259 1771 seu
1282 1714 1473 1772 territorium

204 1819 374 1876 eorundem
395 1820 510 1878 civium
535 1821 718 1890 accessisset,
744 1819 867 1879 tandem
891 1821 1019 1894 quidam
1043 1821 1105 1878 duo
1134 1821 1312 1894 iobagiones
1345 1819 1474 1894 capituli

205 1925 332 1982 ecclesie
354 1927 561 1999 zagrabiensis
583 1927 622 1984 de
646 1927 734 1985 Nova
758 1927 836 1985 villa
861 1943 959 2002 prope
983 1929 1033 1985 vel
1050 1929 1132 1986 circa
1147 1928 1291 1984 ecclesias
1310 1927 1471 1984 beatorum

203 2031 351 2114 Johannis
375 2033 509 2105 baptiste
532 2039 562 2089 et
585 2033 722 2105 Zakarye
743 2035 810 2104 sita,
830 2035 947 2092 scilicet
969 2035 1132 2118 Johannes‚
1157 2033 1295 2107 Zagorch
1318 2031 1418 2090 dictus
1443 2037 1473 2090 et

204 2136 284 2193 alter
316 2137 497 2195 Benedictus
532 2139 707 2196 nominatus
738 2139 842 2212 ipsum
873 2139 1059 2212 Gregorium
1095 2140 1230 2198 letaliter
1263 2139 1473 2208 wlnerassent,

207 2242 261 2298 ubi
284 2243 431 2316 spiritum
454 2244 482 2300 in
507 2245 673 2302 continenti
700 2245 860 2316 exalasset,
892 2253 921 2303 et
945 2247 988 2304 sic
1012 2248 1116 2320 ipsum
1139 2250 1298 2303 mortuum
1322 2243 1361 2302 ad
1386 2245 1474 2301 terri-

207 2349 321 2406 torium
345 2349 419 2406 dicti
443 2351 572 2423 capituli
602 2350 712 2408 defleri
744 2358 774 2408 et
802 2367 863 2424 quo
888 2352 1028 2426 ipsorum
1052 2353 1219 2426 placuisset
1242 2350 1397 2408 voluntati
1419 2351 1473 2408 ab·

205 2454 312 2512 scondi
336 2453 494 2526 fecissent;
517 2457 570 2514 lite
594 2461 696 2514 tamen
718 2458 798 2514 inter
820 2458 924 2532 ipsum
946 2457 1119 2532 capitulum
1143 2463 1173 2515 et
1195 2457 1278 2514 cives
1294 2462 1474 2530 prenotatos

205 2559 366 2634 pendente.
390 2561 505 2619 Datum
528 2563 628 2633 Crisii‚
653 2562 729 2620 feria
748 2563 842 2621 tercia
865 2565 1010 2638 proxima
1029 2570 1099 2622 ante
1119 2562 1233 2621 testum
1249 2563 1330 2620 beati
1347 2561 1474 2634 Georgii

207 2668 352 2726 martiris.
376 2670 466 2726 Anno
489 2669 616 2728 domino
639 2670 808 2728 millesimo
833 2669 910 2728 CCC
934 2671 1151 2743 octuagesimo.

295 2801 436 2869 Originale
455 2803 482 2854 in
502 2804 593 2855 charta
611 2805 689 2854 valde
709 2820 823 2854 exesum.
846 2805 877 2855 ln
895 2805 966 2855 arch.
986 2806 1066 2855 Acad.
1086 2804 1181 2857 Scieut.
1201 2805 1271 2856 Slav.
1292 2804 1385 2854 merid.

794 3094 884 3161 299.

313 3255 389 3301 Anno
412 3252 486 3308 1280,
509 3259 546 3305 17.
566 3251 667 3316 aprilis.
688 3251 777 3300 Crisii.

207 3379 314 3436 Pelms
342 3359 426 3438 C‘irke
448 3383 599 3440 nicebanus
620 3391 649 3440 et
660 3385 774 3459 judices
794 3382 930 3438 nobilium
952 3385 1100 3438 comitatus
1122 3381 1264 3438 crisiensis
1286 3380 1320 3437 dc
1348 3379 1474 3452 Georgia

421 3494 516 3544 sutore
538 3489 617 3546 iussu
640 3491 762 3563 capituli
778 3489 914 3562 graviter
937 3488 1097 3556 vulnerato,
1120 3487 1257 3561 raserunt.

295 3629 359 3688 Nos
383 3631 490 3688 Petrus
514 3631 638 3704 berke
661 3634 838 3703 vicebanus,
869 3647 973 3690 comes
996 3631 1159 3703 crisyensis
1186 3647 1222 3689 ac
1245 3631 1360 3689 iudices
1385 3632 1472 3688 nobi·

206 3737 285 3793 lium
308 3736 447 3793 eiusdem
471 3738 642 3796 comitatus.
671 3739 819 3797 Memorie
850 3737 1113 3808 commendamus,
1138 3735 1316 3810 quodcum
1341 3752 1396 3794 nos
1421 3753 1474 3793 no-

206 3841 287 3898 biles
311 3841 395 3899 viros
419 3842 591 3916 Nicolaum,
623 3845 725 3903 filium
757 3845 920 3915 Dominici,
949 3859 1045 3902 unum
1069 3859 1107 3900 ex
1130 3843 1220 3900 nobis
1243 3841 1397 3900 iudicibus
1421 3859 1474 3900 no-

207 3947 320 4004 bilium
343 3963 379 4005 ac
402 3947 614 4022 laurencium,
638 3950 740 4008 filium
765 3949 876 4007 Bedew
899 3949 937 4006 de
961 3949 1189 4019 Brezthouicha‚
1211 3963 1305 4005 unum
1328 3947 1367 4005 de
1387 3949 1473 4021 regni

206 4053 375 4124 nobilibus,
410 4054 551 4112 homines
581 4061 710 4128 nostros,
742 4055 781 4114 ad
810 4055 1011 4129 querulosam
1041 4059 1071 4112 et
1103 4055 1266 4112 instantem
1290 4055 1475 4129 peticionem

207 4158 325 4229 iudicis,
349 4159 520 4218 iuratorum
544 4167 573 4218 et
596 4162 812 4220 universorum
838 4162 953 4219 civium
977 4161 1090 4219 montis
1112 4161 1296 4219 Grechensis
1318 4160 1357 4219 ad
1382 4159 1475 4218 infra-

208 4266 356 4338 scriptam
393 4266 629 4339 inquisicionem
660 4249 832 4326 faciendam
864 4267 902 4325 de
932 4267 1005 4325 sede
1035 4273 1140 4326 nostra
1171 4266 1308 4326 iudiciali
1338 4267 1475 4340 legitime

209 4370 463 4442 destinassemus;
488 4374 611 4432 tandem
634 4374 728 4432 iidem
753 4373 790 4431 ad
813 4389 869 4432 nos
894 4373 1004 4431 exinde
1026 4374 1151 4446 reversi,
1177 4375 1266 4432 nobis
1282 4372 1475 4431 concorditer

210 4477 390 4548 retulerunt,
415 4478 499 4551 quod
523 4479 582 4552 ipsi
606 4481 647 4537 ab
671 4481 816 4538 omnibus
840 4480 954 4553 quibus
977 4479 1128 4537 decuisset
1159 4485 1189 4537 et
1220 4479 1356 4537 licuisset
1379 4479 1474 4536 talem

210 4581 249 4640 de
270 4582 475 4657 infrascriptis
497 4586 658 4643 scivissent
682 4587 854 4656 veritatem,
878 4585 961 4660 quod
985 4585 1104 4644 domini
1127 4585 1165 4643 de
1188 4585 1327 4659 capitulo
1346 4585 1475 4643 ecclesie

209 4689 422 4762 zagrabiensis
455 4689 532 4748 feria
563 4697 673 4763 quarta
705 4692 849 4765 proxima
880 4697 951 4765 post
982 4696 1107 4749 octavas
1131 4690 1200 4748 festi
1232 4707 1323 4764 pasce
1348 4689 1474 4758 domini,

209 4811 288 4852 nunc
310 4796 452 4868 proxime
468 4797 623 4869 preterita,
640 4797 742 4854 missis
759 4811 866 4854 eorum
883 4796 1090 4871 complicibus
1106 4801 1136 4854 et
1152 4795 1368 4866 familiaribus,
1381 4811 1474 4852 manu

211 4907 331 4958 armata
353 4905 384 4958 et
406 4903 605 4975 potenciaria,
629 4903 722 4960 simul
747 4918 819 4960 cum
842 4902 1020 4960 hominibus
1036 4902 1150 4960 Mathei
1174 4907 1204 4959 et
1229 4900 1359 4972 Andree,
1377 4901 1475 4958 archi-

210 5005 409 5066 diaconorum
433 5009 463 5066 in
488 5009 617 5067 ecclesia
651 5009 798 5082 predicta,
824 5009 992 5081 quemdam
1022 5008 1230 5066 habitatorem
1258 5009 1398 5081 ipsorum
1422 5023 1475 5066 no·
