<?xml version="1.0" encoding="UTF-8"?>
<!DOCTYPE html PUBLIC "-//W3C//DTD XHTML 1.0 Transitional//EN"
    "http://www.w3.org/TR/xhtml1/DTD/xhtml1-transitional.dtd">
<html xmlns="http://www.w3.org/1999/xhtml" xml:lang="en" lang="en">
 <head>
  <title>
</title>
<meta http-equiv="Content-Type" content="text/html;charset=utf-8" />
  <meta name='ocr-system' content='tesseract 3.04.00' />
  <meta name='ocr-capabilities' content='ocr_page ocr_carea ocr_par ocr_line ocrx_word'/>
</head>
<body>
  <div class='ocr_page' id='page_1' title='image "./monumentahistor18laszgoog_0329.png"; bbox 0 0 3600 5804; ppageno 0'>
   <div class='ocr_carea' id='block_1_1' title="bbox 535 553 1378 634">
    <p class='ocr_par' dir='ltr' id='par_1_1' title="bbox 535 553 1378 634">
     <span class='ocr_line' id='line_1_1' title="bbox 535 553 1378 634; baseline -0.005 -19"><span class='ocrx_word' id='word_1_1' title='bbox 535 559 607 616; x_wconf 86' lang='lat' dir='ltr'>Doc.</span> <span class='ocrx_word' id='word_1_2' title='bbox 633 553 703 614; x_wconf 79' lang='lat'>108.</span> <span class='ocrx_word' id='word_1_3' title='bbox 729 591 770 598; x_wconf 87' lang='lat'>--</span> <span class='ocrx_word' id='word_1_4' title='bbox 793 557 848 614; x_wconf 86' lang='lat' dir='ltr'>An.</span> <span class='ocrx_word' id='word_1_5' title='bbox 873 553 961 633; x_wconf 77' lang='lat'><em>1318.</em></span> <span class='ocrx_word' id='word_1_6' title='bbox 1338 576 1378 634; x_wconf 79' lang='lat'>93</span> 
     </span>
    </p>
   </div>
   <div class='ocr_carea' id='block_1_2' title="bbox 540 663 765 670">
    <p class='ocr_par' dir='ltr' id='par_1_2' title="bbox 540 663 765 670">
     <span class='ocr_line' id='line_1_2' title="bbox 540 663 765 670; baseline 0 0"><span class='ocrx_word' id='word_1_7' title='bbox 540 663 765 670; x_wconf 67' lang='lat' dir='ltr'><em>n————-—--—</em></span> 
     </span>
    </p>
   </div>
   <div class='ocr_carea' id='block_1_3' title="bbox 136 757 1382 2210">
    <p class='ocr_par' dir='ltr' id='par_1_3' title="bbox 136 757 1382 2210">
     <span class='ocr_line' id='line_1_3' title="bbox 136 757 1379 832; baseline -0.002 -15"><span class='ocrx_word' id='word_1_8' title='bbox 136 765 161 818; x_wconf 90' lang='lat' dir='ltr'>et</span> <span class='ocrx_word' id='word_1_9' title='bbox 178 765 272 818; x_wconf 85' lang='lat' dir='ltr'>nostro</span> <span class='ocrx_word' id='word_1_10' title='bbox 294 759 493 832; x_wconf 87' lang='lat' dir='ltr'>dignaremur</span> <span class='ocrx_word' id='word_1_11' title='bbox 525 758 691 832; x_wconf 89' lang='lat' dir='ltr'>privilegio</span> <span class='ocrx_word' id='word_1_12' title='bbox 722 757 913 816; x_wconf 84' lang='lat' dir='ltr'>confirmare.</span> <span class='ocrx_word' id='word_1_13' title='bbox 945 759 1085 831; x_wconf 72' lang='lat' dir='ltr'>Quarum</span> <span class='ocrx_word' id='word_1_14' title='bbox 1114 763 1201 816; x_wconf 89' lang='lat' dir='ltr'>tenor</span> <span class='ocrx_word' id='word_1_15' title='bbox 1224 757 1295 815; x_wconf 88' lang='lat' dir='ltr'>talis</span> <span class='ocrx_word' id='word_1_16' title='bbox 1318 765 1379 814; x_wconf 90' lang='lat' dir='ltr'>est:</span> 
     </span>
     <span class='ocr_line' id='line_1_4' title="bbox 138 855 1381 942; baseline -0.002 -19"><span class='ocrx_word' id='word_1_17' title='bbox 138 860 261 942; x_wconf 83' lang='lat' dir='ltr'>(ridor.</span> <span class='ocrx_word' id='word_1_18' title='bbox 284 865 332 938; x_wconf 75' lang='lat'>98.</span> <span class='ocrx_word' id='word_1_19' title='bbox 356 864 395 922; x_wconf 89' lang='lat' dir='ltr'>de</span> <span class='ocrx_word' id='word_1_20' title='bbox 417 880 497 922; x_wconf 91' lang='lat' dir='ltr'>anno</span> <span class='ocrx_word' id='word_1_21' title='bbox 525 879 616 938; x_wconf 83' lang='lat'>1310,</span> <span class='ocrx_word' id='word_1_22' title='bbox 644 877 689 937; x_wconf 82' lang='lat'>13·</span> <span class='ocrx_word' id='word_1_23' title='bbox 714 855 866 939; x_wconf 89' lang='lat' dir='ltr'>januarii).</span> <span class='ocrx_word' id='word_1_24' title='bbox 890 862 953 920; x_wconf 93' lang='lat' dir='ltr'>Nos</span> <span class='ocrx_word' id='word_1_25' title='bbox 978 865 1081 937; x_wconf 88' lang='lat' dir='ltr'>itaque</span> <span class='ocrx_word' id='word_1_26' title='bbox 1099 865 1302 938; x_wconf 85' lang='lat' dir='ltr'>peticionibus</span> <span class='ocrx_word' id='word_1_27' title='bbox 1318 863 1381 921; x_wconf 86' lang='lat' dir='ltr'>dic·</span> 
     </span>
     <span class='ocr_line' id='line_1_5' title="bbox 138 969 1381 1044; baseline -0.002 -16"><span class='ocrx_word' id='word_1_28' title='bbox 138 979 224 1029; x_wconf 88' lang='lat' dir='ltr'>torum</span> <span class='ocrx_word' id='word_1_29' title='bbox 244 971 355 1028; x_wconf 83' lang='lat' dir='ltr'>civium</span> <span class='ocrx_word' id='word_1_30' title='bbox 378 971 465 1043; x_wconf 92' lang='lat' dir='ltr'>regio</span> <span class='ocrx_word' id='word_1_31' title='bbox 488 971 625 1028; x_wconf 89' lang='lat' dir='ltr'>inclinati</span> <span class='ocrx_word' id='word_1_32' title='bbox 648 985 718 1027; x_wconf 92' lang='lat' dir='ltr'>cum</span> <span class='ocrx_word' id='word_1_33' title='bbox 744 969 851 1027; x_wconf 83' lang='lat' dir='ltr'>favore</span> <span class='ocrx_word' id='word_1_34' title='bbox 878 975 908 1026; x_wconf 91' lang='lat' dir='ltr'>et</span> <span class='ocrx_word' id='word_1_35' title='bbox 938 970 1021 1042; x_wconf 93' lang='lat' dir='ltr'>ipsos</span> <span class='ocrx_word' id='word_1_36' title='bbox 1045 971 1074 1027; x_wconf 92' lang='lat' dir='ltr'>in</span> <span class='ocrx_word' id='word_1_37' title='bbox 1099 969 1238 1044; x_wconf 88' lang='lat' dir='ltr'>predicta</span> <span class='ocrx_word' id='word_1_38' title='bbox 1262 984 1381 1042; x_wconf 89' lang='lat' dir='ltr'>posses·</span> 
     </span>
     <span class='ocr_line' id='line_1_6' title="bbox 137 1073 1381 1150; baseline -0.002 -16"><span class='ocrx_word' id='word_1_39' title='bbox 137 1079 209 1136; x_wconf 84' lang='lat' dir='ltr'>sione</span> <span class='ocrx_word' id='word_1_40' title='bbox 227 1077 345 1148; x_wconf 84' lang='lat' dir='ltr'>Kobyla</span> <span class='ocrx_word' id='word_1_41' title='bbox 368 1081 503 1146; x_wconf 87' lang='lat' dir='ltr'>eatenus,</span> <span class='ocrx_word' id='word_1_42' title='bbox 527 1081 678 1150; x_wconf 91' lang='lat' dir='ltr'>quatenus</span> <span class='ocrx_word' id='word_1_43' title='bbox 694 1075 824 1134; x_wconf 88' lang='lat' dir='ltr'>eandem</span> <span class='ocrx_word' id='word_1_44' title='bbox 848 1090 865 1132; x_wconf 92' lang='lat' dir='ltr'>a</span> <span class='ocrx_word' id='word_1_45' title='bbox 889 1074 1009 1148; x_wconf 84' lang='lat' dir='ltr'>prefato</span> <span class='ocrx_word' id='word_1_46' title='bbox 1024 1091 1096 1148; x_wconf 90' lang='lat' dir='ltr'>rege</span> <span class='ocrx_word' id='word_1_47' title='bbox 1116 1074 1269 1144; x_wconf 88' lang='lat' dir='ltr'>Ladizlao,</span> <span class='ocrx_word' id='word_1_48' title='bbox 1287 1073 1381 1132; x_wconf 80' lang='lat' dir='ltr'>fratre</span> 
     </span>
     <span class='ocr_line' id='line_1_7' title="bbox 137 1181 1381 1256; baseline -0.004 -15"><span class='ocrx_word' id='word_1_49' title='bbox 137 1189 227 1241; x_wconf 89' lang='lat' dir='ltr'>nostro</span> <span class='ocrx_word' id='word_1_50' title='bbox 247 1183 412 1254; x_wconf 83' lang='lat' dir='ltr'>carissimo,</span> <span class='ocrx_word' id='word_1_51' title='bbox 434 1183 603 1256; x_wconf 83' lang='lat' dir='ltr'>optinuisse</span> <span class='ocrx_word' id='word_1_52' title='bbox 627 1187 656 1239; x_wconf 91' lang='lat' dir='ltr'>et</span> <span class='ocrx_word' id='word_1_53' title='bbox 687 1181 832 1239; x_wconf 90' lang='lat' dir='ltr'>habuisse</span> <span class='ocrx_word' id='word_1_54' title='bbox 863 1181 1071 1252; x_wconf 88' lang='lat' dir='ltr'>dinoscuntur,</span> <span class='ocrx_word' id='word_1_55' title='bbox 1096 1181 1287 1238; x_wconf 91' lang='lat' dir='ltr'>inmobiliter</span> <span class='ocrx_word' id='word_1_56' title='bbox 1311 1195 1381 1237; x_wconf 90' lang='lat' dir='ltr'>con-</span> 
     </span>
     <span class='ocr_line' id='line_1_8' title="bbox 137 1285 1381 1362; baseline -0.004 -15"><span class='ocrx_word' id='word_1_57' title='bbox 137 1305 243 1348; x_wconf 86' lang='lat' dir='ltr'>servare</span> <span class='ocrx_word' id='word_1_58' title='bbox 265 1289 462 1359; x_wconf 85' lang='lat' dir='ltr'>intendentes,</span> <span class='ocrx_word' id='word_1_59' title='bbox 487 1287 642 1362; x_wconf 88' lang='lat' dir='ltr'>predictas</span> <span class='ocrx_word' id='word_1_60' title='bbox 665 1287 784 1345; x_wconf 79' lang='lat' dir='ltr'>litteras</span> <span class='ocrx_word' id='word_1_61' title='bbox 807 1287 955 1361; x_wconf 81' lang='lat' dir='ltr'>Stephani</span> <span class='ocrx_word' id='word_1_62' title='bbox 979 1288 1051 1344; x_wconf 89' lang='lat' dir='ltr'>bani</span> <span class='ocrx_word' id='word_1_63' title='bbox 1075 1287 1113 1344; x_wconf 91' lang='lat' dir='ltr'>de</span> <span class='ocrx_word' id='word_1_64' title='bbox 1137 1288 1234 1344; x_wconf 85' lang='lat' dir='ltr'>verbo</span> <span class='ocrx_word' id='word_1_65' title='bbox 1258 1285 1295 1342; x_wconf 91' lang='lat' dir='ltr'>ad</span> <span class='ocrx_word' id='word_1_66' title='bbox 1313 1302 1381 1343; x_wconf 86' lang='lat' dir='ltr'>ver-</span> 
     </span>
     <span class='ocr_line' id='line_1_9' title="bbox 138 1376 1381 1468; baseline -0.002 -16"><span class='ocrx_word' id='word_1_67' title='bbox 138 1396 200 1452; x_wconf 89' lang='lat' dir='ltr'>bum</span> <span class='ocrx_word' id='word_1_68' title='bbox 222 1396 411 1468; x_wconf 85' lang='lat' dir='ltr'>presentibus</span> <span class='ocrx_word' id='word_1_69' title='bbox 435 1376 526 1452; x_wconf 90' lang='lat' dir='ltr'>inseri</span> <span class='ocrx_word' id='word_1_70' title='bbox 555 1392 709 1464; x_wconf 81' lang='lat' dir='ltr'>iacientes,</span> <span class='ocrx_word' id='word_1_71' title='bbox 740 1393 938 1464; x_wconf 86' lang='lat' dir='ltr'>ratificamus,</span> <span class='ocrx_word' id='word_1_72' title='bbox 961 1394 1175 1466; x_wconf 83' lang='lat' dir='ltr'>approbamus</span> <span class='ocrx_word' id='word_1_73' title='bbox 1198 1400 1227 1450; x_wconf 92' lang='lat' dir='ltr'>et</span> <span class='ocrx_word' id='word_1_74' title='bbox 1250 1394 1381 1450; x_wconf 89' lang='lat' dir='ltr'>auctori·</span> 
     </span>
     <span class='ocr_line' id='line_1_10' title="bbox 138 1499 1381 1575; baseline -0.002 -17"><span class='ocrx_word' id='word_1_75' title='bbox 138 1509 188 1558; x_wconf 89' lang='lat' dir='ltr'>tate</span> <span class='ocrx_word' id='word_1_76' title='bbox 208 1502 395 1575; x_wconf 89' lang='lat' dir='ltr'>presencium</span> <span class='ocrx_word' id='word_1_77' title='bbox 419 1500 649 1564; x_wconf 76' lang='lat' dir='ltr'>confirmamus.</span> <span class='ocrx_word' id='word_1_78' title='bbox 674 1501 706 1558; x_wconf 91' lang='lat' dir='ltr'>ln</span> <span class='ocrx_word' id='word_1_79' title='bbox 737 1502 824 1558; x_wconf 89' lang='lat' dir='ltr'>cuius</span> <span class='ocrx_word' id='word_1_80' title='bbox 855 1501 899 1558; x_wconf 93' lang='lat' dir='ltr'>rei</span> <span class='ocrx_word' id='word_1_81' title='bbox 930 1499 1113 1557; x_wconf 88' lang='lat' dir='ltr'>memoriam</span> <span class='ocrx_word' id='word_1_82' title='bbox 1137 1507 1381 1573; x_wconf 86' lang='lat' dir='ltr'>perpetuamque</span> 
     </span>
     <span class='ocr_line' id='line_1_11' title="bbox 138 1605 1382 1683; baseline -0.003 -17"><span class='ocrx_word' id='word_1_83' title='bbox 138 1609 297 1666; x_wconf 86' lang='lat' dir='ltr'>firmitatem</span> <span class='ocrx_word' id='word_1_84' title='bbox 321 1615 478 1683; x_wconf 85' lang='lat' dir='ltr'>presentes</span> <span class='ocrx_word' id='word_1_85' title='bbox 501 1609 706 1666; x_wconf 91' lang='lat' dir='ltr'>concessimus</span> <span class='ocrx_word' id='word_1_86' title='bbox 731 1607 848 1666; x_wconf 86' lang='lat' dir='ltr'>litteras</span> <span class='ocrx_word' id='word_1_87' title='bbox 881 1607 1016 1680; x_wconf 88' lang='lat' dir='ltr'>duplicis</span> <span class='ocrx_word' id='word_1_88' title='bbox 1046 1605 1142 1678; x_wconf 88' lang='lat' dir='ltr'>sigilli</span> <span class='ocrx_word' id='word_1_89' title='bbox 1166 1606 1263 1664; x_wconf 90' lang='lat' dir='ltr'>nostri</span> <span class='ocrx_word' id='word_1_90' title='bbox 1284 1606 1382 1663; x_wconf 90' lang='lat' dir='ltr'>muni·</span> 
     </span>
     <span class='ocr_line' id='line_1_12' title="bbox 138 1711 1382 1795; baseline -0.002 -24"><span class='ocrx_word' id='word_1_91' title='bbox 138 1716 207 1772; x_wconf 91' lang='lat' dir='ltr'>mine</span> <span class='ocrx_word' id='word_1_92' title='bbox 227 1712 389 1772; x_wconf 86' lang='lat' dir='ltr'>roboratas.</span> <span class='ocrx_word' id='word_1_93' title='bbox 414 1714 529 1772; x_wconf 91' lang='lat' dir='ltr'>Datum</span> <span class='ocrx_word' id='word_1_94' title='bbox 555 1730 610 1786; x_wconf 91' lang='lat' dir='ltr'>per</span> <span class='ocrx_word' id='word_1_95' title='bbox 634 1730 743 1772; x_wconf 90' lang='lat' dir='ltr'>manus</span> <span class='ocrx_word' id='word_1_96' title='bbox 766 1713 890 1771; x_wconf 91' lang='lat' dir='ltr'>discreti</span> <span class='ocrx_word' id='word_1_97' title='bbox 914 1713 973 1772; x_wconf 83' lang='lat' dir='ltr'>uiri</span> <span class='ocrx_word' id='word_1_98' title='bbox 997 1713 1137 1784; x_wconf 83' lang='lat' dir='ltr'>magistri</span> <span class='ocrx_word' id='word_1_99' title='bbox 1160 1711 1316 1795; x_wconf 90' lang='lat' dir='ltr'>Johannis,</span> <span class='ocrx_word' id='word_1_100' title='bbox 1339 1711 1382 1769; x_wconf 90' lang='lat' dir='ltr'>al-</span> 
     </span>
     <span class='ocr_line' id='line_1_13' title="bbox 138 1817 1382 1894; baseline -0.003 -16"><span class='ocrx_word' id='word_1_101' title='bbox 138 1821 225 1878; x_wconf 87' lang='lat' dir='ltr'>bensis</span> <span class='ocrx_word' id='word_1_102' title='bbox 246 1821 370 1878; x_wconf 88' lang='lat' dir='ltr'>ecclesie</span> <span class='ocrx_word' id='word_1_103' title='bbox 395 1821 553 1894; x_wconf 86' lang='lat' dir='ltr'>prepositi,</span> <span class='ocrx_word' id='word_1_104' title='bbox 579 1820 649 1877; x_wconf 91' lang='lat' dir='ltr'>aule</span> <span class='ocrx_word' id='word_1_105' title='bbox 672 1825 776 1878; x_wconf 91' lang='lat' dir='ltr'>nostre</span> <span class='ocrx_word' id='word_1_106' title='bbox 803 1819 1057 1888; x_wconf 89' lang='lat' dir='ltr'>vicecancellarii,</span> <span class='ocrx_word' id='word_1_107' title='bbox 1081 1817 1289 1876; x_wconf 87' lang='lat' dir='ltr'>archidiaconi</span> <span class='ocrx_word' id='word_1_108' title='bbox 1310 1818 1382 1875; x_wconf 89' lang='lat' dir='ltr'>Kw-</span> 
     </span>
     <span class='ocr_line' id='line_1_14' title="bbox 137 1923 1382 1998; baseline 0 -16"><span class='ocrx_word' id='word_1_109' title='bbox 137 1925 288 1993; x_wconf 70' lang='lat' dir='ltr'>lolliensis</span> <span class='ocrx_word' id='word_1_110' title='bbox 312 1926 416 1984; x_wconf 91' lang='lat' dir='ltr'>dilecti</span> <span class='ocrx_word' id='word_1_111' title='bbox 441 1933 471 1982; x_wconf 93' lang='lat' dir='ltr'>et</span> <span class='ocrx_word' id='word_1_112' title='bbox 496 1925 598 1984; x_wconf 91' lang='lat' dir='ltr'>fidelis</span> <span class='ocrx_word' id='word_1_113' title='bbox 618 1927 722 1984; x_wconf 88' lang='lat' dir='ltr'>nostri.</span> <span class='ocrx_word' id='word_1_114' title='bbox 741 1928 829 1983; x_wconf 85' lang='lat' dir='ltr'>Anno</span> <span class='ocrx_word' id='word_1_115' title='bbox 845 1925 962 1984; x_wconf 91' lang='lat' dir='ltr'>domini</span> <span class='ocrx_word' id='word_1_116' title='bbox 978 1923 1088 1982; x_wconf 89' lang='lat' dir='ltr'>MCCC</span> <span class='ocrx_word' id='word_1_117' title='bbox 1104 1924 1225 1982; x_wconf 88' lang='lat' dir='ltr'>decimo</span> <span class='ocrx_word' id='word_1_118' title='bbox 1241 1926 1382 1998; x_wconf 90' lang='lat' dir='ltr'>septimo.</span> 
     </span>
     <span class='ocr_line' id='line_1_15' title="bbox 137 2029 1382 2103; baseline -0.001 -16"><span class='ocrx_word' id='word_1_119' title='bbox 137 2029 177 2087; x_wconf 88' lang='lat' dir='ltr'>Ill.</span> <span class='ocrx_word' id='word_1_120' title='bbox 207 2031 347 2089; x_wconf 86' lang='lat' dir='ltr'>kalendas</span> <span class='ocrx_word' id='word_1_121' title='bbox 379 2031 561 2090; x_wconf 89' lang='lat' dir='ltr'>decembris.</span> <span class='ocrx_word' id='word_1_122' title='bbox 593 2032 690 2103; x_wconf 85' lang='lat' dir='ltr'>Regni</span> <span class='ocrx_word' id='word_1_123' title='bbox 721 2037 826 2089; x_wconf 90' lang='lat' dir='ltr'>autem</span> <span class='ocrx_word' id='word_1_124' title='bbox 856 2032 954 2088; x_wconf 90' lang='lat' dir='ltr'>nostri</span> <span class='ocrx_word' id='word_1_125' title='bbox 984 2046 1064 2088; x_wconf 92' lang='lat' dir='ltr'>anno</span> <span class='ocrx_word' id='word_1_126' title='bbox 1095 2029 1238 2088; x_wconf 91' lang='lat' dir='ltr'>similiter</span> <span class='ocrx_word' id='word_1_127' title='bbox 1261 2029 1382 2087; x_wconf 89' lang='lat' dir='ltr'>decimo</span> 
     </span>
     <span class='ocr_line' id='line_1_16' title="bbox 138 2138 262 2210; baseline 0 -16"><span class='ocrx_word' id='word_1_128' title='bbox 138 2138 262 2210; x_wconf 86' lang='lat' dir='ltr'>septimo.</span> 
     </span>
    </p>
   </div>
   <div class='ocr_carea' id='block_1_4' title="bbox 137 2269 1385 2424">
    <p class='ocr_par' dir='ltr' id='par_1_4' title="bbox 137 2269 1385 2424">
     <span class='ocr_line' id='line_1_17' title="bbox 212 2269 1385 2336; baseline -0.002 -15"><span class='ocrx_word' id='word_1_129' title='bbox 212 2272 346 2336; x_wconf 85' lang='lat' dir='ltr'>Originale</span> <span class='ocrx_word' id='word_1_130' title='bbox 366 2271 394 2321; x_wconf 90' lang='lat' dir='ltr'>in</span> <span class='ocrx_word' id='word_1_131' title='bbox 412 2271 570 2328; x_wconf 88' lang='lat' dir='ltr'>membrana,</span> <span class='ocrx_word' id='word_1_132' title='bbox 590 2271 710 2336; x_wconf 83' lang='lat' dir='ltr'>sigillum</span> <span class='ocrx_word' id='word_1_133' title='bbox 730 2287 744 2320; x_wconf 87' lang='lat' dir='ltr'>e</span> <span class='ocrx_word' id='word_1_134' title='bbox 763 2287 848 2322; x_wconf 88' lang='lat' dir='ltr'>crassa</span> <span class='ocrx_word' id='word_1_135' title='bbox 869 2271 950 2320; x_wconf 87' lang='lat' dir='ltr'>viridi</span> <span class='ocrx_word' id='word_1_136' title='bbox 970 2287 1041 2328; x_wconf 88' lang='lat' dir='ltr'>zona,</span> <span class='ocrx_word' id='word_1_137' title='bbox 1064 2271 1201 2336; x_wconf 85' lang='lat' dir='ltr'>pendebat.</span> <span class='ocrx_word' id='word_1_138' title='bbox 1223 2269 1253 2319; x_wconf 93' lang='lat' dir='ltr'>ln</span> <span class='ocrx_word' id='word_1_139' title='bbox 1276 2269 1385 2320; x_wconf 81' lang='lat' dir='ltr'>archivo</span> 
     </span>
     <span class='ocr_line' id='line_1_18' title="bbox 137 2358 583 2424; baseline 0.016 -18"><span class='ocrx_word' id='word_1_140' title='bbox 137 2358 176 2408; x_wconf 92' lang='lat' dir='ltr'>lib.</span> <span class='ocrx_word' id='word_1_141' title='bbox 193 2375 243 2424; x_wconf 85' lang='lat' dir='ltr'>reg.</span> <span class='ocrx_word' id='word_1_142' title='bbox 263 2360 379 2410; x_wconf 79' lang='lat' dir='ltr'>ciuitatis</span> <span class='ocrx_word' id='word_1_143' title='bbox 397 2360 583 2424; x_wconf 82' lang='lat' dir='ltr'>zagrabiensis.</span> 
     </span>
    </p>
   </div>
   <div class='ocr_carea' id='block_1_5' title="bbox 710 2626 797 2692">
    <p class='ocr_par' dir='ltr' id='par_1_5' title="bbox 710 2626 797 2692">
     <span class='ocr_line' id='line_1_19' title="bbox 710 2626 797 2692; baseline 0 0"><span class='ocrx_word' id='word_1_144' title='bbox 710 2626 797 2692; x_wconf 81' lang='lat'>108.</span> 
     </span>
    </p>
   </div>
   <div class='ocr_carea' id='block_1_6' title="bbox 230 2714 558 2779">
    <p class='ocr_par' dir='ltr' id='par_1_6' title="bbox 230 2714 558 2779">
     <span class='ocr_line' id='line_1_20' title="bbox 230 2714 558 2779; baseline 0.006 -17"><span class='ocrx_word' id='word_1_145' title='bbox 230 2715 302 2762; x_wconf 71' lang='lat' dir='ltr'>¹duno</span> <span class='ocrx_word' id='word_1_146' title='bbox 325 2714 398 2771; x_wconf 78' lang='lat'>1318.</span> <span class='ocrx_word' id='word_1_147' title='bbox 419 2715 458 2764; x_wconf 77' lang='lat'>28.</span> <span class='ocrx_word' id='word_1_148' title='bbox 478 2714 558 2779; x_wconf 89' lang='lat' dir='ltr'>Junii.</span> 
     </span>
    </p>
   </div>
   <div class='ocr_carea' id='block_1_7' title="bbox 137 2819 1386 3111">
    <p class='ocr_par' dir='ltr' id='par_1_7' title="bbox 137 2819 1386 3111">
     <span class='ocr_line' id='line_1_21' title="bbox 141 2819 1386 2898; baseline 0.003 -22"><span class='ocrx_word' id='word_1_149' title='bbox 141 2819 250 2878; x_wconf 81' lang='lat' dir='ltr'>Carolus</span> <span class='ocrx_word' id='word_1_150' title='bbox 272 2823 448 2894; x_wconf 76' lang='lat' dir='ltr'>Hungariae</span> <span class='ocrx_word' id='word_1_151' title='bbox 467 2831 514 2881; x_wconf 76' lang='lat' dir='ltr'>etc.</span> <span class='ocrx_word' id='word_1_152' title='bbox 539 2843 593 2880; x_wconf 87' lang='lat' dir='ltr'>rex</span> <span class='ocrx_word' id='word_1_153' title='bbox 616 2824 752 2881; x_wconf 76' lang='lat' dir='ltr'>trr&#39;lmtum</span> <span class='ocrx_word' id='word_1_154' title='bbox 780 2825 810 2880; x_wconf 82' lang='lat' dir='ltr'>in</span> <span class='ocrx_word' id='word_1_155' title='bbox 826 2825 899 2898; x_wconf 81' lang='lat' dir='ltr'>foro</span> <span class='ocrx_word' id='word_1_156' title='bbox 921 2825 1046 2882; x_wconf 75' lang='lat' dir='ltr'>civitatis</span> <span class='ocrx_word' id='word_1_157' title='bbox 1076 2824 1245 2882; x_wconf 78' lang='lat' dir='ltr'>Grechmsis</span> <span class='ocrx_word' id='word_1_158' title='bbox 1268 2843 1287 2880; x_wconf 88' lang='lat' dir='ltr'>a</span> <span class='ocrx_word' id='word_1_159' title='bbox 1310 2826 1386 2898; x_wconf 73' lang='lat' dir='ltr'>capi-</span> 
     </span>
     <span class='ocr_line' id='line_1_22' title="bbox 137 2926 1386 3004; baseline 0.002 -22"><span class='ocrx_word' id='word_1_160' title='bbox 137 2927 188 2982; x_wconf 82' lang='lat' dir='ltr'>tulo</span> <span class='ocrx_word' id='word_1_161' title='bbox 208 2926 384 3000; x_wconf 65' lang='lat' dir='ltr'>(aagendam,</span> <span class='ocrx_word' id='word_1_162' title='bbox 407 2937 536 3003; x_wconf 78' lang='lat' dir='ltr'>exempta</span> <span class='ocrx_word' id='word_1_163' title='bbox 560 2932 701 2988; x_wconf 74' lang='lat' dir='ltr'>tricesima</span> <span class='ocrx_word' id='word_1_164' title='bbox 729 2931 846 3002; x_wconf 81' lang='lat' dir='ltr'>reginae</span> <span class='ocrx_word' id='word_1_165' title='bbox 876 2937 1049 3003; x_wconf 74' lang='lat' dir='ltr'>competente,</span> <span class='ocrx_word' id='word_1_166' title='bbox 1083 2931 1169 2987; x_wconf 80' lang='lat' dir='ltr'>eidem</span> <span class='ocrx_word' id='word_1_167' title='bbox 1193 2931 1223 2986; x_wconf 83' lang='lat' dir='ltr'>t&#39;n</span> <span class='ocrx_word' id='word_1_168' title='bbox 1243 2938 1386 3004; x_wconf 80' lang='lat' dir='ltr'>posterum</span> 
     </span>
     <span class='ocr_line' id='line_1_23' title="bbox 671 3037 829 3111; baseline -0.013 -17"><span class='ocrx_word' id='word_1_169' title='bbox 671 3037 829 3111; x_wconf 82' lang='lat' dir='ltr'>coufirmat.</span> 
     </span>
    </p>
   </div>
   <div class='ocr_carea' id='block_1_8' title="bbox 138 3190 1389 5073">
    <p class='ocr_par' dir='ltr' id='par_1_8' title="bbox 138 3190 1389 5073">
     <span class='ocr_line' id='line_1_24' title="bbox 215 3190 1388 3276; baseline 0.004 -25"><span class='ocrx_word' id='word_1_170' title='bbox 215 3195 346 3253; x_wconf 88' lang='lat' dir='ltr'>Karolus</span> <span class='ocrx_word' id='word_1_171' title='bbox 359 3196 408 3254; x_wconf 91' lang='lat' dir='ltr'>dei</span> <span class='ocrx_word' id='word_1_172' title='bbox 423 3198 526 3269; x_wconf 85' lang='lat' dir='ltr'>gracia</span> <span class='ocrx_word' id='word_1_173' title='bbox 540 3197 705 3270; x_wconf 89' lang='lat' dir='ltr'>ilungarie,</span> <span class='ocrx_word' id='word_1_174' title='bbox 719 3197 887 3266; x_wconf 90' lang='lat' dir='ltr'>Dalmacie,</span> <span class='ocrx_word' id='word_1_175' title='bbox 901 3197 1036 3267; x_wconf 89' lang='lat' dir='ltr'>Croacie,</span> <span class='ocrx_word' id='word_1_176' title='bbox 1049 3190 1170 3276; x_wconf 85' lang='lat' dir='ltr'>(Rame)</span> <span class='ocrx_word' id='word_1_177' title='bbox 1184 3196 1299 3266; x_wconf 91' lang='lat' dir='ltr'>Seruic,</span> <span class='ocrx_word' id='word_1_178' title='bbox 1314 3198 1388 3256; x_wconf 90' lang='lat' dir='ltr'>Gal·</span> 
     </span>
     <span class='ocr_line' id='line_1_25' title="bbox 139 3298 1387 3376; baseline 0.005 -21"><span class='ocrx_word' id='word_1_179' title='bbox 139 3298 205 3370; x_wconf 89' lang='lat' dir='ltr'>licie,</span> <span class='ocrx_word' id='word_1_180' title='bbox 217 3301 405 3374; x_wconf 89' lang='lat' dir='ltr'>Lodomerie,</span> <span class='ocrx_word' id='word_1_181' title='bbox 422 3302 571 3360; x_wconf 90' lang='lat' dir='ltr'>Cumanie</span> <span class='ocrx_word' id='word_1_182' title='bbox 588 3303 792 3376; x_wconf 87' lang='lat' dir='ltr'>Bulgarieque</span> <span class='ocrx_word' id='word_1_183' title='bbox 804 3319 868 3372; x_wconf 87' lang='lat' dir='ltr'>rex,</span> <span class='ocrx_word' id='word_1_184' title='bbox 881 3303 911 3360; x_wconf 95' lang='lat' dir='ltr'>in</span> <span class='ocrx_word' id='word_1_185' title='bbox 927 3308 1120 3376; x_wconf 90' lang='lat' dir='ltr'>perpetuum.</span> <span class='ocrx_word' id='word_1_186' title='bbox 1135 3303 1189 3360; x_wconf 89' lang='lat' dir='ltr'>Rei</span> <span class='ocrx_word' id='word_1_187' title='bbox 1204 3305 1387 3362; x_wconf 92' lang='lat' dir='ltr'>memoriam</span> 
     </span>
     <span class='ocr_line' id='line_1_26' title="bbox 138 3403 1386 3484; baseline 0.006 -23"><span class='ocrx_word' id='word_1_188' title='bbox 138 3403 253 3477; x_wconf 89' lang='lat' dir='ltr'>dignum</span> <span class='ocrx_word' id='word_1_189' title='bbox 277 3415 375 3466; x_wconf 91' lang='lat' dir='ltr'>estet</span> <span class='ocrx_word' id='word_1_190' title='bbox 399 3409 514 3466; x_wconf 90' lang='lat' dir='ltr'>racioni</span> <span class='ocrx_word' id='word_1_191' title='bbox 537 3411 688 3480; x_wconf 87' lang='lat' dir='ltr'>convenit,</span> <span class='ocrx_word' id='word_1_192' title='bbox 712 3424 747 3466; x_wconf 92' lang='lat' dir='ltr'>ea</span> <span class='ocrx_word' id='word_1_193' title='bbox 771 3425 830 3482; x_wconf 90' lang='lat' dir='ltr'>que</span> <span class='ocrx_word' id='word_1_194' title='bbox 853 3409 1003 3481; x_wconf 89' lang='lat' dir='ltr'>legittime</span> <span class='ocrx_word' id='word_1_195' title='bbox 1027 3410 1190 3467; x_wconf 87' lang='lat' dir='ltr'>constituta</span> <span class='ocrx_word' id='word_1_196' title='bbox 1215 3417 1292 3480; x_wconf 88' lang='lat' dir='ltr'>sunt,</span> <span class='ocrx_word' id='word_1_197' title='bbox 1309 3411 1386 3484; x_wconf 89' lang='lat' dir='ltr'>regii</span> 
     </span>
     <span class='ocr_line' id='line_1_27' title="bbox 140 3509 1388 3590; baseline 0.005 -23"><span class='ocrx_word' id='word_1_198' title='bbox 140 3509 244 3571; x_wconf 85' lang='lat' dir='ltr'>favoris</span> <span class='ocrx_word' id='word_1_199' title='bbox 274 3516 444 3573; x_wconf 89' lang='lat' dir='ltr'>munimine</span> <span class='ocrx_word' id='word_1_200' title='bbox 471 3517 621 3588; x_wconf 89' lang='lat' dir='ltr'>roborari,</span> <span class='ocrx_word' id='word_1_201' title='bbox 649 3517 784 3574; x_wconf 83' lang='lat' dir='ltr'>maxime</span> <span class='ocrx_word' id='word_1_202' title='bbox 816 3532 876 3589; x_wconf 91' lang='lat' dir='ltr'>que</span> <span class='ocrx_word' id='word_1_203' title='bbox 899 3517 1006 3574; x_wconf 90' lang='lat' dir='ltr'>divino</span> <span class='ocrx_word' id='word_1_204' title='bbox 1029 3517 1127 3574; x_wconf 91' lang='lat' dir='ltr'>cultui</span> <span class='ocrx_word' id='word_1_205' title='bbox 1150 3515 1294 3573; x_wconf 89' lang='lat' dir='ltr'>videntur</span> <span class='ocrx_word' id='word_1_206' title='bbox 1318 3532 1388 3590; x_wconf 93' lang='lat' dir='ltr'>pro-</span> 
     </span>
     <span class='ocr_line' id='line_1_28' title="bbox 138 3617 1388 3695; baseline 0.005 -22"><span class='ocrx_word' id='word_1_207' title='bbox 138 3617 227 3690; x_wconf 85' lang='lat' dir='ltr'>ficere,</span> <span class='ocrx_word' id='word_1_208' title='bbox 250 3623 298 3678; x_wconf 95' lang='lat' dir='ltr'>cui</span> <span class='ocrx_word' id='word_1_209' title='bbox 324 3637 380 3679; x_wconf 93' lang='lat' dir='ltr'>nos</span> <span class='ocrx_word' id='word_1_210' title='bbox 403 3638 440 3680; x_wconf 91' lang='lat' dir='ltr'>eo</span> <span class='ocrx_word' id='word_1_211' title='bbox 463 3623 562 3695; x_wconf 91' lang='lat' dir='ltr'>magis</span> <span class='ocrx_word' id='word_1_212' title='bbox 586 3622 741 3680; x_wconf 90' lang='lat' dir='ltr'>debitores</span> <span class='ocrx_word' id='word_1_213' title='bbox 757 3621 922 3693; x_wconf 72' lang='lat' dir='ltr'>credimus</span> <span class='ocrx_word' id='word_1_214' title='bbox 943 3637 1004 3694; x_wconf 88' lang='lat' dir='ltr'>quo</span> <span class='ocrx_word' id='word_1_215' title='bbox 1021 3623 1102 3680; x_wconf 89' lang='lat' dir='ltr'>bona</span> <span class='ocrx_word' id='word_1_216' title='bbox 1119 3622 1222 3679; x_wconf 92' lang='lat' dir='ltr'>omnia</span> <span class='ocrx_word' id='word_1_217' title='bbox 1238 3621 1276 3678; x_wconf 92' lang='lat' dir='ltr'>de</span> <span class='ocrx_word' id='word_1_218' title='bbox 1293 3623 1388 3694; x_wconf 88' lang='lat' dir='ltr'>ipsius</span> 
     </span>
     <span class='ocr_line' id='line_1_29' title="bbox 140 3722 1388 3802; baseline 0.006 -24"><span class='ocrx_word' id='word_1_219' title='bbox 140 3722 266 3796; x_wconf 83' lang='lat' dir='ltr'>largitlua</span> <span class='ocrx_word' id='word_1_220' title='bbox 281 3727 495 3786; x_wconf 87' lang='lat' dir='ltr'>benivolencia</span> <span class='ocrx_word' id='word_1_221' title='bbox 511 3729 725 3786; x_wconf 90' lang='lat' dir='ltr'>connoscimus</span> <span class='ocrx_word' id='word_1_222' title='bbox 741 3729 923 3802; x_wconf 90' lang='lat' dir='ltr'>percepisse.</span> <span class='ocrx_word' id='word_1_223' title='bbox 939 3727 1019 3787; x_wconf 89' lang='lat' dir='ltr'>Sane</span> <span class='ocrx_word' id='word_1_224' title='bbox 1031 3727 1236 3786; x_wconf 89' lang='lat' dir='ltr'>discretorum</span> <span class='ocrx_word' id='word_1_225' title='bbox 1249 3727 1388 3786; x_wconf 88' lang='lat' dir='ltr'>virorum</span> 
     </span>
     <span class='ocr_line' id='line_1_30' title="bbox 139 3833 1388 3908; baseline 0.005 -23"><span class='ocrx_word' id='word_1_226' title='bbox 139 3833 330 3902; x_wconf 88' lang='lat' dir='ltr'>zagrabiensis</span> <span class='ocrx_word' id='word_1_227' title='bbox 354 3835 481 3908; x_wconf 92' lang='lat' dir='ltr'>capituli</span> <span class='ocrx_word' id='word_1_228' title='bbox 506 3834 692 3892; x_wconf 89' lang='lat' dir='ltr'>dilectorum</span> <span class='ocrx_word' id='word_1_229' title='bbox 716 3841 745 3892; x_wconf 93' lang='lat' dir='ltr'>et</span> <span class='ocrx_word' id='word_1_230' title='bbox 773 3833 914 3891; x_wconf 88' lang='lat' dir='ltr'>fidelium</span> <span class='ocrx_word' id='word_1_231' title='bbox 938 3840 1115 3892; x_wconf 88' lang='lat' dir='ltr'>nostrorum</span> <span class='ocrx_word' id='word_1_232' title='bbox 1138 3833 1276 3891; x_wconf 88' lang='lat' dir='ltr'>exhibita</span> <span class='ocrx_word' id='word_1_233' title='bbox 1299 3835 1388 3892; x_wconf 94' lang='lat' dir='ltr'>nobis</span> 
     </span>
     <span class='ocr_line' id='line_1_31' title="bbox 139 3938 1388 4014; baseline 0.002 -21"><span class='ocrx_word' id='word_1_234' title='bbox 139 3938 240 4007; x_wconf 89' lang='lat' dir='ltr'>peticio</span> <span class='ocrx_word' id='word_1_235' title='bbox 262 3941 446 4008; x_wconf 86' lang='lat' dir='ltr'>continebat,</span> <span class='ocrx_word' id='word_1_236' title='bbox 469 3941 551 4014; x_wconf 93' lang='lat' dir='ltr'>quod</span> <span class='ocrx_word' id='word_1_237' title='bbox 577 3956 647 3998; x_wconf 92' lang='lat' dir='ltr'>cum</span> <span class='ocrx_word' id='word_1_238' title='bbox 672 3941 732 4014; x_wconf 90' lang='lat' dir='ltr'>ipsi</span> <span class='ocrx_word' id='word_1_239' title='bbox 754 3941 862 3998; x_wconf 90' lang='lat' dir='ltr'>tributi</span> <span class='ocrx_word' id='word_1_240' title='bbox 887 3939 945 3998; x_wconf 88' lang='lat' dir='ltr'>lori</span> <span class='ocrx_word' id='word_1_241' title='bbox 969 3941 1064 3998; x_wconf 90' lang='lat' dir='ltr'>nostri</span> <span class='ocrx_word' id='word_1_242' title='bbox 1088 3940 1202 3997; x_wconf 92' lang='lat' dir='ltr'>montis</span> <span class='ocrx_word' id='word_1_243' title='bbox 1218 3939 1388 4004; x_wconf 89' lang='lat' dir='ltr'>Grecensis.</span> 
     </span>
     <span class='ocr_line' id='line_1_32' title="bbox 138 4041 1389 4122; baseline 0.003 -24"><span class='ocrx_word' id='word_1_244' title='bbox 138 4041 205 4100; x_wconf 92' lang='lat' dir='ltr'>duas</span> <span class='ocrx_word' id='word_1_245' title='bbox 227 4051 328 4118; x_wconf 87' lang='lat' dir='ltr'>partes</span> <span class='ocrx_word' id='word_1_246' title='bbox 351 4048 392 4104; x_wconf 93' lang='lat' dir='ltr'>ab</span> <span class='ocrx_word' id='word_1_247' title='bbox 429 4063 464 4104; x_wconf 88' lang='lat' dir='ltr'>eo</span> <span class='ocrx_word' id='word_1_248' title='bbox 496 4055 635 4122; x_wconf 88' lang='lat' dir='ltr'>tempore</span> <span class='ocrx_word' id='word_1_249' title='bbox 670 4048 756 4104; x_wconf 91' lang='lat' dir='ltr'>cuius</span> <span class='ocrx_word' id='word_1_250' title='bbox 787 4062 847 4104; x_wconf 92' lang='lat' dir='ltr'>non</span> <span class='ocrx_word' id='word_1_251' title='bbox 875 4051 957 4102; x_wconf 87' lang='lat' dir='ltr'>extat</span> <span class='ocrx_word' id='word_1_252' title='bbox 981 4046 1139 4116; x_wconf 90' lang='lat' dir='ltr'>memoria,</span> <span class='ocrx_word' id='word_1_253' title='bbox 1164 4045 1291 4102; x_wconf 90' lang='lat' dir='ltr'>terciam</span> <span class='ocrx_word' id='word_1_254' title='bbox 1314 4061 1389 4102; x_wconf 84' lang='lat' dir='ltr'>vero</span> 
     </span>
     <span class='ocr_line' id='line_1_33' title="bbox 139 4151 1388 4226; baseline 0.002 -21"><span class='ocrx_word' id='word_1_255' title='bbox 139 4155 246 4220; x_wconf 90' lang='lat' dir='ltr'>partem</span> <span class='ocrx_word' id='word_1_256' title='bbox 268 4167 307 4208; x_wconf 86' lang='lat' dir='ltr'>ex</span> <span class='ocrx_word' id='word_1_257' title='bbox 330 4153 415 4224; x_wconf 90' lang='lat' dir='ltr'>regia</span> <span class='ocrx_word' id='word_1_258' title='bbox 439 4153 608 4212; x_wconf 86' lang='lat' dir='ltr'>collacione</span> <span class='ocrx_word' id='word_1_259' title='bbox 631 4153 831 4226; x_wconf 89' lang='lat' dir='ltr'>possederint,</span> <span class='ocrx_word' id='word_1_260' title='bbox 855 4157 885 4209; x_wconf 90' lang='lat' dir='ltr'>et</span> <span class='ocrx_word' id='word_1_261' title='bbox 908 4153 951 4209; x_wconf 90' lang='lat' dir='ltr'>sic</span> <span class='ocrx_word' id='word_1_262' title='bbox 975 4159 1074 4210; x_wconf 91' lang='lat' dir='ltr'>toturn</span> <span class='ocrx_word' id='word_1_263' title='bbox 1098 4151 1215 4209; x_wconf 91' lang='lat' dir='ltr'>dictum</span> <span class='ocrx_word' id='word_1_264' title='bbox 1236 4151 1388 4210; x_wconf 91' lang='lat' dir='ltr'>tributum</span> 
     </span>
     <span class='ocr_line' id='line_1_34' title="bbox 138 4257 1389 4334; baseline 0.003 -24"><span class='ocrx_word' id='word_1_265' title='bbox 138 4269 225 4327; x_wconf 91' lang='lat' dir='ltr'>usque</span> <span class='ocrx_word' id='word_1_266' title='bbox 247 4257 339 4316; x_wconf 91' lang='lat' dir='ltr'>hodie</span> <span class='ocrx_word' id='word_1_267' title='bbox 361 4259 427 4316; x_wconf 93' lang='lat' dir='ltr'>sine</span> <span class='ocrx_word' id='word_1_268' title='bbox 450 4259 694 4318; x_wconf 88' lang='lat' dir='ltr'>contradiccione</span> <span class='ocrx_word' id='word_1_269' title='bbox 718 4260 875 4334; x_wconf 91' lang='lat' dir='ltr'>optineant</span> <span class='ocrx_word' id='word_1_270' title='bbox 898 4257 1026 4333; x_wconf 84' lang='lat' dir='ltr'>pacifice</span> <span class='ocrx_word' id='word_1_271' title='bbox 1050 4265 1079 4316; x_wconf 93' lang='lat' dir='ltr'>et</span> <span class='ocrx_word' id='word_1_272' title='bbox 1103 4258 1213 4332; x_wconf 89' lang='lat' dir='ltr'>quiete,</span> <span class='ocrx_word' id='word_1_273' title='bbox 1239 4263 1389 4332; x_wconf 91' lang='lat' dir='ltr'>quatenus</span> 
     </span>
     <span class='ocr_line' id='line_1_35' title="bbox 139 4337 1388 4440; baseline 0.003 -23"><span class='ocrx_word' id='word_1_274' title='bbox 139 4337 236 4432; x_wconf 64' lang='lat' dir='ltr'>ipsum&#39;</span> <span class='ocrx_word' id='word_1_275' title='bbox 253 4363 404 4421; x_wconf 90' lang='lat' dir='ltr'>tributum</span> <span class='ocrx_word' id='word_1_276' title='bbox 427 4365 566 4440; x_wconf 88' lang='lat' dir='ltr'>predicto</span> <span class='ocrx_word' id='word_1_277' title='bbox 589 4367 726 4440; x_wconf 92' lang='lat' dir='ltr'>capitulo</span> <span class='ocrx_word' id='word_1_278' title='bbox 749 4371 841 4439; x_wconf 88' lang='lat' dir='ltr'>atque</span> <span class='ocrx_word' id='word_1_279' title='bbox 860 4365 1051 4437; x_wconf 89' lang='lat' dir='ltr'>zagrabiensi</span> <span class='ocrx_word' id='word_1_280' title='bbox 1075 4365 1213 4436; x_wconf 91' lang='lat' dir='ltr'>ecclesie,</span> <span class='ocrx_word' id='word_1_281' title='bbox 1229 4380 1267 4422; x_wconf 88' lang='lat' dir='ltr'>ne</span> <span class='ocrx_word' id='word_1_282' title='bbox 1283 4363 1388 4436; x_wconf 90' lang='lat' dir='ltr'>aliqua</span> 
     </span>
     <span class='ocr_line' id='line_1_36' title="bbox 140 4467 1389 4546; baseline 0.002 -23"><span class='ocrx_word' id='word_1_283' title='bbox 140 4467 226 4536; x_wconf 87' lang='lat' dir='ltr'>possit</span> <span class='ocrx_word' id='word_1_284' title='bbox 247 4469 290 4526; x_wconf 90' lang='lat' dir='ltr'>eis</span> <span class='ocrx_word' id='word_1_285' title='bbox 313 4470 343 4527; x_wconf 92' lang='lat' dir='ltr'>in</span> <span class='ocrx_word' id='word_1_286' title='bbox 368 4476 528 4544; x_wconf 92' lang='lat' dir='ltr'>posterum</span> <span class='ocrx_word' id='word_1_287' title='bbox 551 4473 660 4530; x_wconf 89' lang='lat' dir='ltr'>obesse</span> <span class='ocrx_word' id='word_1_288' title='bbox 683 4473 876 4546; x_wconf 84' lang='lat' dir='ltr'>improbitas,</span> <span class='ocrx_word' id='word_1_289' title='bbox 901 4470 1100 4543; x_wconf 90' lang='lat' dir='ltr'>dignaremur</span> <span class='ocrx_word' id='word_1_290' title='bbox 1123 4471 1282 4528; x_wconf 89' lang='lat' dir='ltr'>sanccione</span> <span class='ocrx_word' id='word_1_291' title='bbox 1305 4471 1389 4541; x_wconf 90' lang='lat' dir='ltr'>regia</span> 
     </span>
     <span class='ocr_line' id='line_1_37' title="bbox 141 4571 1388 4652; baseline 0.004 -25"><span class='ocrx_word' id='word_1_292' title='bbox 141 4571 318 4634; x_wconf 88' lang='lat' dir='ltr'>confirmare.</span> <span class='ocrx_word' id='word_1_293' title='bbox 349 4575 414 4634; x_wconf 92' lang='lat' dir='ltr'>Nos</span> <span class='ocrx_word' id='word_1_294' title='bbox 443 4578 537 4649; x_wconf 91' lang='lat' dir='ltr'>igitur</span> <span class='ocrx_word' id='word_1_295' title='bbox 567 4593 674 4636; x_wconf 92' lang='lat' dir='ltr'>eorum</span> <span class='ocrx_word' id='word_1_296' title='bbox 706 4579 850 4652; x_wconf 90' lang='lat' dir='ltr'>peticioni</span> <span class='ocrx_word' id='word_1_297' title='bbox 880 4583 969 4649; x_wconf 88' lang='lat' dir='ltr'>grato</span> <span class='ocrx_word' id='word_1_298' title='bbox 1006 4583 1220 4635; x_wconf 89' lang='lat' dir='ltr'>concurrentes</span> <span class='ocrx_word' id='word_1_299' title='bbox 1256 4592 1388 4646; x_wconf 86' lang='lat' dir='ltr'>assensu,</span> 
     </span>
     <span class='ocr_line' id='line_1_38' title="bbox 143 4676 1389 4756; baseline 0.006 -24"><span class='ocrx_word' id='word_1_300' title='bbox 143 4676 214 4735; x_wconf 88' lang='lat' dir='ltr'>idern</span> <span class='ocrx_word' id='word_1_301' title='bbox 244 4681 394 4740; x_wconf 89' lang='lat' dir='ltr'>tributum</span> <span class='ocrx_word' id='word_1_302' title='bbox 425 4682 485 4741; x_wconf 84' lang='lat' dir='ltr'>fori</span> <span class='ocrx_word' id='word_1_303' title='bbox 514 4685 627 4742; x_wconf 90' lang='lat' dir='ltr'>montis</span> <span class='ocrx_word' id='word_1_304' title='bbox 657 4685 828 4756; x_wconf 87' lang='lat' dir='ltr'>Grecensis,</span> <span class='ocrx_word' id='word_1_305' title='bbox 852 4683 935 4756; x_wconf 89' lang='lat' dir='ltr'>quod</span> <span class='ocrx_word' id='word_1_306' title='bbox 960 4683 990 4741; x_wconf 94' lang='lat' dir='ltr'>in</span> <span class='ocrx_word' id='word_1_307' title='bbox 1014 4700 1050 4742; x_wconf 89' lang='lat' dir='ltr'>eo</span> <span class='ocrx_word' id='word_1_308' title='bbox 1075 4683 1151 4752; x_wconf 91' lang='lat' dir='ltr'>loc0‚</span> <span class='ocrx_word' id='word_1_309' title='bbox 1175 4689 1278 4756; x_wconf 89' lang='lat' dir='ltr'>preter</span> <span class='ocrx_word' id='word_1_310' title='bbox 1302 4683 1389 4739; x_wconf 90' lang='lat' dir='ltr'>trice·</span> 
     </span>
     <span class='ocr_line' id='line_1_39' title="bbox 144 4781 1389 4862; baseline 0.008 -27"><span class='ocrx_word' id='word_1_311' title='bbox 144 4781 242 4841; x_wconf 89' lang='lat' dir='ltr'>simam</span> <span class='ocrx_word' id='word_1_312' title='bbox 272 4786 395 4844; x_wconf 93' lang='lat' dir='ltr'>domine</span> <span class='ocrx_word' id='word_1_313' title='bbox 426 4790 576 4848; x_wconf 90' lang='lat' dir='ltr'>consortis</span> <span class='ocrx_word' id='word_1_314' title='bbox 606 4796 709 4848; x_wconf 87' lang='lat' dir='ltr'>nostre</span> <span class='ocrx_word' id='word_1_315' title='bbox 726 4791 841 4847; x_wconf 51' lang='lat' dir='ltr'>¹solum</span> <span class='ocrx_word' id='word_1_316' title='bbox 873 4805 938 4847; x_wconf 89' lang='lat' dir='ltr'>esse</span> <span class='ocrx_word' id='word_1_317' title='bbox 969 4789 1138 4846; x_wconf 91' lang='lat' dir='ltr'>dinoscitur</span> <span class='ocrx_word' id='word_1_318' title='bbox 1170 4789 1229 4862; x_wconf 90' lang='lat' dir='ltr'>ipsi</span> <span class='ocrx_word' id='word_1_319' title='bbox 1253 4789 1389 4861; x_wconf 94' lang='lat' dir='ltr'>capitulo</span> 
     </span>
     <span class='ocr_line' id='line_1_40' title="bbox 146 4887 1389 4970; baseline 0.009 -29"><span class='ocrx_word' id='word_1_320' title='bbox 146 4887 315 4959; x_wconf 82' lang='lat' dir='ltr'>exigendum</span> <span class='ocrx_word' id='word_1_321' title='bbox 336 4899 366 4949; x_wconf 91' lang='lat' dir='ltr'>et</span> <span class='ocrx_word' id='word_1_322' title='bbox 389 4894 610 4966; x_wconf 89' lang='lat' dir='ltr'>possidendum</span> <span class='ocrx_word' id='word_1_323' title='bbox 633 4910 669 4952; x_wconf 91' lang='lat' dir='ltr'>eo</span> <span class='ocrx_word' id='word_1_324' title='bbox 708 4895 802 4953; x_wconf 93' lang='lat' dir='ltr'>modo</span> <span class='ocrx_word' id='word_1_325' title='bbox 834 4911 896 4968; x_wconf 91' lang='lat' dir='ltr'>quo</span> <span class='ocrx_word' id='word_1_326' title='bbox 920 4911 1095 4970; x_wconf 88' lang='lat' dir='ltr'>possessum</span> <span class='ocrx_word' id='word_1_327' title='bbox 1126 4899 1170 4952; x_wconf 90' lang='lat' dir='ltr'>est</span> <span class='ocrx_word' id='word_1_328' title='bbox 1202 4901 1334 4958; x_wconf 90' lang='lat' dir='ltr'>actenus.</span> <span class='ocrx_word' id='word_1_329' title='bbox 1359 4895 1389 4952; x_wconf 93' lang='lat' dir='ltr'>in</span> 
     </span>
     <span class='ocr_line' id='line_1_41' title="bbox 148 4999 1389 5073; baseline 0.004 -22"><span class='ocrx_word' id='word_1_330' title='bbox 148 5002 315 5065; x_wconf 82' lang='lat' dir='ltr'>perpetuum</span> <span class='ocrx_word' id='word_1_331' title='bbox 338 4999 566 5070; x_wconf 90' lang='lat' dir='ltr'>confirmamus,</span> <span class='ocrx_word' id='word_1_332' title='bbox 597 5001 745 5072; x_wconf 89' lang='lat' dir='ltr'>volentes,</span> <span class='ocrx_word' id='word_1_333' title='bbox 773 5007 806 5059; x_wconf 93' lang='lat' dir='ltr'>ut</span> <span class='ocrx_word' id='word_1_334' title='bbox 829 5002 934 5058; x_wconf 89' lang='lat' dir='ltr'>nullus</span> <span class='ocrx_word' id='word_1_335' title='bbox 958 5001 996 5058; x_wconf 95' lang='lat' dir='ltr'>de</span> <span class='ocrx_word' id='word_1_336' title='bbox 1019 5007 1121 5058; x_wconf 88' lang='lat' dir='ltr'>cetero</span> <span class='ocrx_word' id='word_1_337' title='bbox 1145 5001 1175 5058; x_wconf 90' lang='lat' dir='ltr'>in</span> <span class='ocrx_word' id='word_1_338' title='bbox 1200 4999 1313 5073; x_wconf 83' lang='lat' dir='ltr'>prelati</span> <span class='ocrx_word' id='word_1_339' title='bbox 1336 5001 1389 5057; x_wconf 92' lang='lat' dir='ltr'>tri-</span> 
     </span>
    </p>
   </div>
   <div class='ocr_carea' id='block_1_9' title="bbox 0 0 1811 5799">
    <p class='ocr_par' dir='ltr' id='par_1_9' title="bbox 0 0 1811 5799">
     <span class='ocr_line' id='line_1_42' title="bbox 0 0 1811 5799; baseline 0 0"><span class='ocrx_word' id='word_1_340' title='bbox 0 0 1811 5799; x_wconf 95' lang='lat' dir='ltr'> </span> 
     </span>
    </p>
   </div>
  </div>
 </body>
</html>
