3824 5806
397 547 457 605 402
825 525 893 581 Duc.
916 533 984 602 417.
1011 557 1046 565 -
1073 523 1129 580 An.
1153 536 1246 599 1399.

397 726 486 783 nobis
509 724 683 795 significare
706 725 834 794 curavit,
866 722 1024 795 quomodo
1048 723 1260 780 serenissimus
1285 722 1427 795 princeps
1451 719 1594 778 dominus
1615 718 1662 777 Si-

396 829 578 903 gismundus
608 829 658 886 dei
688 830 792 902 gracia
823 845 878 886 rex
909 829 1066 900 ilungarie
1097 837 1152 886 etc.
1188 828 1332 885 dominus
1361 833 1465 884 noster
1493 827 1662 898 graciosus,

397 935 554 1009 quoddam
579 945 716 992 castrum
741 934 859 992 Medwe
882 943 1102 1009 nuncupatum,
1132 933 1172 990 ad
1195 933 1277 1006 quod
1302 932 1410 990 eadem
1434 932 1570 1002 ecclesia,
1596 933 1662 1006 epi-

396 1057 509 1115 scopus
539 1049 569 1098 et
599 1041 770 1114 capitulum
803 1039 935 1114 predicti
967 1055 1089 1098 merum
1120 1047 1150 1096 et
1172 1041 1302 1112 plenum
1324 1039 1371 1096 ius
1395 1043 1425 1095 et
1447 1036 1662 1095 efficacissima

397 1148 599 1205 instrumenta
630 1147 745 1204 habere
776 1145 1016 1216 dinoscerentur,
1047 1146 1085 1202 ad
1110 1146 1270 1218 peticionis
1294 1145 1474 1202 instanciam
1498 1144 1661 1202 reverendi

397 1254 427 1311 in
458 1253 582 1311 Christo
613 1253 710 1326 patris
733 1259 763 1310 et
785 1251 903 1310 domini
930 1251 1118 1309 Eberchardi
1141 1251 1278 1309 eiusdem
1303 1252 1509 1324 zagrabiensis
1533 1251 1662 1308 ecclesie

398 1358 540 1416 moderni
562 1359 710 1432 episcopi,
731 1358 941 1428 Petermann0,
967 1357 1147 1414 Hermanno
1162 1365 1192 1414 et
1207 1357 1384 1431 Rudolph0‚
1405 1357 1479 1414 filiis
1500 1356 1661 1430 Rodolphi

396 1463 435 1522 de
460 1465 571 1535 Alben,
595 1464 761 1536 nepotibus
785 1463 923 1521 eiusdem
945 1463 1063 1520 domini
1086 1463 1233 1537 episcopi,
1261 1464 1327 1520 iure
1351 1463 1567 1536 perhempnali
1589 1479 1661 1520 con-

397 1571 518 1628 tulisset
542 1571 573 1627 in
596 1568 734 1627 eiusdem
759 1570 887 1626 ecclesie
909 1575 938 1626 et
962 1570 1101 1642 episcopi
1121 1586 1157 1626 ac
1173 1570 1301 1643 capituli
1317 1568 1529 1643 predictorum
1544 1569 1661 1641 grande

398 1675 602 1749 preiudicium
626 1683 656 1732 et
679 1675 923 1747 derogacionem.
955 1675 1047 1731 Facta
1082 1675 1186 1748 itaque
1220 1675 1397 1732 huiusmodi
1425 1677 1659 1749 protestacione‚

396 1788 558 1839 annotatus
581 1781 728 1838 Nicolaus
749 1781 927 1838 nominibus
951 1789 981 1838 et
1004 1781 1034 1838 in
1065 1783 1205 1854 personis
1237 1797 1369 1854 quorum
1400 1797 1504 1855 supra,
1535 1786 1660 1838 annota-

396 1893 463 1944 tum
499 1887 661 1945 dominum
696 1895 836 1944 nostrum
871 1902 975 1959 regem
1008 1887 1217 1945 adonacione
1251 1895 1281 1945 et
1313 1889 1550 1962 perpetuacione
1587 1887 1659 1945 dicti

396 1994 487 2051 castri
511 1993 630 2050 Medwe
653 2000 683 2050 et
706 2008 833 2050 suarum
878 1994 1135 2066 pertinenciarum
1170 2009 1286 2051 necnon
1322 1993 1518 2051 medietatem
1551 2001 1660 2067 portus

396 2100 492 2156 sancti
527 2100 636 2182 Jacobi
660 2100 690 2156 in
714 2099 809 2156 fluvio
833 2099 913 2156 Zaue
936 2114 972 2157 ac
996 2101 1104 2157 tributi
1128 2099 1167 2156 de
1189 2099 1300 2156 eodem
1326 2100 1560 2173 provenientis;.
1585 2101 1659 2157 item

396 2205 494 2262 eciam
518 2205 679 2262 cuiusdam
702 2205 778 2262 ville
802 2205 994 2263 Zlamnouch
1015 2214 1198 2280 nuncupate,
1223 2222 1284 2279 que
1300 2204 1430 2279 predicti
1446 2205 1575 2279 capituli
1590 2222 1660 2280 pre·

396 2310 490 2369 fuisse
524 2311 763 2382 dinoscerentur,
787 2311 986 2384 prefatosque
1013 2311 1176 2369 dominum
1205 2312 1436 2370 Eberchardum
1469 2313 1659 2386 episcopum,

396 2417 643 2488 Petermannum,
666 2417 858 2474 Hermanum
883 2423 913 2474 et
936 2416 1136 2491 Rodolphum
1162 2432 1197 2474 ac
1217 2411 1309 2494 ali(os
1333 2409 1500 2493 quos)libet
1520 2432 1661 2489 arecep-

395 2523 490 2592 cione‚
526 2521 704 2579 detencione
727 2527 757 2580 et
780 2523 984 2595 occupacione
1020 2523 1238 2596 fructuumque
1266 2531 1295 2580 et
1317 2524 1486 2580 utilitatum
1521 2522 1659 2580 eiusdem

396 2635 426 2686 et
455 2644 581 2686 suarum
611 2629 869 2701 pertinenciarum
903 2631 1104 2702 percepcione
1138 2631 1188 2687 vel
1215 2631 1278 2688 alio
1300 2631 1411 2703 quovis
1447 2629 1539 2686 modo
1563 2645 1595 2686 se
1618 2629 1656 2686 ad

395 2733 480 2791 idem
503 2739 532 2790 et
555 2735 677 2792 easdem
713 2734 940 2792 intromissione
974 2734 1053 2792 facta
1088 2737 1139 2794 vel
1164 2735 1303 2793 facienda
1325 2737 1484 2809 prohibuit
1508 2735 1660 2793 contradi·

396 2841 493 2897 cendo
516 2845 547 2897 et
567 2839 754 2897 contradixit
778 2840 946 2897 inhibendo
962 2843 1155 2914 presencium
1173 2843 1347 2899 testimonio
1365 2841 1526 2898 mediante.
1543 2842 1658 2898 Datum

396 2947 426 3002 in
451 2947 529 3003 festo
553 2947 634 3003 beati
655 2945 739 3004 Galli
765 2945 957 3017 confessoris,
981 2963 1061 3004 anno
1084 2947 1202 3005 domini
1219 2947 1328 3004 MCCC
1353 2949 1551 3020 nonagesimo
1570 2963 1659 3004 nono.

485 3081 625 3146 Originale
651 3081 677 3130 in
696 3081 795 3132 charta.
821 3082 850 3132 Iu
874 3083 983 3132 archivo
1009 3099 1064 3132 ven.
1088 3083 1166 3148 capit.
1187 3085 1248 3132 eccl.
1269 3084 1371 3148 zagrab.
1392 3113 1422 3120 -
1444 3067 1558 3133 Farlati:
1591 3084 1659 3133 lllir.

394 3183 460 3218 sacr.
482 3169 512 3218 V.
533 3185 557 3234 p.
577 3183 636 3232 449.
