3600 5804
570 575 643 634 Doc.
669 573 720 634 88.
748 611 784 619 -
809 577 864 636 An.
889 589 976 652 1295.
1366 593 1403 649 75

155 779 240 830 stram
263 773 440 831 accedentes
463 776 662 848 presenciam,
692 775 783 832 nobis
807 773 979 848 significare
1003 781 1202 832 curaverunt:
1227 773 1404 847 quodcum

152 875 321 952 Stephanus,
353 879 437 937 filius
467 880 700 950 Mladuchuech‚
731 879 888 953 quondam
919 881 1044 952 iobagio
1067 880 1158 938 castri
1182 881 1278 938 nostri
1301 895 1405 952 zagra·

154 985 264 1055 biensis,
287 987 317 1042 in
341 986 423 1042 lecto
447 985 628 1058 egritudinis
651 986 840 1044 decumbens
865 986 1032 1044 inminente
1055 986 1115 1042 sibi
1140 985 1249 1042 mortis
1265 985 1406 1054 articulo,

153 1105 269 1164 compos
299 1095 401 1148 tamen
433 1109 486 1148 sue
518 1093 637 1162 mentis,
669 1101 783 1150 terram
813 1107 911 1161 suam,
942 1091 1042 1152 Castra
1075 1097 1225 1160 vocatam,
1248 1091 1278 1148 in
1302 1090 1406 1148 medio

153 1201 291 1253 terrarum
323 1197 452 1270 capituli
483 1198 699 1270 zagrabiensis,
722 1197 866 1255 similiter
888 1197 988 1256 Casna
1011 1203 1191 1256 vocatarum
1214 1197 1405 1267 existentem,

154 1302 227 1358 cuius
259 1302 385 1375 quidem
416 1304 547 1361 alteram
579 1303 785 1374 medietatem,
817 1303 995 1376 porcionem
1027 1302 1171 1360 videlicet
1194 1301 1278 1360 Vulk
1303 1301 1406 1360 fratris

153 1409 193 1464 sui
212 1409 275 1466 sine
297 1408 410 1467 herede
433 1408 615 1480 decedentis,
640 1414 848 1467 memoratum
872 1409 1043 1482 capitulum
1067 1425 1105 1466 ex
1131 1409 1299 1466 collacione
1321 1409 1407 1482 regia

154 1511 330 1586 dignoscitur
360 1514 526 1588 possidere,
556 1515 651 1572 simul
682 1531 752 1572 curn
784 1515 850 1572 filio
874 1531 930 1572 suo
953 1514 1054 1572 adhuc
1076 1514 1210 1588 parvulo
1234 1529 1340 1572 coram
1363 1519 1406 1571 te·

154 1619 285 1677 stimonio
308 1620 424 1677 civium
448 1626 624 1678 nostrorum
642 1620 866 1679 Grechensium
889 1621 1118 1680 conservacioni
1141 1627 1171 1678 et
1194 1621 1319 1678 tuicioni
1337 1635 1406 1694 pre-

155 1723 217 1783 dicti
240 1726 368 1800 capituli
391 1727 567 1799 reliquisset
589 1733 619 1784 et
642 1728 735 1785 etiam
759 1728 938 1798 comisisset,
963 1728 1017 1784 tali
1041 1727 1150 1785 modo:
1174 1731 1208 1784 ut
1224 1727 1249 1783 si
1266 1725 1404 1800 prefatus

155 1847 221 1905 puer
249 1831 288 1888 ad
319 1837 431 1890 etatem
463 1833 638 1906 perveniret
668 1833 848 1906 legitimam,
876 1839 988 1891 extunc
1012 1833 1049 1890 de
1073 1831 1212 1908 predicta
1235 1839 1317 1889 terra
1340 1838 1404 1890 tam

157 1939 214 2012 ipse
234 1955 327 2012 quam
351 1937 479 1996 heredes
501 1940 557 2008 sui,
580 1939 792 2012 heredumque
816 1955 945 1998 suorum
968 1954 1157 1998 successores
1178 1955 1264 1996 more
1287 1946 1316 1995 et
1332 1952 1403 1996 con·

158 2044 262 2102 dicione
287 2046 474 2119 predialium
498 2047 634 2120 capituli,
651 2046 751 2104 eidem
768 2047 906 2120 capitulo
922 2047 1038 2104 servire
1054 2049 1205 2120 perpetuo
1222 2051 1406 2102 tenerentur.

159 2148 184 2207 Si
206 2166 275 2209 vero
298 2151 473 2226 predictum
497 2167 628 2226 puerum
660 2157 730 2210 ante
752 2151 948 2210 discrecionis
972 2157 1095 2226 tempus
1119 2151 1169 2207 vel
1193 2156 1271 2223 post,
1288 2151 1405 2222 absque

158 2256 251 2315 liberis
274 2257 422 2316 decedere
445 2259 623 2331 contigeret.
646 2265 758 2316 extunc
781 2258 849 2332 ipsa
872 2262 954 2315 terra
978 2263 1041 2314 tam
1058 2257 1099 2314 ob
1116 2254 1288 2314 remedium
1305 2256 1407 2313 anime

158 2378 209 2430 sue,
231 2380 322 2437 quam
347 2365 446 2422 eciam
468 2366 510 2422 ob
533 2366 717 2423 memoriam
739 2363 961 2422 beneficiorum
977 2363 1077 2422 eidem
1094 2361 1250 2436 Stephano
1266 2367 1406 2435 tempore

157 2471 330 2528 necessitatis
362 2487 416 2528 sue
447 2487 504 2544 per
530 2470 646 2528 dictum
672 2470 844 2544 capitulum
868 2469 1067 2544 inpensorum
1091 2469 1120 2526 in
1144 2468 1192 2526 ius
1215 2473 1244 2525 et
1268 2467 1407 2541 proprie·

160 2581 241 2632 tatem
263 2577 385 2634 cederet
407 2577 534 2650 capituli
558 2577 710 2634 antedicti.
734 2577 873 2634 Petentes
896 2591 912 2633 a
936 2576 1026 2633 nobis
1050 2576 1152 2648 ipsum
1176 2574 1357 2648 capitulum,
1374 2579 1407 2630 ut

160 2681 333 2741 ordinacioni
356 2682 430 2741 dicti
453 2682 601 2758 Stephani
625 2697 719 2755 quam
743 2683 867 2755 eulogio
890 2682 1000 2740 ultime
1016 2673 1183 2739 voluntatis
1201 2679 1407 2749 confirmavit,

160 2795 284 2845 nostrum
307 2804 464 2846 assensum
487 2790 607 2862 regium
632 2790 764 2862 prebere
788 2787 994 2860 dignaremur.
1018 2786 1078 2846 Sed
1103 2795 1208 2844 utrum
1231 2784 1408 2844 huiusmodi

159 2892 299 2952 ordinacio
322 2896 452 2953 veritate
476 2894 637 2953 fulciretur
660 2911 715 2952 nec
740 2911 784 2966 ne,
817 2894 855 2951 de
881 2895 939 2952 hoc
961 2894 1051 2951 nobis
1074 2907 1135 2950 non
1158 2891 1328 2962 constabat,
1351 2891 1407 2952 eis·.

160 2997 221 3056 dem
242 3000 385 3058 fidelibus
407 3003 519 3059 nostris
543 3001 644 3070 iudici,
667 3001 774 3058 iuratis
799 3002 916 3074 totique
938 2999 1151 3058 communitati
1169 2997 1337 3056 Grechensi
1354 2997 1406 3054 de-

161 3104 249 3164 dimus
280 3107 309 3164 in
340 3107 501 3179 mandatis,
532 3115 566 3165 ut
594 3109 705 3166 seriem
737 3107 834 3180 ipsius
857 3107 976 3179 negocii
998 3111 1091 3179 prout
1114 3105 1157 3162 eis
1181 3109 1334 3162 constaret
1357 3119 1408 3160 ve-

161 3211 224 3268 ritas
245 3212 281 3269 de
303 3213 421 3284 eodem,
444 3215 533 3271 nobis
557 3215 587 3271 in
610 3229 718 3272 eorum
746 3213 856 3270 litteris
880 3212 1029 3270 deberent
1051 3212 1082 3268 in
1105 3210 1167 3268 fide
1191 3211 1280 3268 nobis
1304 3209 1408 3266 debita

162 3318 332 3377 remandare.
363 3320 425 3392 Qui
456 3320 582 3393 quidem
612 3319 713 3390 iudex,
745 3319 836 3377 iurati
862 3325 892 3377 et
914 3324 978 3376 tota
1001 3317 1206 3374 communitas
1222 3314 1406 3373 Grechensis

164 3423 240 3480 nobis
262 3423 385 3482 demum
417 3427 519 3484 taliter
550 3427 781 3498 rescripserunt,
806 3423 889 3497 quod
913 3437 983 3482 curn
1007 3421 1090 3480 idern
1114 3421 1287 3496 Stephanus
1311 3420 1341 3477 in
1368 3421 1408 3478 ci·

164 3529 245 3586 vitate
266 3537 368 3589 nostra
391 3531 559 3590 Grechensi
589 3533 620 3590 in
651 3532 754 3590 medio
785 3528 966 3588 eorumdem
995 3528 1110 3586 civium
1134 3532 1312 3584 nostrorum
1335 3525 1409 3584 resi·

165 3633 288 3693 denciam
317 3636 432 3695 faciens
462 3639 545 3696 mole
576 3638 763 3696 infirmitatis
786 3643 977 3710 gravaretur,
1001 3649 1093 3692 sanus
1116 3639 1218 3690 tamen
1242 3638 1353 3704 mente,
1377 3631 1408 3690 in

165 3741 304 3812 presencia
325 3743 630 3816 quamplurimorum
654 3745 828 3802 concivium
851 3743 989 3816 ipsorum
1013 3740 1075 3800 fide
1098 3739 1265 3813 dignorum
1281 3753 1409 3796 suorum

165 3843 269 3903 adhoc
290 3849 463 3921 specialiter
497 3848 535 3906 ad
560 3849 740 3908 instanciam
767 3849 864 3924 ipsius
887 3847 1036 3922 Stephani
1059 3861 1077 3904 a
1101 3850 1165 3904 tota
1190 3845 1410 3903 communitate

166 3964 213 4020 pro
233 3952 402 4012 testimonio
425 3956 685 4026 transmissorum,
709 3963 824 4013 terram
847 3970 936 4012 suam
952 3953 1162 4028 supradictam
1180 3951 1410 4009 conservacioni

168 4055 280 4126 predicti
302 4060 428 4133 capituli
451 4061 657 4134 zagrabiensis
681 4061 776 4119 simul
800 4075 870 4119 cum
895 4060 963 4118 filio
986 4073 1042 4118 suo
1066 4059 1200 4134 parvulo
1224 4056 1318 4114 modo
1342 4072 1410 4130 pre-

167 4162 266 4236 scripto
294 4165 466 4238 reliquisset
497 4173 527 4225 et
558 4167 733 4239 dimisisset,
761 4173 791 4225 et
826 4179 920 4240 super
953 4166 1012 4224 hoc
1047 4164 1201 4238 sepefatus
1237 4162 1411 4236 Stephanus

168 4272 255 4326 nostre
282 4273 446 4330 maiestatis
477 4289 659 4331 consensum
689 4275 812 4348 preberi
840 4273 999 4331 humiliter
1023 4272 1195 4346 pecivisset.
1220 4269 1283 4328 Nos
1307 4270 1411 4342 itaque

168 4372 222 4430 eius
249 4375 295 4447 pie
321 4385 351 4436 et
381 4379 486 4436 votive
514 4380 659 4453 peticioni
695 4397 732 4437 ex
756 4380 923 4437 clemencia
948 4385 977 4436 et
1000 4379 1114 4452 pietate
1137 4378 1222 4450 regia
1246 4383 1412 4434 annuentes

170 4484 194 4534 et
212 4480 325 4552 plenum
354 4501 536 4542 consensum
567 4486 649 4543 circa
679 4487 737 4543 hoc
770 4485 959 4555 adhibentes,
988 4483 1158 4558 predictam
1182 4482 1412 4541 ordinacionem

170 4583 251 4656 ipsius
271 4585 413 4664 Stephani
436 4592 466 4648 in
490 4592 601 4649 ultima
624 4592 783 4650 voluntate
806 4607 861 4648 sua
885 4590 1007 4660 factam,
1031 4597 1139 4662 ratam,
1164 4589 1287 4647 firmam
1312 4594 1342 4645 et
1364 4603 1412 4644 ac-

172 4698 274 4762 ceptam
294 4693 438 4754 habentes
461 4698 641 4755 auctoritate
665 4698 749 4769 regia
773 4697 1004 4754 confirmamus.
1022 4695 1168 4752 Volentes
1188 4701 1222 4752 ut
1237 4692 1411 4768 sepefatum

172 4797 319 4868 capitulum
352 4803 550 4875 zagrabiense
581 4804 680 4877 ipsam
714 4809 828 4861 terram
862 4801 1010 4875 Stephani
1046 4801 1188 4874 superius
1221 4800 1412 4857 nominatam

172 4914 230 4957 cum
256 4908 392 4965 omnibus
422 4909 608 4966 utilitatibus
639 4915 668 4965 et
699 4908 895 4982 pertinenciis
927 4907 990 4964 suis
1021 4911 1050 4963 et
1081 4905 1140 4962 sub
1177 4903 1292 4962 eisdem
1317 4904 1413 4976 signis

174 5007 249 5064 metis
269 5014 296 5065 et
322 5013 461 5071 terminis
490 5013 603 5086 quibus
634 5013 763 5072 eandem
794 5013 893 5071 dictus
917 5011 1091 5088 Stephanus
1114 5011 1229 5069 eteius
1253 5011 1413 5084 predeces-
