3600 5804
389 601 449 660 216
812 599 885 658 Doc.
907 613 977 676 241.
1004 633 1041 642 —
1067 599 1123 657 An.
1147 611 1235 675 1359.

386 792 460 876 (vid.
484 815 528 856 nr.
555 815 626 870 aoo,
650 815 696 856 an.
724 811 816 874 1345,
842 812 889 866 27.
913 789 1017 879 Junii).
1042 797 1105 855 Nos
1127 799 1231 871 itaque
1255 797 1447 855 attendentes
1470 797 1544 854 satis
1566 803 1647 868 grata

387 911 416 962 et
438 909 565 978 accepta
589 905 720 962 servicia
741 903 924 962 eorumdem
946 903 1087 962 fidelium
1112 905 1227 961 civium
1244 909 1274 960 et
1293 903 1454 976 hospitum
1476 907 1646 960 nostrorum

387 1009 597 1082 Grecensium,
629 1011 744 1083 quibus
774 1009 868 1067 iidem
902 1007 1053 1068 indefesse
1083 1008 1301 1066 sollicitudinis
1333 1007 1436 1066 studio
1468 1023 1591 1081 semper
1620 1008 1647 1064 in

388 1117 562 1174 constancia
585 1115 672 1175 fideli
696 1163 702 1174 .
727 1162 733 1174 .
757 1162 762 1174 .
787 1162 792 1174 .
817 1117 903 1173 iuxta
926 1115 1141 1188 possibilitatis
1164 1122 1195 1172 et
1217 1122 1315 1172 status
1334 1129 1445 1172 eorum
1460 1113 1647 1185 exigenciam

389 1228 492 1279 nostre
515 1221 697 1280 studuerunt
720 1223 902 1296 conplacere
925 1221 1085 1292 maiestati,
1111 1221 1270 1295 premissis
1293 1237 1402 1278 eorum
1425 1199 1515 1278 iustis
1537 1226 1567 1276 et
1594 1220 1648 1277 iuri

386 1329 527 1385 consonis
549 1329 833 1402 supplicacionibus
857 1327 1025 1386 favorabili
1051 1329 1164 1402 pietate
1184 1325 1336 1384 exauditis
1358 1333 1389 1384 et
1410 1326 1565 1396 admissis,
1585 1342 1649 1400 pre

387 1439 483 1490 tactas
506 1434 625 1491 litteras
648 1435 745 1507 ipsius
768 1433 923 1492 karissimi
953 1435 1051 1508 patris
1082 1435 1179 1492 nostri
1210 1433 1296 1490 omni
1327 1447 1456 1506 prorsus
1479 1433 1649 1505 suspicione

387 1545 525 1596 carentes
548 1540 743 1614 presentibus
767 1539 805 1597 de
827 1541 926 1597 verbo
949 1540 988 1597 ad
1013 1541 1147 1597 verbum
1163 1541 1292 1597 insertas
1312 1539 1480 1596 simulcum
1497 1538 1650 1611 premissis

387 1643 569 1702 eorumdem
598 1646 714 1703 civium
745 1651 922 1703 nostrorum
956 1647 1136 1703 libertatum
1167 1645 1307 1702 articulis
1334 1645 1365 1702 in
1395 1643 1513 1700 eisdem
1545 1644 1650 1700 litteris

387 1749 523 1822 paternis
547 1751 709 1824 expressis
741 1759 775 1808 ut
805 1750 900 1808 iidem
930 1752 1009 1808 sicut
1032 1797 1037 1809 .
1063 1797 1068 1810 .
1093 1797 1099 1808 .
1124 1797 1129 1808 .
1153 1756 1184 1808 et
1214 1750 1364 1808 fidelitate
1396 1755 1576 1822 augeantur,
1609 1748 1650 1806 di·

386 1862 533 1930 scantque
556 1857 616 1914 sub
639 1856 780 1930 principe
803 1857 940 1928 glorioso
964 1856 1110 1914 devocius
1135 1855 1290 1928 famulari,
1314 1861 1521 1929 acceptamus,
1543 1870 1649 1929 appro-

389 1964 509 2034 bamus,
540 1963 730 2021 ratificamus
752 1967 782 2020 et
805 1963 844 2020 de
864 1964 1057 2038 beneplacita
1085 1965 1244 2022 voluntate
1260 1963 1455 2020 serenissime
1472 1962 1649 2035 principisse

388 2069 512 2127 domine
535 2070 681 2140 Elizabet,
705 2069 814 2128 eadem
837 2071 941 2143 gracia
964 2071 1069 2142 regine
1092 2070 1259 2143 ilungarie,
1287 2068 1443 2140 genitricis
1476 2075 1580 2125 nostre
1602 2066 1649 2124 ka-

387 2177 517 2247 rissime,
541 2192 600 2250 pro
622 2176 776 2235 iamdictis
799 2177 947 2235 fidelibus
970 2177 1091 2235 civibus
1108 2183 1139 2235 et
1158 2176 1333 2248 hospitibus
1354 2175 1468 2232 nostris
1484 2189 1648 2246 eorumque

387 2282 519 2356 posteris
549 2283 701 2340 universis
731 2284 817 2356 regia
847 2283 1027 2341 auctoritate
1062 2288 1212 2356 perpetue
1247 2280 1469 2338 confirmamus
1504 2279 1649 2352 presentis

387 2389 545 2462 privilegii
574 2392 671 2447 nostri
707 2390 878 2463 patrocinio
901 2388 1065 2460 mediante,
1096 2389 1193 2446 salvis
1223 2389 1342 2446 iuribus
1374 2385 1491 2442 alienis.
1516 2385 1549 2442 ln
1571 2385 1649 2442 cuius

386 2494 431 2551 rei
454 2495 638 2552 memoriam
661 2494 904 2568 firmitatemque
928 2502 1112 2569 perpetuam
1128 2500 1286 2569 presentes
1304 2492 1514 2550 concessimus
1538 2492 1649 2549 litteras

386 2605 507 2658 nostras
530 2601 742 2673 privilegiales
765 2600 927 2674 pendentis
950 2607 980 2658 et
1003 2601 1148 2658 autentici
1170 2599 1268 2672 sigilli
1284 2599 1383 2656 nostri
1405 2597 1565 2672 dupplicis
1589 2613 1650 2654 mu·

386 2705 502 2763 uimine
525 2707 694 2764 roboratas.
719 2705 835 2764 Datum
858 2722 915 2780 per
938 2722 1048 2764 manus
1072 2706 1260 2763 venerabilis
1283 2705 1314 2762 in
1338 2704 1464 2762 Christo
1487 2703 1586 2777 patris
1600 2703 1650 2759 do

387 2811 463 2869 mini
486 2811 608 2870 Nicolai
631 2812 858 2886 archiepiscopi
880 2812 1101 2885 strigoniensis,
1125 2811 1249 2884 locique
1272 2809 1411 2868 eiusdem
1435 2809 1559 2867 comitis
1586 2825 1649 2882 per·

387 2917 480 2992 petui,
511 2917 582 2975 aule
611 2925 714 2976 nostre
744 2918 929 2988 cancellarii,
960 2918 1065 2976 dilecti
1096 2923 1126 2975 et
1156 2917 1258 2976 fidelis
1289 2917 1393 2974 nostri.
1424 2917 1516 2973 Anno
1539 2914 1650 2972 domini

387 3023 557 3080 millesimo
580 3023 657 3081 CCC
681 3025 938 3097 quinquagesimo
961 3040 1057 3094 nono;
1082 3025 1189 3096 quinto
1206 3022 1355 3081 kalendas
1380 3021 1494 3080 mensis
1512 3021 1649 3078 octobris

386 3129 484 3202 Regni
514 3135 619 3188 autem
649 3135 755 3188 nostro
787 3146 867 3188 anno
898 3129 1019 3188 decimo
1051 3137 1168 3187 octavo.
1201 3129 1440 3186 venerabilibus
1471 3129 1501 3185 in
1532 3128 1650 3185 Christo

386 3235 528 3308 patribus
560 3241 590 3292 et
620 3235 768 3294 dominis:
803 3235 912 3293 eodem
948 3235 1076 3294 Nicolao
1100 3235 1304 3308 strigoniensi,
1339 3234 1460 3292 Thoma
1494 3233 1648 3300 colocensi,

388 3340 538 3413 Wgulino
561 3341 738 3415 spalatensi,
763 3341 891 3400 Nicolao
913 3339 1048 3417 jadrensi
1072 3349 1102 3400 et
1125 3343 1202 3414 Elya
1225 3341 1378 3414 ragusino,
1395 3339 1648 3413 archiepiscopis;

387 3445 518 3504 Nicolao
540 3448 682 3519 agriensi,
707 3448 867 3506 Demetrio
887 3449 1080 3520 waradiensi,
1105 3449 1269 3506 Dominico
1285 3447 1486 3515 transilvano,
1503 3445 1649 3518 Gregorio

390 3553 487 3610 electo
518 3553 701 3612 confirmato
732 3554 937 3626 chanadiensi‚
968 3555 1099 3612 Nicolao
1133 3554 1454 3628 quinqueecclesiensi,
1481 3552 1648 3609 Colomano

387 3655 542 3733 jauriensi,
566 3659 709 3717 ladislao
733 3660 968 3742 wesprimiensi,
1000 3661 1160 3733 Mychaele
1192 3660 1353 3731 wacyensi,
1387 3658 1477 3716 Petro
1502 3657 1648 3724 boznensi,

388 3761 545 3837 Stephano
567 3765 767 3838 zagrabiensi,
792 3764 940 3823 fratribus
971 3765 1127 3840 Stephano
1158 3765 1304 3838 nitriensi,
1336 3765 1458 3823 Thoma
1480 3763 1648 3830 sirimiensi‚

388 3869 528 3952 Johanne
550 3871 701 3941 tinniensi,
726 3870 922 3928 Bartolomeo
945 3871 1138 3944 traguriensi.
1158 3872 1318 3930 Demetrio
1341 3871 1477 3940 nonensi,
1497 3869 1648 3942 Stephano

389 3975 509 4046 farensi,
542 3975 705 4034 Valentino
737 3976 916 4048 macarensi,
947 3977 1071 4034 Matheo
1101 3977 1287 4046 sibinicensi‚
1318 3975 1467 4034 fratribus
1504 3975 1648 4034 Michaele

388 4081 594 4152 scardonensi,
615 4083 740 4140 Portiua
755 4083 907 4140 senniensi
922 4087 953 4140 et
968 4082 1125 4141 Radozlao
1143 4083 1346 4154 corbaviensi‚
1371 4083 1533 4157 episcopis,
1557 4081 1648 4139 eccle

387 4187 448 4245 sias
472 4185 521 4243 dei
540 4184 672 4244 feliciter
693 4188 946 4260 gubernantibus.
963 4189 1135 4261 Magnificis
1157 4189 1248 4247 uiris:
1273 4188 1401 4246 Nicolao
1427 4187 1544 4260 Konch,
1567 4188 1649 4260 pala-

388 4292 460 4363 tino,
477 4292 603 4350 Andrea
624 4293 789 4366 woywoda
809 4295 1007 4366 transilvano,
1023 4296 1135 4353 comite
1159 4295 1289 4353 Nicolao
1312 4291 1414 4352 iudice
1437 4295 1522 4352 curie
1541 4300 1647 4363 nostre,

387 4397 518 4456 Nicolao
542 4397 579 4456 de
601 4399 698 4458 Zeech
723 4401 820 4458 tocius
843 4399 1004 4458 Dalmacie
1027 4405 1057 4458 et
1080 4401 1215 4472 Croacie,
1247 4401 1430 4458 Leustachio
1458 4401 1547 4472 regni
1569 4398 1649 4458 Scla-

388 4504 487 4575 uonie,
510 4503 639 4563 Nicolao
670 4505 709 4564 de
740 4507 889 4577 Machow,
920 4507 1017 4578 banis,
1042 4507 1163 4565 Leukus
1194 4505 1409 4580 dapiferorum
1440 4513 1471 4564 et
1495 4507 1650 4580 pincerna·

387 4626 468 4680 rum,
492 4609 641 4682 Dyonisio
665 4626 836 4684 agasonum
867 4616 1044 4668 nostrorum
1076 4613 1240 4685 magistris,
1272 4629 1308 4670 ac
1338 4612 1488 4685 magistro
1511 4611 1650 4684 Symone,

389 4715 502 4774 comite
522 4715 700 4790 posoniensi
722 4717 854 4790 aliisque
886 4732 980 4790 quam
1012 4711 1154 4791 pluribus
1185 4719 1272 4791 regni
1304 4719 1401 4776 nostri
1425 4719 1589 4776 comitatus
1610 4725 1652 4775 te·

388 4821 531 4879 uentibus
554 4825 585 4878 et
606 4821 746 4880 honores.

477 4955 617 5022 Originale
636 4955 663 5007 in
682 4957 841 5016 membrana,
861 4973 954 5023 parum
974 4957 1102 5010 attritum.
1118 4958 1179 5009 Duo
1198 4958 1289 5025 sigilla
1308 4960 1465 5024 pendebant,
1484 4976 1566 5011 unum
1585 4976 1600 5011 a
1617 4975 1652 5010 se·

391 5043 462 5094 ricea
481 5059 573 5094 crocea
591 5060 658 5096 zona
676 5050 702 5095 et
720 5045 795 5096 aliud
812 5061 828 5096 a
847 5047 936 5097 rubra.
956 5047 986 5098 In
1006 5046 1104 5098 archiv.
1125 5049 1205 5098 Acad.
1226 5047 1320 5099 Scient.
1341 5049 1410 5098 Slav.
1430 5048 1523 5099 merid.
