3728 5806
655 556 728 614 Doc.
747 570 820 633 331.
847 589 884 598 —
907 556 963 614 An.
987 552 1076 634 1387.
1440 577 1501 638 309

237 755 370 811 termino
402 754 558 826 assignato
588 754 677 811 nohis
707 753 842 811 fideliter
872 754 1055 812 rescribatis.
1089 754 1206 811 Datum
1239 755 1270 812 in
1306 755 1502 828 Kapruncha,

238 858 314 918 feria
352 867 462 932 quarta
496 860 639 933 proxima
673 865 744 917 ante
778 859 892 918 festum
931 861 1013 918 beati
1047 860 1207 920 Laurencii
1231 862 1374 918 martiris.
1414 863 1502 920 Anno

238 965 356 1024 domini
380 965 671 1024 MCCCLXXXVII.

325 1103 346 1153 E
368 1107 532 1169 transumpto
553 1101 664 1168 capituli
683 1101 869 1170 zagrabiensis,
890 1107 920 1152 ut
939 1100 1015 1152 inira.

826 1370 909 1436 331.

340 1530 417 1578 Auno
439 1531 513 1588 1387,
532 1539 574 1578 20.
594 1527 716 1594 Augusti.
735 1527 888 1594 Zagrabiae.

241 1655 405 1729 Capitulum
428 1658 489 1714 eccl.
512 1658 629 1730 aogrob.
659 1655 874 1730 Sagrsmundum
897 1655 1073 1728 Hungan'ae
1095 1664 1142 1714 etc.
1166 1675 1258 1731 regem
1283 1659 1316 1714 de
1336 1659 1503 1716 introductis

326 1763 433 1820 civibus
456 1764 486 1820 in
505 1764 707 1838 possessionem
730 1762 904 1821 Petrooinac
926 1769 955 1819 et
974 1761 1137 1838 Hrastltya,
1160 1764 1303 1820 certiorem
1318 1765 1406 1838 face't.

323 1923 525 1982 Serenissimo
547 1926 681 1998 principi
714 1925 840 1982 domino
870 1922 1077 1996 Sigismund0‚
1101 1922 1151 1980 dei
1178 1924 1282 1996 gracia
1305 1925 1410 1982 inclito
1434 1927 1500 1997 regi

235 2031 379 2104 Vngarie‚
401 2031 571 2102 Dalmacie,
599 2031 726 2089 Croacie
749 2035 813 2101 etc,
844 2045 880 2088 ac
910 2029 1080 2087 marchioni
1113 2029 1413 2102 Brandemburgensi
1437 2037 1501 2100 etc,

235 2138 363 2194 domino
386 2138 526 2210 ipsorum
549 2138 691 2208 naturali,
715 2137 889 2212 capitulum
912 2151 966 2194 sue
989 2135 1196 2208 zagrabiensis
1226 2136 1361 2207 ecclesie,
1385 2138 1501 2194 oracio-

235 2258 311 2300 num
334 2243 482 2315 suffragia
505 2243 688 2300 devotarum
714 2259 772 2317 pro
796 2243 906 2300 eodem
929 2241 969 2300 ad
991 2240 1094 2299 filium
1117 2241 1247 2314 virginis
1274 2243 1416 2315 gloriose.
1441 2243 1500 2300 Ve-

234 2354 300 2406 stra
322 2349 444 2406 noverit
466 2349 661 2420 excellencia,
677 2365 733 2406 nos
749 2355 851 2407 vestre
867 2347 1068 2405 sublimitatis
1085 2348 1203 2405 litteras
1219 2349 1395 2406 statutorias
1411 2349 1501 2406 aliter

235 2461 266 2512 et
288 2455 524 2513 introductorios
555 2471 613 2529 pro
640 2462 729 2530 parte
756 2455 873 2527 iudicis
897 2455 1068 2512 iuratorum
1092 2459 1122 2511 et
1144 2454 1362 2511 universorum
1385 2455 1502 2512 civium

235 2561 368 2618 civitatis
392 2567 494 2618 vestre
517 2560 679 2619 Grecensis
702 2561 741 2618 de
765 2560 924 2634 Zagrabia‚
947 2561 1037 2618 nobis
1060 2560 1200 2631 directae,
1223 2562 1340 2618 honore
1365 2576 1427 2634 quo
1449 2560 1500 2618 de·

235 2668 298 2723 cuit
319 2669 471 2740 recepisse
495 2669 525 2725 in
549 2669 605 2725 hec
629 2669 739 2726 verba:
771 2661 845 2746 (vid.
877 2684 921 2724 nr.
958 2681 1030 2740 330,
1061 2682 1141 2724 anno
1175 2667 1266 2740 1387,
1299 2667 1326 2724 8.
1350 2659 1501 2744 Augusti).

236 2773 298 2829 Nos
321 2773 415 2843 igitur
438 2773 591 2830 mandatis
614 2781 716 2831 vestre
743 2774 912 2831 maiestatis
943 2771 1070 2830 obedire
1103 2773 1269 2844 cupientes,
1294 2778 1327 2830 ut
1353 2781 1501 2844 tenemur,

236 2895 368 2936 unacum
392 2878 512 2952 prefato
536 2879 645 2952 Egidio
669 2881 852 2950 theotonico,
877 2880 1045 2937 castellano
1062 2879 1100 2936 de
1119 2877 1222 2951 Selyn,
1239 2879 1364 2937 homine
1388 2886 1500 2952 vestm,

234 2986 266 3042 in
297 2984 411 3043 eisdem
444 2986 555 3044 litteris
587 2987 697 3044 vestris
729 2986 899 3044 statutoriis
933 2986 1116 3042 nominatim
1139 2986 1253 3042 inserto
1285 2995 1315 3042 et
1345 3001 1500 3059 expresso

235 3107 329 3148 unum
355 3108 392 3148 ex
415 3093 514 3162 nobis,
535 3091 680 3149 videlicet
704 3093 808 3150 virum
832 3092 1000 3149 discretum
1027 3092 1211 3163 magistrum
1247 3090 1429 3162 Bamabam,
1453 3107 1501 3148 so-

235 3197 315 3255 cium
340 3203 370 3254 et
393 3198 633 3255 concanonicum
656 3205 798 3255 nostrum
821 3199 860 3255 ad
886 3200 988 3272 ipsam
1019 3197 1221 3254 statucionem
1244 3204 1275 3254 et
1297 3197 1501 3255 introduccio-

234 3319 305 3361 nem
328 3303 601 3377 possessionariam
625 3302 798 3361 faciendam
821 3320 879 3376 pro
911 3304 1086 3361 testimonio
1117 3302 1264 3360 duximus
1294 3305 1501 3361 transmitten-

235 3408 318 3479 dum,
342 3410 396 3481 qui
419 3409 543 3466 tandem
565 3409 603 3466 ad
628 3424 684 3466 nos
707 3410 817 3468 exinde
841 3411 959 3468 reversi
983 3411 1072 3467 nobis
1104 3409 1297 3467 concorditer
1320 3411 1499 3480 retulerunt,

237 3514 320 3586 quod
343 3515 404 3588 ipsi
427 3514 503 3572 feria
526 3514 660 3572 secunda
682 3517 827 3588 proxima
842 3523 912 3574 ante
928 3517 1042 3573 festum
1057 3515 1282 3588 assumpcionis
1299 3515 1388 3572 beate
1404 3517 1500 3573 Marie

235 3620 373 3692 virginis,
397 3621 539 3694 proxime
557 3621 749 3694 preteritum,
773 3622 814 3680 ad
834 3622 926 3680 iacies
943 3623 1186 3695 prescriptarum
1201 3621 1429 3694 possessionum
1447 3622 1500 3679 Pe-

236 3727 355 3784 trouina
377 3733 408 3784 et
431 3727 569 3785 Hrascha
590 3733 771 3784 vocatarum
787 3729 904 3802 pariter
919 3729 1115 3786 accessissent
1131 3735 1160 3784 et
1176 3727 1208 3785 in
1224 3726 1301 3785 facie
1318 3728 1499 3786 earumdem

234 3831 343 3889 vicinis
366 3839 396 3890 et
418 3834 637 3891 commetaneis
662 3833 814 3891 universis
838 3833 914 3892 inibi
934 3835 1109 3892 convocatis
1124 3839 1154 3890 et
1171 3833 1374 3907 presentibus
1390 3833 1500 3892 diebus

234 3939 394 4010 legittimis
417 3939 503 3997 iuxta
526 3941 613 4012 regni
634 3941 731 3998 vestri
761 3940 1015 3999 consvetudinem
1045 3939 1084 3996 ad
1116 3939 1148 3998 id
1182 3941 1262 4013 aptis
1294 3954 1416 3996 moram
1440 3945 1500 3998 tra·

233 4045 349 4115 hentes,
372 4047 460 4102 nullo
484 4046 709 4104 contradictore
733 4047 809 4104 inibi
840 4051 1009 4120 apparente
1040 4061 1096 4102 nec
1127 4044 1354 4102 contradicente
1380 4061 1499 4103 memo·

233 4159 315 4210 ratas
338 4153 545 4225 possessiones
570 4153 732 4210 Petrouina
755 4160 785 4210 et
810 4153 947 4209 Hrascha
970 4159 1094 4210 vocatas
1125 4152 1211 4208 iuxta
1226 4165 1340 4208 novam
1356 4149 1498 4209 donacio·

233 4273 305 4316 nem
328 4241 430 4316 vestre
453 4259 663 4327 sublimitatis,
689 4260 867 4316 memoratis
891 4257 992 4328 iudici,
1017 4258 1123 4315 iuratis
1146 4263 1175 4314 et
1199 4257 1351 4314 universis
1376 4257 1498 4315 civibus

232 4363 348 4421 factam
370 4364 446 4437 ipsis
468 4379 504 4420 ac
526 4380 633 4420 eorum
659 4364 825 4421 heredibus
848 4371 878 4422 et
901 4364 1133 4438 posteritatibus
1157 4369 1308 4437 perpetuo
1325 4369 1355 4420 et
1372 4363 1499 4436 pacifice

233 4469 444 4544 possidendas,
468 4470 613 4527 tenendas
643 4479 673 4527 et
694 4471 853 4528 habendas
876 4469 1099 4528 introducendo
1123 4470 1305 4527 statuissent.
1328 4469 1446 4526 Datum
1468 4470 1498 4526 in

234 4576 312 4634 festo
337 4577 505 4634 beatissimi
529 4574 678 4650 Stephani
702 4578 790 4649 regis.
815 4581 906 4635 Anno
929 4575 1047 4633 domini
1071 4575 1257 4649 supradicto.

323 4711 463 4776 Originalc
483 4711 510 4761 in
530 4711 628 4770 charta,
653 4727 668 4762 a
688 4717 764 4778 tergo
785 4711 927 4778 vestigium
947 4709 1031 4776 sigilli
1052 4709 1216 4776 capitularis.
1237 4709 1266 4759 ln
1286 4709 1355 4759 arch.
1375 4709 1422 4760 lib.
1442 4726 1497 4776 reg.

233 4801 283 4852 civ.
300 4800 404 4866 zagrab.
