3782 5812
395 601 435 662 34
822 582 897 640 Doc.
921 594 970 658 43.
1002 615 1038 624 -
1064 581 1120 641 An.
1145 577 1235 659 1264.

393 782 426 839 in
449 781 539 838 vobis
563 781 737 839 devotionis
759 779 851 850 filios,
875 795 910 837 ac
934 793 989 836 vos
1014 784 1236 852 consequenter
1258 779 1289 836 in
1313 793 1349 836 eo
1372 783 1494 853 patrem
1510 777 1668 835 invenisse

394 887 577 945 benivolum
600 886 768 960 gaudeatis.
790 885 907 943 Datum
930 885 1014 959 apud
1045 885 1166 944 Urbem
1190 892 1327 943 veterem
1355 884 1384 941 X
1406 883 1555 957 kalendas
1579 889 1666 941 octo·

394 995 467 1051 bris.
493 994 582 1051 Anno
607 994 710 1051 tercio.

483 1095 519 1154 In
542 1096 639 1154 codem
662 1096 762 1153 merito
785 1094 877 1152 verbis
899 1101 1084 1168 competenter
1108 1095 1243 1152 mutatis:
1273 1095 1434 1170 Preposito
1466 1100 1495 1153 et
1526 1095 1668 1168 capitulo

394 1205 600 1278 zagabriensi;
631 1205 716 1262 clero
745 1203 952 1276 zagabriensis
982 1204 1116 1262 civitatis
1146 1210 1176 1261 et
1207 1203 1345 1274 diocesis,
1367 1217 1403 1259 ac
1431 1202 1561 1258 vasallis
1585 1203 1661 1258 eccl.

394 1313 517 1384 zagabr.
578 1303 579 1308 ’

486 1447 580 1514 Ereg.
601 1446 668 1514 orig.
689 1447 790 1498 Urbani
810 1447 856 1497 lv.
876 1463 915 1497 an.
941 1447 988 1497 111.
1014 1463 1054 1512 ep.
1082 1456 1121 1495 10.
1146 1447 1177 1494 A.
1203 1445 1325 1495 Theiner.
1351 1444 1420 1495 Mon.
1443 1443 1504 1494 hist
1528 1445 1617 1510 Hung.
1646 1443 1667 1492 1.

397 1553 421 1602 v·
442 1537 553 1598 245-6·

997 1733 1062 1796 43.

502 1895 578 1942 Anno
604 1893 677 1952 1264„
700 1900 720 1940 1.
738 1889 860 1956 januarii.
880 1891 961 1956 Apud
980 1890 1082 1940 Urbem
1100 1895 1223 1940 veterem.

460 2021 584 2078 Eventc'o
601 2019 764 2094 presbytero
786 2019 971 2076 canonicatus
993 2017 1189 2090 zagrabiensis
1211 2023 1240 2074 ct
1252 2014 1420 2089 praebenda
1444 2015 1598 2089 conseruet.

486 2163 660 2238 Stephanus
683 2165 880 2222 miseratione
903 2163 1008 2220 divina
1038 2161 1250 2219 Prenestrinus
1281 2161 1454 2234 episcopus,
1478 2157 1592 2216 dilecto
1616 2173 1667 2214 ca-

397 2273 528 2346 pellano
552 2285 607 2329 suo
630 2272 759 2328 Eventio
784 2270 956 2345 presbitero
980 2269 1112 2325 salutem
1132 2268 1162 2324 in
1186 2266 1319 2324 domino
1348 2265 1480 2323 Noveris
1502 2279 1559 2321 nos
1582 2280 1667 2322 rece·

400 2379 482 2452 pisse
498 2379 616 2435 litteras
632 2377 818 2450 apostolicas
841 2375 900 2432 sub
923 2375 982 2432 hac
1004 2369 1138 2432 forma¹.
1157 2373 1345 2432 ...Harum
1370 2371 1464 2443 igitur
1484 2370 1667 2427 auctoritate

398 2485 574 2542 litterarum
590 2482 803 2540 canonicatum
819 2488 849 2539 et
864 2480 1065 2555 prebendam,
1089 2495 1149 2552 que
1165 2477 1352 2536 venerabilis
1368 2481 1458 2550 pater
1473 2475 1668 2546 Timotheus,

397 2590 604 2664 zagrabiensis
627 2589 791 2663 episcopus
813 2587 1018 2662 promotionis
1041 2602 1095 2643 sue
1114 2590 1255 2658 tempore
1270 2585 1302 2642 in
1319 2583 1511 2656 zagrabiensi
1534 2582 1666 2639 ecclesia

398 2697 566 2769 obtinebat,
590 2697 731 2754 vacantia
754 2711 812 2769 per
831 2694 1059 2769 promotionem
1090 2692 1187 2766 ipsius
1218 2690 1365 2765 episcopi,
1390 2690 1446 2747 tibi
1470 2705 1542 2747 cum
1566 2688 1668 2746 domi·

399 2805 467 2873 bus,
490 2804 575 2861 curia
598 2809 628 2861 et
650 2803 794 2860 omnibus
816 2802 936 2859 iuribus
959 2806 989 2858 et
1012 2800 1208 2874 pertinenciis
1231 2799 1295 2856 suis
1326 2797 1513 2855 conserimus
1538 2803 1567 2855 et
1591 2812 1665 2870 pro-

399 2909 543 2967 videmus
566 2908 605 2966 de
628 2909 712 2982 ipsis
735 2913 765 2966 te
788 2907 984 2966 investientes
1007 2905 1234 2979 presentialiter
1262 2920 1318 2977 per
1348 2909 1490 2961 nostrum
1512 2904 1664 2961 annulum

400 3015 438 3073 de
462 3015 587 3073 eisdem.
620 3015 687 3072 Non
718 3016 859 3072 obstante
890 3019 974 3071 certo
1002 3013 1100 3087 ipsius
1130 3011 1257 3068 ecclesie
1288 3011 1504 3067 canonicorum
1533 3025 1666 3066 numero

399 3123 580 3192 iuramento,
620 3121 854 3178 confirmatione
888 3119 969 3177 sedis
998 3119 1176 3193 apostolice,
1208 3119 1273 3174 sive
1305 3132 1489 3189 quacunque
1518 3115 1668 3173 firmitate

399 3228 525 3299 vallato,
550 3234 603 3286 aut
626 3229 651 3285 si
682 3227 826 3285 dominus
858 3243 940 3301 papa
970 3228 1001 3284 in
1031 3242 1066 3282 ea
1098 3239 1155 3299 pro
1177 3225 1247 3282 aliis
1279 3223 1434 3281 direxerat
1464 3224 1579 3296 scripta
1601 3238 1667 3292 sua,

400 3349 453 3390 seu
477 3335 501 3391 si
526 3333 607 3391 sedis
631 3333 801 3407 apostolice
825 3333 876 3390 vel
898 3333 1073 3404 legatorum
1095 3331 1192 3405 ipsius
1209 3335 1260 3387 aut
1276 3345 1460 3402 quacunque
1482 3329 1666 3387 auctoritate

401 3440 431 3526 in
455 3455 490 3496 ea
520 3441 551 3497 in
582 3441 743 3498 canonicos
777 3439 874 3511 aliqui
909 3439 969 3495 sint
1001 3439 1126 3511 recepti,
1157 3438 1208 3494 vel
1239 3443 1273 3494 ut
1303 3437 1493 3510 recipiantur
1515 3436 1665 3496 insistant.

400 3547 514 3618 quibus
537 3562 594 3620 per
615 3546 674 3602 hoc
705 3545 829 3618 quoad
853 3545 1076 3602 assecutionem
1099 3545 1232 3601 aliorum
1262 3542 1495 3612 beneficiorum,
1520 3556 1666 3616 persona-

401 3659 486 3709 tuum
511 3653 561 3709 vel
587 3651 771 3724 dignitatum
794 3649 1000 3724 preiudicium
1024 3651 1148 3707 nullum
1171 3649 1233 3721 fiat,
1257 3658 1310 3707 aut
1333 3650 1359 3706 si
1382 3653 1428 3707 est
1443 3649 1600 3722 aliquibus
1624 3649 1667 3706 ab

399 3757 508 3815 eadem
532 3757 604 3815 sede
628 3756 792 3817 indultum.
817 3756 902 3829 quod
924 3755 963 3812 ad
984 3756 1192 3829 receptionem
1216 3755 1267 3812 vel
1298 3755 1510 3829 provisionem
1533 3755 1665 3812 alicuius

400 3863 526 3920 minime
551 3868 719 3934 teneantur,
743 3867 773 3919 et
795 3861 835 3920 ad
858 3862 890 3920 id
914 3862 1070 3936 compelli,
1095 3861 1240 3935 quodque
1268 3860 1417 3932 interdici,
1441 3860 1589 3934 suspendi
1611 3861 1665 3917 vel

399 3969 660 4027 excommunicari
683 3985 744 4026 non
776 3969 903 4043 possint,
935 3974 965 4026 et
994 3968 1077 4042 quod
1109 3967 1148 4026 de
1178 3967 1344 4038 beneficiis
1372 3967 1588 4040 personatibus
1611 3967 1664 4024 vel

399 4073 601 4148 dignitatibus
624 4076 663 4133 ad
687 4075 885 4133 collationem
909 4091 1017 4134 eorum
1040 4075 1251 4149 spectantibus
1274 4074 1354 4131 nulli
1378 4073 1481 4130 valeat
1504 4071 1666 4146 provideri

398 4197 455 4254 per
477 4181 597 4239 litteras
620 4182 815 4255 apostolicas,
839 4198 899 4254 que
923 4180 961 4238 de
984 4181 1106 4239 indulto
1128 4179 1308 4238 huiusmodi
1334 4181 1462 4253 plenam
1485 4185 1515 4236 et
1538 4193 1664 4252 expres-

398 4303 465 4346 sam
488 4304 549 4346 non
572 4287 700 4346 iecerint
722 4289 919 4360 mentionem,
943 4304 997 4345 seu
1021 4287 1161 4360 qualibet
1184 4286 1246 4343 alia
1268 4285 1461 4357 indulgentia
1476 4284 1557 4343 dicte
1572 4283 1664 4356 sedis,

398 4394 437 4451 de
456 4410 516 4467 qua
541 4395 689 4467 cuiusque
712 4398 776 4451 toto
800 4399 904 4451 tenore
927 4393 965 4451 de
985 4395 1083 4450 verbo
1106 4391 1145 4450 ad
1170 4392 1304 4449 verbum
1327 4396 1470 4464 oporteat
1496 4391 1527 4450 in
1551 4390 1664 4447 nostris

397 4502 508 4558 litteris
533 4502 659 4576 plenam
682 4507 711 4558 et
742 4516 919 4574 expressam
949 4502 1138 4558 mentionem
1169 4499 1245 4568 fieri,
1277 4505 1306 4556 et
1337 4514 1393 4571 per
1417 4513 1512 4571 quam
1535 4497 1664 4555 effectus

398 4609 588 4682 presentium
612 4607 758 4681 impediri
782 4607 884 4665 valeat
907 4607 959 4664 vel
982 4607 1109 4677 differri,
1143 4610 1195 4663 aut
1225 4606 1251 4663 si
1278 4605 1355 4662 alias
1378 4604 1578 4662 beneficiatus
1601 4604 1665 4660 exi·

398 4714 467 4784 stis;
492 4713 689 4787 decemeqtes
712 4714 805 4772 etiam
827 4714 1008 4770 auctoritate
1024 4713 1164 4787 predicta
1185 4711 1307 4769 irritum
1340 4717 1370 4768 et
1400 4711 1497 4780 inane,
1528 4711 1553 4768 si
1577 4725 1665 4767 secus

398 4820 436 4877 de
458 4819 637 4878 huiusmodi
663 4822 842 4878 canonicatu
866 4825 896 4877 et
918 4818 1078 4894 prebenda
1099 4819 1209 4892 quavis
1231 4819 1412 4875 auctoritate
1429 4817 1592 4889 contigerit
1608 4831 1665 4889 per

488 4955 633 5006 ¹Adducit
661 4956 800 5021 epistolam
829 4971 845 5006 a
868 4955 995 5005 Pontifice
1020 4954 1133 5009 missam,
1158 4969 1210 5018 qua
1233 4954 1284 5019 ipsi
1311 4954 1351 5004 ius
1371 4952 1524 5004 conserendi
1544 4951 1664 5002 vacantia

398 5048 459 5096 eccl.
478 5045 606 5096 beneficia
625 5045 653 5096 in
671 5061 753 5112 regno
772 5045 862 5110 Hung.
883 5044 1020 5095 tribuitur.
1044 5043 1148 5094 Confer.
1168 5047 1199 5093 A.
1219 5043 1341 5093 Theiner.
1363 5045 1379 5092 l.
1400 5058 1420 5092 c.
1440 5042 1460 5092 1.
1480 5059 1505 5109 p.
1525 5043 1583 5092 260.
