3600 5804
598 531 670 588 Dor.
696 526 765 608 146.
793 563 829 571 —
855 530 911 586 An.
937 525 1025 605 1328.
1395 548 1454 606 129

185 639 376 646 ——-——-—

775 723 862 790 146.

289 815 366 862 Anno
389 814 463 870 1328.
486 822 506 862 l.
526 810 649 876 Augusti.

224 923 391 996 Capriulum
414 922 526 979 albense
548 921 582 978 de
597 928 719 994 peracta
742 919 965 977 reambularr'one
980 920 1189 992 possessionum
1212 920 1335 993 capituli
1354 919 1416 976 eccl.

454 1027 570 1100 eagrab.
600 1027 704 1084 Carolo
726 1025 905 1098 Hungariae
927 1032 974 1082 etc.
997 1025 1067 1098 regi,
1090 1026 1186 1100 refert.

270 1173 538 1230 Excellentissimo
568 1172 695 1230 domino
726 1186 791 1243 sun,
823 1170 951 1228 domino
971 1169 1098 1238 Karolo,
1128 1170 1177 1228 dei
1207 1171 1312 1244 gracia
1335 1171 1452 1229 illustri

179 1280 247 1352 regi
270 1279 440 1350 Hungarie‚
471 1279 644 1352 capitulum
668 1278 804 1336 albensis
830 1277 958 1334 ecclesie
981 1277 1140 1335 oraciones
1163 1277 1194 1336 in
1218 1277 1345 1335 domino
1368 1278 1450 1334 salu-

178 1393 271 1442 tares.
304 1385 436 1441 Litteras
468 1383 701 1455 magnificencie
732 1388 835 1440 vestre
865 1383 1040 1470 recepimus
1068 1387 1254 1453 reverenter,
1285 1388 1319 1440 ut
1342 1383 1454 1452 decuit,

177 1491 263 1547 hunc
279 1496 419 1546 tenorem
436 1489 637 1546 continentes:
654 1483 694 1567 (v.
711 1505 755 1547 nr.
777 1504 845 1563 142,
858 1505 905 1546 an.
926 1488 1017 1562 1328,
1038 1505 1063 1546 1.
1080 1479 1173 1564 maii).
1187 1487 1250 1546 Nos
1262 1489 1357 1560 igitur
1368 1504 1454 1546 roan-

177 1595 259 1653 datis
275 1595 463 1652 excellencie
480 1601 581 1651 vestre
597 1595 813 1668 obtemperare
830 1595 996 1668 cupientes
1012 1609 1109 1651 unum
1125 1611 1163 1650 ex
1179 1593 1269 1651 nobis
1286 1593 1453 1651 discretum

177 1703 285 1759 virum
309 1701 496 1772 magistrum
527 1699 665 1757 Blasium
692 1699 912 1757 subcustodem
937 1699 1064 1757 ecclesie
1086 1705 1190 1758 nostre
1218 1715 1277 1774 pro
1301 1699 1454 1772 erigendis

178 1809 280 1874 metis,
297 1805 486 1864 renovandis
501 1813 531 1863 et
546 1805 788 1878 reambulandiS,
806 1821 863 1880 pro
883 1805 1031 1863 faciendis
1051 1806 1252 1864 citacionibus
1276 1811 1306 1863 et
1328 1806 1454 1878 inquisi-

178 1914 323 1971 cionibus
339 1927 401 1969 una
417 1927 487 1969 cum
504 1913 630 1968 homine
646 1919 750 1969 vestro
766 1913 929 1982 lwachino,
947 1911 1014 1969 filio
1033 1911 1161 1981 Thome‚
1178 1911 1236 1970 filii
1260 1911 1398 1983 Beriuoy‚
1415 1911 1454 1968 ad

178 2019 395 2076 venerabilem
419 2023 540 2091 patrem
564 2017 726 2074 dominum
745 2017 924 2074 ladizlaum
941 2017 990 2075 dei
1006 2018 1109 2089 gracia
1125 2018 1358 2090 zagrabiensem
1374 2017 1454 2090 epis-

178 2140 296 2199 copum
313 2124 405 2182 acad
430 2123 568 2182 eiusdem
596 2125 768 2198 capitulum
795 2125 993 2196 zagrabiense
1020 2124 1167 2181 duximus
1194 2122 1453 2180 transmittendos.

178 2230 242 2303 Qui
257 2231 388 2288 demum
405 2230 443 2287 ad
461 2245 516 2287 nos
532 2230 693 2288 redeuntes
709 2230 861 2298 dixerunt,
882 2247 914 2286 se
933 2230 1145 2287 reambulasse
1170 2239 1266 2288 terras
1289 2233 1319 2284 et
1334 2243 1454 2302 posses·

177 2338 280 2395 siones
297 2335 428 2394 inferius
443 2337 625 2404 nominatas,
649 2343 679 2393 et
696 2337 726 2393 in
742 2335 859 2392 eisdem
876 2337 1009 2394 erexisse
1024 2353 1060 2394 ac
1075 2351 1240 2394 renovasse
1256 2343 1362 2402 metas,
1383 2349 1454 2391 con·

178 2443 298 2500 vocatis
331 2443 440 2500 vicinis
464 2449 495 2499 et
517 2442 736 2499 commetaneis
766 2442 855 2499 nullo
883 2441 1108 2500 contradictore
1135 2441 1291 2510 existente,
1318 2441 1397 2498 sicut
1423 2439 1453 2496 in

178 2549 304 2622 scriptis
321 2548 412 2605 nobis
428 2548 598 2605 attulerunt
618 2548 649 2605 in
665 2548 721 2605 hec
737 2549 849 2606 verba:
876 2548 979 2605 Prima
995 2555 1076 2605 meta
1093 2555 1245 2605 terrarum
1262 2546 1390 2620 capituli
1406 2561 1454 2602 za-

178 2655 354 2726 grabiensis
368 2654 399 2710 in
410 2654 567 2712 vicinitate
579 2653 725 2712 Grecensi
738 2655 845 2728 incipit
858 2656 898 2712 ab
910 2655 1027 2712 oriente
1039 2655 1070 2711 in
1085 2659 1156 2712 orto
1172 2654 1335 2726 presbiteri
1352 2653 1454 2726 plebis

178 2761 310 2818 ecclesie
340 2761 424 2817 beati
455 2761 587 2818 Emerici
619 2760 657 2817 de
688 2760 840 2832 Zagrabia
870 2762 911 2817 ab
946 2767 1015 2817 orto
1050 2759 1183 2817 fratrum
1220 2758 1452 2816 Predicatorum

179 2868 277 2925 sancti
310 2866 441 2936 Nicolai,
472 2867 527 2923 ubi
559 2867 679 2924 rivulus
710 2866 893 2924 Circuescbe
924 2875 1051 2924 vocatus
1082 2865 1181 2923 influit
1210 2865 1313 2938 ipsum
1350 2873 1454 2922 ortum

179 2973 427 3037 Predicatorum,
451 2979 481 3029 et
506 2989 561 3046 per
583 2973 715 3030 eundern
740 2973 878 3030 rivulum
903 2972 1089 3030 includendo
1114 2972 1231 3029 dictum
1248 2978 1352 3028 ortum
1369 2987 1453 3046 pres-

179 3079 283 3151 byteri
309 3094 348 3135 ex
371 3087 502 3152 utraque
526 3085 614 3153 parte
638 3079 733 3136 rivuli
758 3079 843 3136 vadit
866 3095 961 3154 supra
984 3079 1022 3136 ad
1047 3080 1151 3136 locum
1173 3078 1342 3136 molendini
1359 3094 1453 3152 super

180 3184 292 3242 eodem
325 3185 429 3242 rivulo
460 3185 556 3242 sancti
587 3185 719 3242 Emerici
750 3201 849 3259 prope
879 3195 1018 3260 puteum,
1042 3185 1152 3244 deinde
1174 3201 1231 3259 per
1257 3184 1388 3243 eundern
1412 3187 1452 3242 ri-

180 3291 293 3347 vulum
319 3305 443 3347 sursum
469 3291 506 3348 ad
541 3291 603 3349 duo
636 3291 814 3349 molendina
841 3293 963 3349 abbatis
991 3292 1030 3349 de
1053 3291 1204 3364 Zagrabia
1227 3307 1321 3365 super
1343 3290 1454 3348 eodem

180 3397 296 3468 rivum,
330 3411 391 3469 que
421 3397 600 3455 molendina
634 3397 671 3455 ad
706 3405 803 3455 metas
835 3399 964 3472 capituli
996 3397 1203 3468 includuntur,
1227 3397 1337 3454 deinde
1360 3413 1454 3471 super

181 3502 287 3575 ipsum
312 3501 452 3559 rivulum
475 3501 515 3560 ad
539 3503 597 3560 tria
620 3503 798 3561 molendina
822 3503 959 3577 capituli,
987 3511 1017 3561 et
1040 3503 1151 3561 dehinc
1175 3503 1214 3561 ad
1237 3503 1453 3562 molendinum

180 3605 302 3665 domini
334 3608 480 3681 episcopi,
512 3609 624 3666 abhinc
655 3609 769 3666 iterum
799 3609 838 3667 ad
871 3609 929 3666 tria
958 3609 1137 3668 molendina
1160 3610 1298 3683 capituli,
1330 3625 1454 3683 semper

182 3727 254 3770 cum
278 3712 363 3770 dicto
393 3714 497 3771 rivulo
528 3715 558 3770 in
582 3721 681 3772 totum
705 3731 776 3772 cum
800 3714 987 3773 molendinis
1010 3713 1050 3773 ad
1073 3715 1245 3790 capitulum
1270 3731 1323 3772 seu
1346 3731 1450 3788 zagra-

182 3819 324 3876 biensem
348 3818 509 3876 ecclesiam
532 3821 713 3894 pertinente,
737 3819 847 3878 dehinc
871 3837 926 3895 per
950 3837 1060 3878 verum
1083 3827 1221 3879 meatum
1241 3821 1338 3895 ipsius
1357 3823 1453 3879 rivuli

183 3940 294 3982 versus
317 3927 594 3998 septemptrionem
617 3927 758 3999 pervenit
774 3927 812 3984 ad
830 3927 892 3984 duo
912 3927 1091 3985 molendina
1107 3926 1280 3998 Grecensia,
1297 3944 1357 4001 que
1373 3944 1453 4002 aqua

186 4030 224 4088 de
247 4031 333 4088 dicto
356 4031 460 4088 rivulo
483 4037 607 4104 recepta
630 4031 792 4090 ducuntur.
814 4033 936 4091 Abhinc
952 4033 1049 4090 tendit
1065 4049 1122 4106 per
1137 4034 1300 4106 antiquum
1316 4041 1452 4091 meatum

184 4135 335 4210 sepedicti
366 4136 461 4194 rivuli
492 4137 531 4194 ad
561 4137 776 4195 molendinum
805 4139 1042 4210 Heremitarum,
1074 4139 1184 4196 deinde
1212 4155 1268 4213 per
1290 4141 1453 4213 antiquum

184 4249 323 4300 meatum
346 4243 444 4316 ipsius
466 4243 561 4302 rivuli
584 4245 693 4302 transit
717 4243 850 4318 quedam
871 4243 1048 4302 molendina
1069 4244 1235 4304 Grecensia
1251 4245 1281 4302 in
1297 4246 1453 4304 vicinitate

184 4349 286 4422 predii
308 4347 437 4420 Nicolai,
461 4348 521 4406 filii
544 4347 704 4422 Sirgarini‚
729 4351 813 4423 quod
837 4351 1008 4425 acapitulo
1025 4352 1143 4425 optinet
1159 4367 1197 4409 ex
1213 4361 1301 4425 parte
1317 4353 1452 4424 orientis,

185 4461 214 4511 et
238 4454 324 4511 venit
346 4453 387 4510 ad
410 4455 523 4522 locum,
545 4455 600 4512 ubi
626 4455 754 4528 quidam
778 4457 900 4514 rivulus
923 4473 1049 4514 currens
1068 4457 1106 4514 de
1131 4457 1265 4530 quadam
1289 4457 1367 4516 villa
1382 4458 1453 4516 Faiz

187 4561 272 4631 olim,
297 4577 378 4618 nunc
401 4560 554 4619 Craleuch
579 4561 752 4635 vulgariter
774 4569 959 4637 nuncupata,
984 4579 1044 4636 que
1067 4564 1126 4620 sub
1149 4571 1249 4621 castro
1275 4565 1383 4622 Medue
1399 4581 1453 4622 vo-

187 4672 254 4724 cato
278 4667 383 4740 ipsum
406 4667 546 4724 rivulum
570 4667 676 4736 influit,
700 4677 729 4725 et
745 4668 856 4726 dehinc
871 4669 909 4726 ad
927 4669 1086 4726 dexteram
1103 4677 1224 4743 partem
1240 4685 1297 4742 per
1313 4671 1451 4744 primum

185 4773 325 4830 rivulum
356 4772 443 4830 vadit
473 4789 597 4831 sursum
630 4773 744 4831 directe
775 4775 805 4832 in
837 4775 919 4832 bono
950 4777 1055 4850 spacio
1088 4791 1184 4849 usque
1207 4774 1247 4832 ad
1270 4775 1375 4832 locum
1398 4776 1452 4834 ubi

188 4877 225 4934 de
248 4885 338 4954 parte
360 4879 483 4938 sinistra
506 4881 536 4938 in
561 4887 642 4938 terra
666 4879 812 4940 Grecensi
832 4897 931 4955 prope
955 4882 1106 4955 quasdam
1129 4883 1233 4940 vineas
1260 4884 1453 4956 estquidam

188 4985 376 5044 monticulus
406 4986 554 5059 eminens,
578 4987 632 5044 ubi
655 4987 718 5044 exit
741 4988 845 5061 ipsum
868 4988 1006 5046 rivulum
1030 5003 1137 5046 versus
1161 4989 1319 5062 orientem,
1343 4995 1373 5047 et
1397 5007 1452 5064 per

1330 5120 1348 5172 9
