3782 5812
393 569 426 610 ra
831 555 903 611 Dor.
928 569 975 630 14.
1003 588 1039 596 —
1066 557 1121 612 An.
1148 569 1233 632 1257.

388 748 545 808 fructuum
568 757 787 824 perceptorum
811 757 841 808 et
865 752 974 809 iniuste
1006 753 1117 822 taliter,
1141 759 1174 810 ut
1204 754 1348 820 diximus,
1372 755 1577 828 detentorum,
1603 757 1661 814 do-

387 855 530 912 navimus
554 857 666 913 nostris
687 855 836 914 fratribus
859 863 974 914 terram
998 857 1147 930 Zagrabie
1171 859 1211 917 ad
1238 869 1371 933 quatuor
1394 867 1505 931 aratra,
1529 877 1590 934 que
1616 861 1657 919 ad

386 962 433 1020 ius
456 963 633 1036 episcopale
660 963 836 1037 specialiter
858 964 1041 1038 pertinebat,
1073 981 1144 1022 curn
1176 972 1309 1037 quatuor
1336 968 1447 1024 aratris
1470 975 1500 1024 et
1524 973 1659 1040 quatuor

387 1069 599 1126 mansionibus
622 1085 786 1127 servorum
810 1077 961 1144 perpetuo
984 1070 1212 1144 possidendam,
1236 1071 1274 1128 ad
1299 1087 1498 1130 communem
1516 1089 1657 1131 mensam

388 1173 529 1246 fratrum,
553 1191 623 1234 cum
648 1178 734 1250 prius
758 1171 865 1253 (talem
889 1169 1042 1252 mensam)
1066 1177 1096 1234 in
1120 1178 1338 1235 communione
1361 1193 1423 1236 non
1447 1179 1604 1248 haberent,
1626 1189 1658 1236 et

387 1297 442 1338 nos
465 1281 504 1338 ad
528 1283 587 1339 hoc
610 1283 717 1340 modis
738 1284 884 1340 omnibus
900 1283 1081 1340 hanelamus
1097 1289 1127 1340 et
1150 1283 1347 1354 intendimus,
1364 1283 1448 1356 quod
1473 1291 1504 1341 et
1526 1284 1658 1342 domum

385 1393 415 1445 et
438 1389 555 1445 curiam
579 1395 609 1445 et
632 1403 771 1446 mensam
797 1403 995 1446 communem
1019 1389 1152 1446 habeant
1184 1395 1214 1446 et
1245 1390 1415 1447 honestam.
1440 1389 1656 1463 Quamobrem

384 1488 427 1569 (et
449 1486 566 1568 aream)
591 1495 725 1552 vicinam
748 1495 877 1552 ecclesie
900 1511 936 1552 ex
962 1501 1049 1568 parte
1078 1496 1308 1568 septemtrionis
1335 1511 1405 1554 cum
1430 1497 1547 1570 piscina
1571 1497 1657 1554 iuxta

385 1601 514 1658 eandem
539 1601 686 1658 existente
708 1600 851 1658 dedimus
876 1603 1090 1660 communitati
1106 1619 1224 1673 eorum,
1240 1619 1310 1660 cum
1328 1604 1426 1662 eciam
1445 1605 1530 1678 prius
1546 1619 1656 1661 eorum

385 1707 477 1764 fuerit
500 1723 518 1764 a
541 1706 723 1766 fundacione
747 1707 882 1776 ecclesie,
907 1703 1045 1785 (seseque
1068 1701 1120 1784 ad)
1144 1708 1261 1766 ibidem
1284 1709 1423 1783 paranda
1447 1709 1590 1767 hedificia
1616 1707 1654 1767 ad

385 1829 565 1872 communes
589 1829 662 1871 usus
686 1813 818 1872 fratrum
851 1815 1056 1888 promissione
1087 1821 1255 1888 spontanea
1287 1816 1469 1889 obligantes.
1494 1815 1579 1887 ltem,
1603 1816 1658 1873 de-

385 1920 481 1978 cimas
504 1922 718 1993 zagrabienses
741 1922 819 1978 sicut
842 1927 1050 1978 antecessores
1073 1922 1169 1978 nostri
1194 1922 1403 1996 possederant,
1427 1921 1570 1980 dedimus
1587 1923 1656 1996 ple-

384 2027 469 2083 narie
493 2021 576 2102 (cum
600 2019 757 2102 omnibus)
781 2027 916 2096 minutis,
940 2029 1027 2099 agnis
1050 2027 1205 2096 videlicet,
1227 2027 1322 2085 melle
1346 2033 1375 2084 et
1398 2043 1477 2097 cera,
1502 2027 1582 2096 linis,
1599 2045 1656 2085 nu-

385 2133 481 2203 cibus,
506 2132 586 2190 fabis
611 2137 640 2190 et
664 2133 809 2190 omnibus
833 2149 1027 2205 quecumque
1058 2133 1158 2190 solent
1189 2133 1346 2202 decimari,
1369 2135 1495 2191 retentis
1518 2139 1656 2191 tantum·

385 2237 479 2297 modo
502 2255 540 2296 ex
564 2240 627 2298 illis
650 2241 739 2296 nobis
763 2241 863 2297 tribus
885 2240 1029 2296 millibus
1052 2245 1082 2296 et
1103 2240 1278 2312 quingentis
1294 2239 1418 2296 cubulis
1439 2239 1504 2297 vini
1520 2247 1550 2297 et
1566 2241 1656 2312 quin·

383 2347 483 2418 gentis
508 2347 730 2419 quinquaginta
753 2346 886 2418 capeciis
909 2352 939 2402 et
960 2347 1089 2403 secentis
1113 2345 1245 2418 gallinis.
1271 2347 1298 2403 A
1325 2345 1533 2404 decimacione
1549 2353 1655 2403 autern

385 2455 523 2526 ipsorum
548 2453 666 2525 Vgram
697 2458 727 2509 et
756 2451 888 2509 Casnam
920 2453 1107 2525 excepimus,
1139 2451 1178 2508 ad
1203 2458 1346 2508 nostrum
1369 2451 1533 2509 cellarium
1557 2467 1656 2508 reser-

384 2566 499 2618 vantes.
526 2559 690 2616 Pecuniam
714 2560 820 2628 eciam,
845 2574 940 2630 quarn
963 2557 1167 2616 decimatores
1190 2559 1403 2631 zagrabienses
1427 2558 1539 2615 nostris
1563 2558 1655 2615 mini-

383 2666 560 2723 sterialibus
585 2666 763 2738 persolvere
787 2673 1017 2734 consueverant,
1043 2663 1187 2722 videlicet
1210 2663 1287 2721 duas
1310 2679 1430 2721 marcas
1454 2671 1483 2720 et
1500 2662 1653 2720 fertonem

384 2773 463 2829 inter
485 2779 593 2842 totum,
618 2787 714 2844 quum
738 2787 776 2828 ex
800 2777 904 2828 nostra
928 2769 1125 2827 ordinacione
1149 2771 1206 2827 hec
1221 2769 1410 2826 consuetudo
1431 2770 1582 2842 originem
1598 2770 1654 2825 ha·

384 2879 501 2948 buerat,
525 2877 701 2934 remisimus
724 2877 854 2950 penitus,
878 2875 992 2932 amodo
1015 2891 1053 2932 ne
1082 2875 1268 2948 persolvant.
1299 2875 1385 2946 Item,
1411 2889 1508 2947 quum
1532 2872 1569 2930 ad
1596 2874 1655 2930 im·

384 2983 568 3040 munitatem
591 2982 718 3039 ecclesie
742 2989 772 3039 et
795 2980 834 3038 ad
859 2969 1003 3038 decorem
1026 2979 1138 3038 domus
1162 2980 1279 3038 domini
1296 2985 1325 3037 et
1344 2979 1384 3037 ad
1401 2980 1531 3037 fratrum
1558 2979 1654 3036 liber·

384 3093 478 3144 tatem
501 3087 744 3145 conservandam
768 3086 826 3144 deo
843 3091 918 3144 teste
934 3087 1121 3144 intendimus
1137 3087 1222 3143 omni
1243 3085 1345 3156 modo,
1361 3087 1440 3143 sicut
1455 3091 1485 3142 et
1502 3091 1653 3154 tenemur,
1710 3101 1714 3105 ·

384 3193 580 3252 concedimus
603 3201 633 3251 et
655 3195 827 3262 statuimus,
851 3199 886 3250 ut
915 3192 1079 3264 dignitates
1111 3193 1238 3250 ecclesie
1267 3193 1474 3264 zagrabiensis
1497 3191 1653 3248 canonicis

383 3299 615 3357 chasmensibus
640 3315 695 3373 per
718 3314 773 3356 nos
804 3299 856 3356 vel
887 3315 944 3372 per
975 3305 1096 3355 nostros
1126 3313 1317 3355 successores
1347 3297 1523 3354 nullatenus
1548 3295 1652 3353 confe-

383 3413 496 3462 rantur.
522 3405 607 3476 ltcm,
632 3406 742 3463 fratres
766 3406 861 3463 nostri
886 3404 1087 3462 decendentes
1111 3405 1235 3478 plenam
1259 3403 1393 3461 habeant
1410 3401 1589 3460 facultatem
1613 3401 1653 3459 de

385 3511 479 3568 rebus
501 3513 565 3568 suis
588 3510 788 3585 disponendi;
812 3513 838 3568 si
861 3527 936 3569 vero
960 3511 1094 3568 intestati
1118 3510 1312 3582 decesserint,
1337 3509 1376 3566 ad
1393 3525 1502 3567 manus
1519 3509 1652 3566 fratrum

385 3617 521 3690 plenarie
545 3625 575 3675 et
599 3619 736 3675 totaliter
751 3617 965 3686 devolvantur,
983 3633 1038 3675 nec
1054 3631 1110 3674 nos
1126 3618 1179 3674 vel
1194 3631 1385 3674 successores
1401 3616 1498 3673 nostri
1514 3615 1552 3672 de
1570 3615 1653 3688 ipso-

383 3737 453 3779 rum
477 3725 607 3797 pecunia
631 3725 682 3780 vel
706 3725 799 3781 rebus
816 3724 1066 3796 quibuscumque
1082 3723 1201 3795 aliquid
1219 3724 1375 3796 possimus
1398 3726 1582 3794 extorquere
1599 3721 1652 3778 vel

384 3828 505 3887 habere.
524 3829 666 3887 Preterea
683 3845 778 3904 super
795 3830 929 3903 populos
945 3828 1076 3886 fratrum
1094 3837 1272 3886 nostrorum
1295 3827 1500 3886 descendendi
1517 3833 1652 3900 potesta·

384 3940 448 3992 tem
460 3949 520 3992 non
536 3935 695 4006 habemus,
705 3951 803 4009 quum
819 3951 874 3993 nec
887 3935 1119 4008 predecessores
1135 3937 1231 3992 nostri
1244 3951 1338 4009 super
1352 3950 1404 3992 eos
1419 3933 1652 4004 descenderunt,

377 4021 481 4113 ¹neque
497 4056 552 4098 nos
569 4043 698 4100 ulterius
713 4040 943 4099 descendemus
959 4041 1025 4098 Hec
1041 4047 1146 4099 autem
1161 4042 1265 4099 omnia
1281 4040 1396 4098 idcirco
1412 4039 1587 4098 studuimus
1600 4055 1652 4097 or-

383 4146 497 4215 dinare,
515 4153 544 4204 et
560 4147 652 4204 dante
668 4147 795 4204 domino
811 4146 1024 4204 adordinanda
1040 4147 1236 4205 studebimus
1252 4147 1416 4221 ampliora,
1433 4161 1531 4220 quum
1554 4145 1651 4203 nichil

382 4253 421 4310 de
441 4254 499 4312 hiis
515 4255 677 4327 provisum
693 4255 839 4311 hactenus
856 4253 963 4324 fuerat,
980 4254 1037 4310 hec
1052 4254 1193 4326 neglecta
1213 4259 1299 4310 erant
1315 4254 1438 4325 penitus
1462 4267 1560 4325 usque
1577 4267 1648 4324 pre-

383 4375 459 4417 sens.
484 4360 525 4418 Ut
548 4366 652 4416 autem
676 4359 853 4433 supradicta
869 4361 973 4416 omnia
996 4361 1075 4417 iuste
1099 4369 1128 4416 et
1153 4361 1202 4433 pie
1224 4377 1279 4433 per
1294 4375 1349 4417 nos
1367 4359 1507 4417 ordinata
1523 4357 1649 4416 irrefra-

382 4466 512 4538 gibilem
537 4473 566 4522 et
589 4476 773 4539 perpetuam
798 4467 932 4523 habeant
955 4465 1135 4523 firmitatem
1157 4465 1196 4523 ad
1216 4467 1402 4540 peticionem
1426 4464 1499 4522 dicti
1518 4465 1649 4537 capituli

383 4583 557 4646 presentem
574 4572 760 4629 indulsimus
777 4573 923 4645 paginam
942 4573 1038 4644 sigilli
1054 4574 1149 4630 nostri
1167 4573 1338 4630 munimine
1353 4573 1540 4629 roboratam.
1559 4573 1649 4627 Anno

382 4679 603 4736 incarnacionis
627 4677 780 4735 dominice
805 4677 1042 4735 llCCXXXVll.
1061 4677 1259 4735 Pontificatus
1274 4679 1371 4736 nostri
1394 4693 1474 4734 anno
1498 4668 1651 4734 decimo¹

472 4833 612 4897 Originale
632 4833 658 4882 in
684 4833 842 4887 membrana,
868 4832 988 4896 sigillum
1013 4832 1135 4897 deperiit.
1160 4831 1190 4881 In
1215 4831 1285 4881 arch.
1310 4847 1365 4896 cap.
1393 4832 1497 4895 zagrab.
1527 4829 1587 4879 fasc.
1608 4838 1650 4886 23.

382 4939 421 4973 nr.
441 4924 482 4982 36.
501 4951 534 4961 -
553 4923 627 4989 Joan.
647 4922 762 4972 Thalete.
783 4922 852 4972 Mon.
873 4923 932 4971 hist.
953 4922 1030 4987 episc.
1052 4923 1155 4988 zagrab.
1176 4923 1227 4972 vol.
1249 4921 1268 4970 Ι.
1288 4937 1313 4986 p.
1335 4923 1374 4975 to.

426 5045 434 5077 ¹
453 5047 564 5097 rectius:
585 5047 749 5097 duodecimo,
