3824 5806
692 571 764 628 Dor.
782 565 859 647 362.
886 604 922 612 -
946 571 1001 628 An.
1026 583 1114 646 1392.
1475 587 1536 648 343

274 771 342 828 vuli
363 769 494 843 predicti
518 769 557 826 ad
581 770 706 842 plagam
739 769 909 844 predictam
943 768 1095 826 tendendo
1126 784 1228 842 supra,
1262 768 1402 842 pervenit
1425 768 1536 825 iterum

274 875 311 933 ad
336 876 413 933 duas
434 883 532 932 metas
554 881 676 946 terreas,
701 877 755 933 ubi
778 881 809 932 et
832 876 862 932 in
886 891 949 948 quo
973 874 1041 932 loco
1066 863 1168 947 primo
1191 877 1256 947 ipse
1272 875 1393 932 rivulus
1410 874 1535 948 duppli-

274 987 361 1040 catur
385 999 437 1039 seu
463 982 666 1039 combinatur.
689 981 722 1038 ln
747 981 990 1054 quibusquidem
1022 979 1142 1037 duabus
1174 981 1264 1037 metis
1291 979 1419 1052 lapideS,
1445 980 1539 1037 modo

274 1103 337 1161 quo
360 1104 462 1161 supra,
486 1089 580 1160 positi
603 1093 633 1144 et
655 1087 765 1144 inclusi
790 1087 968 1156 extitissent,
993 1085 1254 1158 quarumquidem
1278 1085 1411 1143 duarum
1444 1091 1540 1142 meta-

274 1209 344 1250 rum
368 1209 385 1251 a
409 1199 497 1267 parte
522 1192 727 1264 meridionali,
752 1209 812 1249 una
835 1207 893 1265 pro
925 1192 1014 1248 nobis
1046 1197 1076 1248 et
1107 1191 1168 1247 alia
1191 1206 1209 1247 a
1232 1199 1319 1264 parte
1351 1191 1539 1264 aquillonari

274 1298 395 1355 civibus
418 1298 565 1371 predictis
589 1298 690 1355 forent
713 1297 865 1370 deputate.
891 1299 1013 1355 Abhinc
1037 1297 1077 1353 ab
1101 1297 1168 1369 ipsa
1192 1296 1286 1369 plaga
1308 1297 1451 1353 orientali
1470 1314 1540 1371 pre·

276 1404 357 1461 dicta
381 1420 437 1477 per
467 1419 592 1461 cursum
623 1421 675 1461 seu
705 1411 842 1461 meatum
873 1404 963 1460 unius
994 1403 1089 1460 rivuli
1120 1402 1229 1472 eund0‚
1262 1403 1393 1460 tenendo
1424 1402 1540 1460 directe

276 1510 402 1583 plagam
434 1510 680 1582 acquillonarem
717 1509 896 1582 predictam,
930 1510 996 1581 ipse
1027 1524 1134 1565 cursus
1170 1509 1292 1566 metalis
1328 1509 1469 1582 pervenit
1500 1509 1539 1566 ad

276 1617 444 1688 quemdam
468 1623 597 1690 puteum
621 1632 719 1689 prope
743 1616 855 1672 villam
878 1615 1020 1674 Grachan
1037 1631 1055 1672 a
1071 1615 1165 1688 plaga
1182 1615 1323 1672 orientali
1348 1615 1444 1689 ipsius
1460 1616 1538 1673 ville

276 1723 417 1780 habitum
441 1727 471 1779 et
494 1723 684 1792 existentem,
710 1739 802 1794 quem
826 1727 956 1796 puteum
986 1737 1050 1792 nos,
1083 1721 1199 1778 scilicet
1231 1721 1404 1794 capitulum
1427 1726 1457 1778 et
1479 1722 1541 1794 ipsi

274 1829 358 1886 cives
381 1844 439 1902 pro
461 1833 544 1886 meta
578 1829 769 1901 assignamus
793 1835 823 1885 et
846 1828 1039 1901 deputamus,
1064 1828 1170 1900 ibique
1193 1828 1260 1901 ipse
1287 1844 1394 1884 cursus
1418 1828 1540 1885 metalis

276 1934 500 1993 terminaretur.
525 1935 592 1992 Hoc
614 1949 676 1991 non
699 1935 908 2007 pretermisso,
925 1934 1008 2006 quod
1031 1933 1205 2007 incipiendo
1222 1950 1239 1990 a
1256 1933 1402 2006 predictis
1419 1934 1541 1991 duabus

275 2041 365 2098 metis
389 2056 487 2114 prope
511 2040 628 2098 dictum
652 2040 865 2098 molendinum
897 2040 1036 2096 filiorum
1068 2039 1196 2112 Chupor
1219 2040 1327 2097 erectis
1351 2056 1447 2112 usque
1472 2056 1541 2114 pre-

275 2149 389 2205 dictam
415 2147 525 2204 villam
550 2147 710 2205 Gracchan
732 2147 939 2220 prenominati
969 2147 1052 2203 cives
1075 2161 1092 2201 a
1115 2152 1204 2218 parte
1232 2145 1415 2202 occidentali
1437 2145 1469 2202 in
1491 2146 1538 2218 ip·

275 2269 381 2310 sorum
406 2253 560 2310 territorio
584 2252 702 2325 absque
726 2251 948 2325 impedimento
970 2258 1001 2309 et
1025 2252 1237 2308 destruccione
1258 2249 1429 2308 molendini
1444 2252 1541 2308 sancti

275 2359 424 2442 Johannis
447 2359 535 2416 Nove
557 2359 635 2416 ville
658 2359 689 2417 in
712 2359 858 2432 porcione
881 2375 934 2416 seu
951 2358 1106 2415 territorio
1123 2357 1219 2430 ipsius
1236 2357 1369 2414 civitatis
1385 2357 1542 2414 existentis

275 2471 305 2522 et
328 2465 435 2536 habiti,
458 2465 637 2522 molendina
659 2471 689 2522 et
712 2465 772 2522 alia
797 2465 918 2522 edificia
941 2470 1094 2537 quotquot
1113 2465 1230 2534 volunt,
1246 2462 1410 2521 edificandi
1426 2467 1456 2520 et
1471 2478 1542 2520 con-

276 2571 413 2628 struendi
436 2577 466 2628 et
489 2587 603 2644 aquam
626 2587 680 2628 seu
703 2571 868 2628 decursum
895 2586 974 2643 aque
998 2571 1094 2644 ipsius
1117 2570 1212 2627 rivuli
1236 2570 1273 2627 de
1298 2584 1372 2627 vero
1396 2585 1487 2626 cursu
1511 2568 1542 2626 in

196 2753 197 2756 Ἴ
275 2679 351 2735 locis
385 2678 563 2736 necessariis
594 2677 634 2734 ad
666 2677 780 2734 fossata
810 2676 983 2749 excipiendi
1014 2677 1147 2733 liberam
1170 2677 1329 2733 habebunt
1353 2675 1541 2732 facultatem.

275 2783 336 2841 Sed
357 2799 420 2854 nos,
452 2783 570 2841 scilicet
600 2784 772 2857 capitulum
796 2799 814 2840 a
837 2782 983 2856 predictis
1011 2782 1132 2839 duabus
1155 2783 1246 2840 metis
1269 2797 1368 2855 prope
1393 2780 1542 2838 molendi-

276 2905 349 2947 num
381 2890 520 2948 filiorum
551 2889 680 2963 Chupor
711 2889 892 2963 predictum,
917 2888 1091 2962 incipiendo
1116 2904 1212 2960 usque
1236 2887 1407 2960 predictam
1430 2887 1543 2944 villam

275 2997 436 3055 Gracchan
459 2997 547 3054 nulla
571 2995 748 3052 molendina
772 2996 821 3052 vel
842 2996 902 3052 alia
919 2994 1048 3065 edificia,
1065 3010 1125 3066 que
1143 3011 1199 3066 per
1215 3008 1329 3066 aquam
1344 2993 1441 3066 ipsius
1457 2992 1543 3050 fluvii

276 3105 461 3162 ducerentur
484 3103 535 3159 vel
559 3101 630 3159 duci
645 3107 779 3175 possent,
804 3100 903 3158 facere
927 3107 955 3157 et
979 3105 1155 3157 construere
1178 3115 1213 3155 ac
1229 3097 1372 3155 edificare
1389 3097 1543 3170 possimus

276 3227 331 3268 nec
346 3211 506 3267 valeamus
522 3208 616 3265 modo
632 3207 770 3280 aliquali.
787 3207 834 3263 De
860 3205 1014 3263 territorio
1037 3207 1140 3262 autem
1163 3209 1192 3262 et
1215 3204 1305 3260 metis
1328 3209 1431 3261 nostre
1451 3203 1543 3259 turris

275 3317 307 3373 in
331 3315 470 3389 predicta
493 3315 616 3372 civitate
640 3320 813 3371 constructe
836 3321 866 3370 et
890 3313 1054 3382 existentis,
1078 3327 1139 3384 que
1161 3311 1255 3368 turris
1278 3310 1437 3382 wlgariter
1459 3315 1489 3365 et
1512 3309 1543 3365 in

275 3423 388 3494 wlgari
411 3421 601 3494 Popowturu
624 3427 827 3493 nuncupatur,
853 3419 942 3476 metis
964 3435 1018 3476 seu
1041 3419 1137 3490 signis
1160 3417 1326 3474 metalibus
1349 3416 1389 3472 ab
1413 3420 1543 3486 utraque

276 3535 364 3601 parte
389 3528 485 3600 ipsius
509 3528 603 3584 turris
626 3527 820 3598 consignatis,
851 3526 909 3583 hoc
933 3525 1040 3582 ordine
1063 3541 1116 3581 seu
1141 3523 1234 3604 modo
1258 3522 1464 3594 infrascripto
1488 3536 1543 3578 nos

277 3635 393 3691 scilicet
417 3634 590 3706 capitulum
614 3637 644 3690 et
667 3623 726 3706 ipsi
748 3632 831 3689 cives
854 3631 1031 3688 huiusmodi
1056 3629 1253 3688 concordiam
1269 3629 1416 3685 duximus
1432 3626 1543 3683 tacien-

276 3741 364 3797 dam:
399 3739 480 3812 quod
512 3739 615 3813 primo
643 3739 750 3812 incipit
774 3754 839 3794 esse
861 3753 920 3810 pro
943 3745 1025 3794 meta
1049 3739 1142 3794 turris
1165 3735 1303 3809 predicte
1326 3735 1357 3792 in
1380 3733 1543 3806 superficie

277 3848 374 3904 muris
397 3845 571 3918 incipiendo
595 3861 613 3902 a
635 3861 726 3902 muro
746 3845 872 3918 parietis
894 3843 1031 3902 eiusdem
1054 3843 1147 3900 turris
1170 3859 1188 3899 a
1211 3847 1298 3915 parte
1314 3841 1456 3898 orientali
1472 3851 1554 3912 prof

277 3950 413 4008 cedendo
436 3966 535 4024 usque
557 3951 684 4024 plagam
701 3950 938 4008 meridionalem
957 3929 1031 4006 'curn
1056 3965 1199 4005 mensura
1214 3947 1312 4020 regali
1337 3944 1544 4004 mensurando

277 4056 415 4114 extendit
437 4074 470 4114 se
494 4058 533 4114 ad
558 4058 682 4130 triginta
705 4067 767 4114 tres
790 4072 958 4126 mensuras,
987 4071 1004 4112 a
1027 4061 1114 4129 parte
1138 4069 1213 4111 vero
1236 4053 1482 4127 septemtrionali
1504 4052 1544 4108 si·

277 4163 394 4220 militer
423 4179 442 4220 a
472 4178 563 4221 muro
594 4163 721 4237 parietis
752 4162 891 4219 eiusdem
921 4162 1015 4219 turris
1045 4177 1098 4218 seu
1127 4161 1193 4234 ipsa
1216 4159 1295 4216 turri
1317 4157 1491 4231 incipiendo
1514 4163 1545 4214 et

277 4284 385 4326 versus
417 4269 546 4344 plagam
577 4269 800 4327 occidentalem
831 4266 1026 4342 procedendo
1055 4282 1162 4324 versus
1184 4281 1300 4323 novam
1324 4269 1447 4338 portam
1469 4263 1544 4320 civi-

276 4376 349 4433 tatis
370 4375 517 4450 predicte,
542 4375 718 4448 quindecim
741 4390 883 4432 mensure
905 4374 1026 4446 regales
1050 4378 1080 4430 et
1102 4387 1180 4429 unus
1204 4373 1326 4429 cubitus
1349 4385 1420 4428 cum
1441 4369 1544 4426 medio

277 4482 448 4539 extitissent
480 4482 648 4539 mensurati
672 4487 702 4538 et
725 4481 871 4554 deputati.
903 4480 1044 4536 Preterea
1075 4481 1133 4536 hoc
1161 4478 1320 4534 declarato
1343 4492 1404 4533 non
1428 4481 1544 4549 preter-

277 4589 380 4659 miss0‚
414 4588 498 4662 quod
529 4604 593 4659 nos,
625 4588 742 4645 scilicet
772 4586 945 4660 capitulum
976 4586 1007 4642 in
1036 4590 1141 4642 nostro
1165 4584 1281 4641 tributo
1305 4599 1359 4640 seu
1382 4581 1545 4639 tributaria

278 4695 449 4752 exaccione.
478 4693 573 4751 modo
606 4691 810 4766 infrascripto,
839 4707 910 4748 cum
934 4691 1051 4748 eisdem
1074 4691 1194 4748 civibus
1217 4688 1396 4746 huiusmodi
1420 4699 1545 4760 compo·

278 4800 426 4856 sicionem
449 4805 478 4856 et
502 4798 731 4856 ordinacionem
761 4799 906 4856 duximus
938 4797 1119 4868 faciendam,
1154 4802 1188 4853 ut
1210 4812 1229 4853 a
1251 4796 1468 4868 iobagionibus
1491 4808 1543 4850 seu

278 4905 406 4980 populis
430 4906 570 4979 ipsorum
592 4905 708 4962 civium
733 4905 763 4962 in
787 4905 990 4978 infrascriptis
1012 4905 1105 4975 villis,
1130 4903 1289 4960 videlicet:
1305 4900 1433 4971 Dedich,
1450 4899 1545 4958 Grac-

279 5012 365 5084 chan,
390 5013 560 5084 Kralewcz,
594 5012 727 5084 Kobilie,
759 5008 897 5084 Zuyblie,
921 5009 1028 5081 Narth,
1053 5009 1143 5066 Nova
1166 5025 1238 5080 wez,
1263 5007 1426 5078 Pobresye,
1450 5005 1544 5064 Cher·
