3600 5804
553 569 720 642 Doc.129.
747 601 783 610 -
809 569 865 626 An.
891 581 978 645 1324·
1345 587 1404 646 109

158 769 335 843 presentibus
370 768 463 826 inseri
493 766 638 826 facientes
661 765 852 825 ratificamus
875 773 905 825 et
929 769 1142 843 approbamus
1166 773 1196 826 et
1218 768 1407 842 prescriptas

158 875 299 932 libertates
321 889 393 932 cum
417 879 554 948 pretacta
576 882 657 932 terra
681 873 757 947 ipsis
780 874 957 947 hospitibus
980 875 1093 932 nostris
1116 873 1154 930 de
1177 879 1282 932 monte
1305 872 1406 931 Grech

158 986 183 1038 et
202 981 259 1038 suis
281 981 522 1054 posteritatibus,
554 981 752 1054 apposicione
784 979 858 1037 novi
881 979 978 1052 sigilli
1001 981 1097 1036 nostri
1120 985 1150 1036 et
1171 979 1316 1036 autentici
1340 995 1408 1052 pre-

158 1088 279 1144 sencium
302 1087 474 1161 patrocinio
497 1093 649 1160 perpetuo
673 1085 902 1144 confirmamus.
928 1085 961 1142 ln
984 1086 1070 1143 cuius
1092 1085 1339 1143 confirmacionis
1362 1101 1408 1142 se-

158 1194 225 1251 riem
246 1199 274 1250 et
296 1199 479 1267 perpetuam
510 1193 691 1251 firmitatem
719 1201 877 1267 presentes
905 1193 1111 1251 concessimus
1141 1194 1260 1250 litteras
1283 1192 1356 1250 novi
1379 1196 1407 1248 et

158 1300 286 1356 autentici
309 1299 405 1371 sigilli
427 1299 523 1357 nostri
540 1298 675 1372 duplicis
693 1299 862 1356 munimine
886 1299 1054 1357 roboratas.
1078 1299 1194 1356 Datum
1218 1315 1275 1373 per
1298 1315 1408 1358 manus

158 1406 268 1464 discreti
290 1405 349 1463 viri
371 1405 514 1478 magistri
544 1405 672 1477 Endree,
702 1405 826 1463 lectoris
850 1405 1188 1478 quinqueecclesiensis,
1212 1406 1282 1463 aule
1305 1411 1409 1462 nostre
1471 1403 1477 1420 ⁸

158 1512 395 1584 vicecancellarii,
418 1511 525 1570 dilecti
547 1517 577 1570 et
599 1511 702 1570 fidelis
722 1513 827 1570 nostri.
844 1513 935 1570 Anno
952 1511 1071 1568 domini
1087 1511 1256 1568 millesimo
1272 1511 1409 1569 CCCXX

158 1625 264 1690 quarto,
287 1628 396 1676 octavo
419 1617 499 1691 ydus
522 1619 638 1676 marcii.
662 1618 760 1692 Regni
783 1623 887 1675 autem
910 1617 1007 1675 nostri
1027 1633 1108 1675 anno
1123 1617 1268 1674 similiter
1284 1616 1405 1676 XXllll.

157 1725 381 1783 venerabilibus
416 1726 447 1783 in
470 1725 593 1784 Christo
625 1726 776 1798 patribus,
808 1724 958 1782 dominis:
983 1723 1133 1795 Bolezla0‚
1157 1725 1353 1798 strigoniensi
1375 1733 1405 1783 et

158 1829 244 1888 fratre
265 1831 417 1902 ladizla0,
440 1831 601 1902 colocensi,
625 1831 881 1905 archiepiscopis;
905 1831 1044 1914 Johanne
1063 1833 1220 1904 nytriensi,
1244 1831 1408 1890 Benedicto

158 1937 347 2007 chanadiensi,
380 1937 508 1996 Nicolao
534 1937 689 2013 jauriensi,
714 1935 848 2010 Georgio
872 1937 910 1995 de
933 1936 1065 2010 syrmia,
1089 1938 1236 1996 ladizlao
1260 1940 1408 2012 quinque-

157 2045 327 2116 ecclesiensi,
352 2043 448 2102 fratre
478 2045 568 2102 Petro
595 2045 749 2114 boznensi‚
774 2043 898 2102 Iwanlra
922 2043 1113 2118 waradiensi,
1137 2043 1263 2102 Andrea
1287 2045 1408 2102 transil-

158 2165 236 2220 vano,
265 2151 394 2208 Herrico
425 2151 659 2224 wesprimiensi,
690 2156 719 2208 et
751 2150 932 2208 Chanadino
956 2151 1088 2222 agriensi
1111 2151 1311 2210 ecclesiarum
1344 2153 1407 2225 epi·

157 2257 255 2329 scopis,
284 2258 429 2315 ecclesias
460 2256 510 2315 dei
533 2257 664 2315 feliciter
686 2257 939 2329 gubernantibus.
967 2257 1138 2330 Magnificis
1163 2259 1239 2316 viris
1262 2257 1410 2332 Philippo

157 2363 289 2434 palatim,
320 2364 432 2421 comite
463 2363 649 2438 scepusiensi
679 2371 709 2421 et
742 2363 780 2419 de
805 2363 929 2435 Vywar,
955 2363 1113 2421 Demetrio
1138 2365 1286 2436 magistro
1308 2371 1409 2422 tavar-

157 2468 283 2526 nicorum
307 2475 494 2534 nostrorum,
518 2471 630 2527 comite
654 2469 811 2526 bachiensi
835 2475 865 2526 et
888 2469 1095 2540 trinchiuensi,
1116 2470 1282 2545 lamperto
1307 2471 1407 2528 iudice

158 2575 231 2632 curie
252 2581 362 2647 nostre,
385 2577 497 2633 comite
521 2575 718 2633 chanadiensi
742 2583 773 2632 et
794 2576 950 2647 nytriensi,
975 2575 1097 2633 Thoma
1120 2576 1264 2650 voyvoda
1288 2577 1409 2634 transil-

156 2694 227 2737 vano
255 2687 283 2738 et
312 2683 426 2740 comite
457 2681 496 2738 de
530 2681 644 2752 Zonuk‚
678 2681 806 2739 Nicolao
830 2682 911 2738 bano
935 2683 1033 2740 tocius
1056 2681 1219 2740 Sclauonie
1243 2689 1273 2740 et
1296 2685 1408 2740 comite

156 2789 346 2859 supruniensi,
379 2788 476 2845 Panlo
508 2789 588 2845 bano
622 2787 660 2844 de
683 2787 824 2848 Machou.
848 2789 959 2846 comite
983 2790 1155 2860 syrmiensi.
1180 2789 1218 2846 de
1243 2789 1357 2848 Wollro
1381 2799 1410 2847 et

157 2889 191 2947 de
224 2891 353 2966 Rudrug,
388 2893 500 2966 Mykch
530 2895 680 2966 magistro
715 2895 944 2952 tavarnicorum
976 2893 1101 2952 domine
1132 2896 1236 2968 regine
1261 2897 1410 2954 consortis

156 3005 248 3056 nostre
277 2999 447 3071 karissime,
480 3001 580 3057 Deseu
610 2999 712 3058 iudice
743 3001 827 3058 curie
857 2999 996 3058 eiusdem
1020 2999 1144 3058 domine
1168 3003 1282 3074 regine,
1307 3001 1409 3059 Blasio

158 3106 293 3176 magistro
326 3121 496 3179 agasonum
533 3111 718 3174 nostrorum,
755 3105 894 3164 Dionisio
929 3107 1078 3179 magistro
1112 3107 1327 3180 dapiferorum
1357 3123 1410 3165 no·

157 3215 279 3269 strorum
301 3218 332 3270 et
355 3212 483 3270 Nicolao
507 3213 619 3270 comite
655 3213 839 3287 posomensi,
871 3212 1003 3286 aliisque
1027 3229 1121 3286 quam
1146 3215 1289 3286 pluribus
1313 3215 1408 3272 comi-

158 3321 229 3373 tatus
250 3320 334 3391 regni
358 3319 532 3376 tenentibus
554 3326 584 3376 et
608 3321 747 3377 honores.

237 3435 374 3502 Originale
399 3436 426 3485 in
450 3437 608 3494 membrana.
633 3453 696 3487 zona
721 3453 735 3486 e
760 3436 812 3486 filis
832 3436 970 3486 cannabeis
989 3437 1057 3486 albis
1076 3444 1102 3486 et
1127 3436 1259 3486 viridibus
1281 3438 1411 3502 dependet

158 3522 318 3582 solummodo,
337 3523 457 3589 sigillum
477 3524 565 3588 periit.
583 3523 612 3574 In
632 3524 741 3576 archivo
759 3524 805 3573 lib.
825 3539 879 3590 reg.
901 3524 971 3574 civit.
992 3525 1177 3590 zagrabiensis.

734 3755 817 3822 129.

252 3899 325 3946 Anno
348 3905 421 3957 1324.
445 3898 481 3948 18.
501 3897 625 3947 octobris.
641 3897 794 3962 Zagrabiae.

175 4020 259 4079 Pacta
281 4024 315 4080 de
329 4021 483 4098 exrgcndis
505 4025 619 4082 tribulis
642 4043 676 4082 ac
698 4026 811 4082 teloniis
833 4026 863 4081 in
888 4027 1002 4083 civetate
1024 4025 1140 4098 zagrab.
1164 4028 1388 4084 contumacitatem

226 4131 346 4188 civitatis
368 4133 469 4189 neentis
497 4131 667 4189 Greclrensr's
690 4133 765 4189 inter
786 4141 813 4190 et
833 4135 988 4206 capitulum
1011 4134 1127 4204 zagrab.
1151 4133 1337 4191 obseruanda.

237 4277 296 4335 Nos
319 4278 511 4336 Pechmanus
534 4279 627 4336 iudex
651 4279 792 4350 civitatis
816 4281 907 4338 iurati
940 4289 968 4338 et
1000 4281 1176 4350 consiliarii,
1200 4279 1333 4338 scilicet:
1357 4280 1410 4338 Ni·

161 4382 227 4454 cola,
248 4385 392 4448 Francha.
416 4385 559 4458 Peterlin,
584 4385 678 4457 Phile,
702 4386 819 4459 Petrus,
843 4387 1004 4460 Georgius,
1026 4387 1172 4444 Nicolaus
1195 4395 1224 4444 et
1247 4386 1408 4459 Georgius,

162 4502 192 4543 ac
211 4492 339 4550 universi
363 4493 446 4550 cives
470 4491 509 4549 de
532 4499 636 4550 monte
667 4492 777 4550 Grech.
808 4493 1025 4565 Significamus
1055 4495 1169 4566 quibus
1197 4492 1322 4567 expedit
1346 4493 1411 4550 uni-

163 4597 247 4654 versis
269 4599 460 4671 presencium
485 4615 541 4672 per
564 4605 710 4668 tenorem,
735 4599 817 4672 quod
841 4617 913 4657 cum
936 4615 991 4657 nos
1018 4617 1074 4674 per
1105 4601 1303 4658 honorabiles
1328 4600 1412 4658 viros

163 4704 318 4774 capitulum
341 4707 468 4763 ecclesie
490 4707 698 4776 zagrabiensis
721 4706 759 4762 ad
784 4708 973 4779 presenciam
998 4707 1115 4764 domini
1139 4707 1235 4764 nostri
1260 4707 1340 4776 regis
1368 4706 1412 4762 le-

164 4806 256 4876 gitime
285 4813 402 4869 evocati
434 4811 599 4869 fuissemus
630 4829 724 4885 super
754 4813 893 4870 articulis
924 4813 1136 4885 infrascriptis
1164 4814 1194 4869 in
1219 4815 1332 4885 quibus
1356 4829 1411 4870 nos

165 4911 274 4974 iniurias
298 4924 327 4976 et
351 4918 486 4992 dampna
509 4918 626 4975 eisdem
650 4919 802 4990 irrogasse
826 4917 976 4988 dicebant,
994 4920 1022 4976 in
1042 4935 1078 4976 eo
1095 4920 1233 4991 primum
1259 4919 1410 4990 videlicet,

165 5019 236 5090 quod
257 5023 430 5098 depositum
452 5039 561 5082 eorum
584 5024 680 5082 acad
712 5040 763 5082 eos
793 5026 1018 5099 pertinencium
1041 5026 1173 5084 scilicet:
1202 5027 1319 5098 vinum,
1344 5026 1410 5084 bla-
