3600 5804
359 557 399 634 48
785 553 857 610 Doc.
876 563 928 627 55.
956 585 993 593 —
1018 550 1074 609 An.
1100 563 1188 628 1272.

357 752 467 824 Egidio
482 753 631 826 magistro
653 751 893 822 tavarnicorum,
917 751 1029 808 comite
1044 749 1229 824 posoniensi,
1244 748 1407 832 Joachimo
1422 749 1506 806 bano
1526 749 1625 806 tocius

358 858 529 932 Sclauonie,
559 859 683 918 Matheo
712 857 857 931 voyvoda
887 857 1086 926 transilvan0‚
1110 855 1222 912 comite
1254 853 1293 912 de
1314 855 1429 926 Zonuk‚
1453 855 1623 913 laurencio

359 966 440 1023 bano
456 965 494 1022 de
510 965 659 1037 Zewrino,
672 965 785 1023 comite
797 963 836 1022 de
847 961 988 1034 Dobolra,
1003 961 1093 1020 Petro
1108 961 1258 1034 magistro
1274 959 1498 1034 dapiferorum,
1512 962 1623 1018 comite

359 1070 398 1128 de
420 1071 569 1142 Guesche,
594 1071 725 1128 Alberto
749 1071 899 1143 magistro
922 1083 1101 1142 agazonum,
1125 1067 1237 1126 comite
1261 1059 1299 1124 de
1326 1065 1452 1140 Sybin0,
1476 1066 1623 1140 Philippo

358 1177 507 1250 magistro
529 1179 774 1251 princernarum,
797 1176 895 1234 Paulo
919 1176 1008 1246 bano,
1031 1175 1144 1232 comite
1169 1173 1359 1246 baathyensi,
1382 1172 1537 1245 Gregorio
1564 1187 1627 1229 ma-

357 1284 454 1356 gistro
477 1285 707 1341 tavarnicorum
730 1283 854 1342 domine
876 1283 990 1352 regine,
1007 1281 1119 1339 comite
1142 1281 1235 1338 castri
1259 1279 1359 1351 ferrei,
1383 1279 1510 1352 Ponych
1539 1281 1627 1352 bano,

358 1391 469 1448 comite
490 1389 665 1461 zaladiensi,
689 1389 820 1448 Michael
844 1389 957 1446 comite
980 1387 1118 1445 nitriensi
1142 1391 1172 1444 et
1191 1386 1262 1444 aliis
1286 1401 1381 1458 quam
1408 1386 1555 1458 pluribus
1578 1401 1627 1442 co

358 1496 484 1553 mitatus
506 1496 593 1568 regni
616 1495 713 1553 nostri
735 1495 911 1552 tenentibus
938 1498 968 1551 et
991 1493 1131 1550 honores.

447 1613 587 1678 Originale
606 1612 633 1662 in
655 1611 806 1662 membrana
825 1611 852 1662 in
873 1612 944 1662 arch.
969 1609 1145 1661 Praebendar.
1171 1611 1277 1676 zagrab‚
1305 1637 1337 1648 -
1359 1609 1454 1660 Exstat
1472 1623 1580 1672 quoque
1598 1607 1626 1656 in

358 1703 429 1753 arch.
448 1717 505 1752 ven.
524 1701 602 1768 capit.
621 1702 726 1768 zagrab.
745 1700 773 1751 in
792 1700 964 1766 transumptis
986 1715 1041 1766 reg.
1062 1698 1194 1750 Ludovici
1207 1698 1226 1748 1.
1245 1704 1271 1748 ct
1284 1697 1460 1764 Sigismundi,
1475 1698 1544 1748 unde
1559 1696 1630 1764 typis

358 1789 480 1856 vulgavit
496 1791 571 1856 Joan.
591 1788 707 1840 Thaliie.
726 1788 796 1840 Mon.
815 1788 876 1838 hist.
896 1788 974 1854 episc.
995 1789 1098 1852 zagrab.
1118 1785 1138 1836 1.
1158 1803 1183 1852 p.
1206 1786 1263 1847 164.

447 1878 487 1928 De
506 1877 584 1929 missa
601 1879 626 1929 b.
647 1895 670 1929 v.
691 1877 792 1928 Mariae
810 1877 837 1928 in
857 1879 918 1927 eccl.
934 1877 1080 1928 cathedrali
1093 1875 1257 1942 zagrablensi
1272 1875 1393 1940 quotidie
1406 1874 1526 1932 dicenda,
1553 1880 1578 1924 et
1597 1875 1630 1923 de

360 1967 447 2033 prima
470 1967 636 2018 institutione
660 1965 769 2032 collegii
796 1965 1053 2016 Praebendariorum
1078 1981 1092 2014 e
1117 1965 1281 2014 documentis
1314 1963 1462 2030 deperditis
1491 1963 1631 2013 Baithasar

360 2055 481 2106 Krtelit:
499 2056 600 2106 Histor.
621 2056 688 2106 cath.
708 2057 770 2104 eccl.
790 2055 895 2121 zagrab.
915 2061 932 2104 t.
952 2054 971 2104 I.
992 2069 1017 2120 p.
1037 2055 1078 2113 88,
1097 2053 1136 2104 ita
1154 2052 1339 2119 praenotavit:

452 2145 495 2196 Ob
513 2144 677 2210 singularem
696 2161 714 2194 s.
734 2143 806 2210 regis
825 2142 951 2208 Stephani
970 2142 998 2193 in
1010 2141 1147 2208 deiparam
1159 2141 1292 2207 virginem
1304 2141 1480 2198 devotionem,
1501 2140 1629 2189 culidem

362 2233 537 2298 apostolicum
555 2233 711 2299 Hungariae
737 2247 800 2282 suae
824 2247 934 2297 regnum
960 2231 1102 2289 dicaverat,
1128 2229 1156 2280 in
1180 2230 1303 2280 omnibus
1329 2228 1486 2295 Hungariae
1504 2227 1631 2285 basilicis,

362 2320 518 2386 quotidiana
536 2320 627 2371 votiva
644 2321 724 2372 missa
749 2319 841 2370 offerri
865 2319 986 2383 quotidie
1010 2324 1189 2377 consveverat,
1214 2317 1263 2382 qui
1288 2334 1343 2367 mos
1368 2317 1395 2366 in
1421 2316 1533 2366 ecclesia
1552 2315 1632 2366 etiam

363 2407 508 2458 cathedrali
527 2407 691 2474 zagrabiensi
710 2421 759 2474 per
778 2407 916 2458 canonicos
935 2407 1134 2457 observabatur.
1159 2405 1231 2468 Quia
1249 2411 1337 2456 autem
1356 2406 1390 2455 ob
1409 2420 1539 2455 annorum
1559 2403 1632 2469 prio-

363 2512 423 2546 rum
441 2496 649 2546 circumstantias
669 2502 695 2547 et
714 2495 900 2546 canonicorum
917 2495 1030 2553 labores,
1049 2494 1194 2560 praecipue
1213 2493 1476 2544 archidiaconatuum
1496 2507 1587 2542 curam
1605 2497 1632 2542 et

363 2583 548 2636 canonicorum
567 2600 694 2650 persaepe
713 2584 887 2635 necessariam
906 2583 1058 2642 absentiam,
1078 2585 1113 2634 ob
1125 2582 1217 2633 missas
1230 2582 1309 2632 etiarn
1323 2583 1395 2641 alias,
1413 2588 1468 2632 tam
1488 2582 1556 2631 hanc
1569 2596 1633 2645 quo-

364 2671 491 2722 tidianam
510 2673 543 2722 de
562 2674 586 2723 b.
607 2690 631 2724 v.
651 2673 822 2731 Mamaeum
842 2677 867 2722 et
886 2672 996 2722 chorum
1021 2672 1160 2722 absolvere
1185 2670 1317 2721 canonicis
1342 2687 1393 2720 non
1418 2669 1471 2720 tuit
1496 2668 1583 2728 facile,
1601 2685 1635 2719 ne

363 2776 413 2820 res,
432 2761 466 2811 ob
485 2760 673 2826 impedimenta
691 2761 879 2812 canonicorum
904 2759 1058 2810 successivis
1083 2759 1249 2824 temporibus
1268 2765 1314 2808 aut
1331 2758 1485 2824 negligatur
1505 2765 1552 2808 aut
1570 2773 1632 2808 exo·

364 2850 444 2900 lescat
462 2849 526 2899 Bela
545 2849 590 2899 IV.
610 2865 680 2916 rege,
699 2849 815 2915 primum
834 2847 1018 2906 consentiente,
1038 2848 1099 2898 dein
1119 2853 1145 2898 et
1165 2848 1300 2898 Clemente
1314 2847 1363 2897 IV.
1376 2862 1486 2896 romano
1506 2845 1633 2912 pontifice

365 2938 529 3004 approbante
547 2938 580 2987 de
600 2939 662 2988 dato
682 2937 799 2988 Viterbii
819 2953 886 2987 anno
915 2937 989 2998 1269,
1008 2935 1177 3001 pontificatus
1196 2941 1300 3000 quarto,
1320 2934 1447 3000 Philippo
1461 2934 1634 3001 strigoniensi

366 3032 392 3076 et
410 3026 543 3091 Stephano
563 3026 693 3076 colocensi
712 3024 920 3091 archiepiscopis
944 3040 994 3090 pro
1018 3025 1070 3074 hoc
1094 3024 1286 3082 laborantibus,
1307 3023 1447 3074 Timotheo
1472 3029 1561 3073 autem
1581 3022 1634 3072 dis·

365 3112 500 3172 sentiente,
519 3113 570 3163 nisi
591 3114 631 3164 ius
654 3119 808 3179 patronatus
834 3113 919 3164 eidem
944 3112 1114 3180 attpibuatur,
1134 3111 1306 3163 mansionarii
1331 3111 1387 3162 sive
1406 3111 1599 3162 Praebendarii
1620 3127 1635 3161 a

366 3201 485 3268 capitulo
504 3203 670 3268 zagrabiensi
688 3202 793 3253 fundati
811 3210 877 3254 sunt.

474 3381 551 3429 Anno
573 3387 647 3437 1272,
669 3387 707 3435 17.
727 3379 808 3446 Junii.
970 3363 1028 3429 55.

368 3487 531 3562 Stephanus
556 3489 584 3546 V.
603 3491 780 3564 Hungariae
794 3497 841 3548 etc.
857 3509 920 3562 rex,
934 3508 996 3547 cum
1012 3490 1073 3547 eccl.
1094 3489 1211 3562 aagrab.
1227 3488 1389 3562 privilegia
1408 3489 1568 3564 confirmat,
1586 3495 1633 3562 op-

366 3594 431 3650 timc
446 3595 576 3652 meritam
589 3595 624 3652 de
639 3596 734 3653 eadem
747 3597 861 3654 ecclesia
878 3595 1045 3669 reparanda
1061 3596 1217 3668 epsicopum
1237 3594 1414 3652 timotheum
1426 3601 1631 3652 commemorat.

455 3720 490 3777 ln
512 3721 636 3778 nomine
660 3729 762 3780 sancte
785 3721 930 3779 trinitatis
952 3727 982 3778 et
1002 3720 1162 3779 individue
1184 3721 1317 3778 unitatis
1335 3721 1443 3778 Amen.
1460 3719 1637 3794 Stephanus

368 3828 417 3888 dei
439 3832 544 3903 gracia
567 3831 733 3904 Hungarie,
758 3827 928 3898 Dalmacie,
953 3826 1089 3898 Croacie,
1114 3827 1219 3898 Rame,
1243 3825 1637 3899 Seruie‚Ga11icie,1odo·

366 3937 471 4008 merie,
495 3936 653 4005 Cumanie,
678 3935 882 4008 Bulgarleque
907 3950 961 3992 rex
984 3934 1016 3991 in
1046 3939 1242 4008 perpetuum.
1273 3933 1426 3991 Omnibus
1458 3941 1638 4007 presentem

367 4044 514 4117 paginam
537 4042 722 4116 inspecturis
745 4041 879 4099 salutem
901 4041 932 4098 in
956 4055 992 4097 eo
1016 4040 1069 4112 qui
1100 4039 1227 4111 regibus
1258 4039 1311 4096 dat
1341 4039 1482 4097 salutem.
1506 4037 1639 4096 Summa

367 4153 413 4206 est
435 4148 565 4205 devocio
588 4147 672 4220 regie
694 4147 872 4217 maiestatis,
897 4161 957 4219 que
980 4161 1039 4218 pro
1061 4145 1211 4216 religione
1239 4143 1311 4202 facit
1332 4149 1362 4202 et
1386 4144 1515 4202 ecclesie
1542 4145 1639 4202 liber·

367 4259 436 4324 tate,
460 4255 540 4311 hanc
562 4254 645 4312 enirn
667 4249 806 4311 salvator
829 4258 931 4309 noster
954 4251 1015 4308 sibi
1037 4265 1185 4324 sponsam
1207 4251 1309 4323 elegit,
1326 4267 1386 4324 que
1402 4267 1440 4308 ex
1456 4251 1538 4308 vivis
1559 4267 1635 4308 con-

267 4365 271 4376 ·
367 4365 483 4418 structa
505 4359 665 4433 lapidibus
688 4357 768 4416 foret
783 4357 1000 4414 habitaculum
1015 4355 1156 4413 fidelium
1174 4356 1358 4427 animarum,
1374 4373 1431 4430 per
1453 4357 1533 4414 hanc
1547 4371 1639 4430 reges

367 4471 498 4538 regnant
520 4469 550 4522 et
573 4465 729 4539 principes
753 4462 959 4533 dominantur,
984 4477 1044 4535 que
1067 4462 1134 4519 sola
1154 4477 1227 4519 cum
1243 4461 1358 4519 fiducia
1380 4464 1438 4520 sub
1462 4463 1640 4536 integritate

367 4572 443 4631 fidei
466 4579 496 4630 et
518 4571 696 4629 innocencia
718 4571 782 4628 vite
807 4569 865 4626 deo
887 4569 1019 4627 creatori
1048 4573 1153 4626 nostro
1185 4569 1303 4626 animas
1333 4575 1532 4643 representat,
1556 4571 1640 4644 quit·

369 4679 444 4753 quid
469 4680 539 4736 huic
562 4679 756 4752 impertitum
779 4675 875 4734 fuerit
897 4676 949 4733 vel
972 4675 1130 4748 largitum,
1162 4676 1194 4732 in
1224 4676 1393 4733 eternitatis
1420 4676 1547 4750 speculo
1569 4677 1640 4749 glo-

368 4787 449 4843 riose
472 4784 688 4842 retribucionis
712 4783 834 4856 premio
858 4785 1084 4856 compensatur.
1108 4779 1241 4838 Proinde
1265 4780 1392 4838 devotas
1415 4798 1523 4856 preces
1546 4787 1576 4839 et
1593 4784 1639 4842 in-

369 4891 518 4950 stanciam
541 4889 729 4947 venerabilis
752 4889 851 4962 patris
882 4887 1069 4959 Thymothei
1100 4885 1239 4959 episcopi
1268 4887 1475 4959 zagrabiensis
1498 4887 1638 4960 ecclesie,

370 4997 476 5056 dilecti
498 5002 529 5054 et
548 4995 653 5054 fidelis
675 4991 773 5052 nostri
795 5009 832 5051 ac
855 4992 984 5067 capituli
1007 4990 1146 5049 eiusdem
1168 4993 1344 5066 recepimus
1367 4993 1582 5066 continentem,
1605 5002 1641 5054 ut
