3600 5804
556 512 718 588 Doc.135.
747 545 783 553 —
810 506 979 588 An.1326.
1339 529 1396 584 1¹7

147 711 309 784 symigiensi
334 709 425 768 etde
448 709 550 781 Saros,
574 710 671 768 Paulo
694 711 776 768 bano
799 708 838 766 de
861 711 1000 782 Machou,
1027 712 1139 768 comite
1162 711 1334 782 syrmiensi,
1360 710 1398 768 de

147 815 268 874 Wollrou
302 823 331 873 et
363 815 401 872 de
434 815 567 888 Bodrug,
603 815 742 873 Dionisio
777 817 927 888 magistro
962 816 1174 890 dapiferorum
1210 823 1398 886 nostrorum,

146 922 236 978 Blasio
258 923 404 994 magistro
436 937 604 995 agazonum
637 927 823 992 nostrorum,
856 922 984 980 Nicolao
1015 922 1098 980 dicto
1129 921 1257 978 Treutul
1288 923 1401 978 comite

146 1029 304 1101 posomensi
335 1035 365 1085 et
395 1029 465 1086 aliis
497 1043 592 1100 quam
623 1027 768 1100 pluribus
800 1028 887 1100 regni
917 1029 1014 1085 nostri
1041 1028 1205 1084 comitatus
1227 1026 1400 1084 tenentibus

147 1143 174 1192 et
191 1135 321 1191 honores.

222 1249 356 1316 Originale
376 1251 402 1300 in
422 1251 580 1301 membrana.
606 1255 628 1302 A
654 1251 753 1302 sericea
779 1267 871 1302 crocea
897 1259 922 1303 et
945 1251 1014 1303 flava
1033 1267 1097 1301 zona
1116 1253 1250 1317 appendet
1270 1251 1397 1318 sigillum¹

147 1339 175 1388 In
193 1338 293 1388 archivo
312 1353 368 1388 verr.
390 1354 445 1404 cap.
465 1340 569 1405 zagrab.
590 1339 650 1390 lasc.
672 1350 693 1390 1.
713 1355 751 1390 nr.
772 1350 795 1398 5.

723 1519 805 1586 135.

238 1645 310 1692 Anno
332 1643 406 1701 1326,
424 1656 449 1704 4.
470 1642 594 1693 octobris.
614 1642 767 1709 Zagrabiae.

168 1769 286 1844 capetulo
308 1771 424 1844 zagrab.
449 1787 544 1828 coram
568 1771 709 1828 ll'r'colaus
731 1771 765 1828 a'c
788 1772 896 1828 Mlako
914 1771 1115 1845 possessionem
1138 1789 1220 1826 suam
1243 1769 1377 1826 Petroocr‘

300 1877 647 1950 1,πώιαείνοΜιιίυιαΝ
672 1879 766 1948 sitam,
789 1879 926 1936 Drbm'sio
947 1879 1082 1935 canonico
1097 1877 1222 1952 fatetur.

223 2001 400 2076 Capitulum
425 2005 552 2061 ecclesie
568 2004 783 2076 zagrabiensis.
801 2005 954 2063 Omnibus
970 2003 1085 2061 Christi
1105 2003 1252 2061 fidelibus
1273 2019 1400 2078 presens

149 2109 281 2182 scriptum
305 2109 489 2183 inspecturis
511 2111 644 2167 salutern
668 2111 698 2166 in
723 2110 857 2168 domino.
883 2109 932 2166 Ad
948 2111 1165 2167 universorum
1182 2109 1327 2166 noticiam
1344 2110 1398 2167 ha·

147 2229 207 2270 rum
228 2216 302 2271 serie
325 2216 472 2272 volumus
495 2216 666 2288 pervenire,
690 2216 773 2289 quod
800 2215 952 2286 Nicolaus,
976 2215 1061 2272 filius
1085 2215 1213 2284 Nicolai,
1236 2213 1293 2272 filii
1318 2214 1400 2273 Petri

147 2317 179 2375 de
200 2321 297 2386 lilaea,
319 2321 437 2378 nobilis
459 2320 498 2377 de
521 2337 633 2394 campo
654 2322 855 2394 zagrabiensi‚
874 2326 936 2378 tam
955 2336 1061 2394 prose
1078 2335 1171 2394 quam
1190 2336 1247 2393 pro
1263 2319 1400 2393 Georgio

147 2423 226 2481 fratre
247 2441 301 2483 suo
331 2427 453 2483 uterino
484 2433 514 2484 et
545 2442 602 2500 pro
636 2427 852 2484 bartholomeo
882 2433 912 2484 et
943 2425 1117 2496 Valentino,
1140 2425 1215 2484 filiis
1242 2427 1400 2508 Johannis,

148 2532 233 2602 patrui
254 2533 308 2602 sui,
340 2548 378 2588 ex
410 2548 470 2589 una
503 2539 598 2605 parte,
632 2533 779 2605 magister
809 2531 977 2604 Dyonisius
1000 2533 1101 2590 socius
1124 2539 1154 2588 et
1177 2532 1400 2590 concanonicus

147 2641 234 2692 noster
262 2653 299 2693 ex
328 2637 427 2694 altera
458 2653 564 2694 coram
595 2639 684 2694 nobis
716 2638 920 2712 personaliter
947 2637 1113 2706 constituti,
1145 2635 1228 2694 idem
1254 2635 1401 2694 Nicolaus

149 2743 299 2814 proposuit,
324 2742 408 2815 quod
433 2759 503 2800 cum
529 2745 637 2816 porcio
668 2745 857 2817 possessoriis
886 2745 917 2800 in
948 2743 1141 2817 possessione
1170 2741 1322 2800 Petrouch
1344 2757 1399 2799 vo-

149 2852 210 2916 cata,
232 2850 288 2905 sub
311 2853 414 2906 castro
439 2847 557 2918 Medue,
589 2850 620 2906 in
651 2850 808 2906 vicinitate
838 2848 995 2922 Stephani,
1019 2847 1078 2905 filii
1111 2849 1191 2906 Luce
1215 2854 1245 2905 et
1267 2847 1400 2921 predicti

148 2954 273 3024 magistri
303 2954 443 3025 Dyonisil
476 2955 618 3025 existens,
649 2970 708 3028 que
740 2954 778 3011 ad
809 2955 913 3028 ipsum
942 2961 972 3010 et
1002 2953 1158 3026 predictos
1190 2953 1300 3011 iratres
1329 2967 1401 3011 suos

148 3057 202 3114 iure
228 3058 406 3117 hereditario
429 3061 603 3134 pertinebat
626 3061 722 3132 olym,
747 3075 803 3134 per
831 3065 953 3134 patrem
977 3075 1067 3118 suum
1092 3065 1123 3116 et
1147 3065 1294 3134 patruum
1317 3066 1400 3117 ante-

148 3161 241 3234 dictos,
265 3164 396 3236 Nicola0,
421 3165 488 3222 filio
505 3161 712 3238 Sergrrerini.¹
730 3165 887 3239 quondam
903 3167 964 3223 civi
987 3163 1134 3223 Grecensi
1157 3179 1216 3238 pro
1239 3170 1323 3222 certa
1346 3180 1399 3238 pe·

150 3271 222 3327 eunte
244 3272 408 3342 quantitate
431 3273 566 3329 extiterit
589 3273 712 3345 pignori
736 3273 883 3344 obligata
900 3287 954 3328 nec
971 3271 1009 3328 ad
1028 3269 1243 3328 redimendum
1268 3269 1400 3328 eahdem

150 3375 200 3430 sibi
227 3389 256 3433 et
284 3375 430 3449 predictis
461 3376 610 3434 fratribus
634 3379 697 3435 suis
720 3379 848 3452 proprie
878 3383 1045 3458 suppetant
1078 3375 1248 3448 facultates,
1271 3383 1397 3450 recepta

151 3480 310 3552 apredicto
333 3483 482 3554 magistro
507 3483 655 3555 Dyonisio
678 3499 739 3541 una
761 3497 866 3541 marca
896 3485 1050 3540 bonorum
1079 3481 1277 3539 denariorum
1303 3481 1396 3540 bana·

153 3583 224 3646 lium.
245 3588 319 3645 sicut
342 3588 429 3659 dixit,
453 3589 677 3662 proprietatem
699 3590 797 3664 ipsius
820 3589 1023 3663 possessionis
1052 3587 1214 3658 Petrouch,
1237 3589 1304 3645 sive
1327 3601 1399 3660 por·

153 3690 232 3750 cionis
252 3701 343 3767 prout
365 3695 403 3751 ad
428 3695 531 3768 ipsum
555 3701 586 3752 et
607 3694 706 3752 dictos
729 3711 800 3753 suos
824 3695 936 3752 fratres
953 3695 1136 3768 pertinebat,
1161 3693 1254 3762 dedit,
1272 3693 1401 3750 contulit

152 3800 176 3850 et
193 3796 309 3857 donavit
331 3800 432 3858 eidem
457 3801 605 3873 magistro
629 3800 778 3872 Dyonisio
795 3807 825 3859 et
840 3817 897 3875 per
913 3816 985 3858 eum
1002 3801 1251 3874 quibuscumque
1272 3797 1401 3856 eandem

154 3899 256 3974 donare,
278 3905 381 3978 legare
403 3908 455 3964 vel
479 3905 613 3964 vendere
646 3907 781 3964 voluerit
811 3914 962 3982 perpetuo
986 3905 1215 3979 possidendam,
1240 3903 1401 3962 conferens

154 4007 236 4066 eidem
257 4012 427 4084 plenariam
459 4017 641 4085 potestatem
674 4029 692 4070 a
722 4012 790 4070 filio
821 4011 953 4086 predicti
983 4011 1113 4082 Nicolai,
1140 4011 1199 4068 filii
1223 3997 1417 4083 Serguerini·

154 4113 261 4172 eandem
283 4132 300 4173 a
324 4117 455 4190 pignore
477 4118 631 4176 liberandi
656 4125 686 4176 et
708 4117 827 4176 fructus
855 4125 1019 4192 perceptos
1042 4117 1083 4174 ab
1106 4132 1142 4174 eo
1167 4123 1315 4190 tempore,
1338 4131 1400 4189 quo

155 4215 236 4289 ipsam
256 4224 378 4280 nomine
401 4224 540 4296 pignoris
563 4231 652 4298 pater
674 4226 815 4298 ipsorum
839 4231 868 4282 et
892 4225 951 4297 ipsi
983 4229 1147 4281 tenuerunt
1177 4222 1337 4296 repetendi
1359 4223 1400 4280 ab

154 4322 250 4384 eisdem
270 4330 389 4386 iusticia
404 4329 574 4396 mediante;
597 4331 741 4402 obligans
757 4347 789 4388 se
805 4330 1025 4388 nichilominus
1040 4328 1124 4387 idern
1141 4327 1297 4398 Nicolaus,
1314 4327 1402 4386 filius

156 4425 262 4504 Nicolai,
293 4435 441 4509 expedire
473 4437 575 4508 ipsum
608 4439 792 4509 magistrum
816 4436 1001 4508 Dyonisium
1024 4441 1054 4493 et
1077 4435 1174 4508 ipsius
1199 4435 1400 4508 possessionis

157 4547 200 4604 per
219 4555 282 4600 eum
304 4557 495 4600 successores
518 4543 559 4600 ab
582 4544 668 4600 omni
691 4549 721 4600 et
743 4529 919 4616 sp'ecialiter
935 4558 953 4600 a
969 4541 1118 4600 fratribus
1142 4541 1206 4598 suis
1229 4539 1399 4609 antedictis,

158 4647 269 4718 exceptis
292 4656 394 4706 tamen
417 4647 491 4706 filiis
515 4648 643 4718 Nicolai,
660 4647 829 4720 antedictis,
846 4650 873 4706 si
893 4665 949 4722 per
965 4649 1144 4722 quempiam
1162 4662 1307 4720 processu
1323 4655 1401 4703 tem-

158 4750 224 4813 lons
243 4756 360 4812 racione
383 4755 582 4828 proprietatis
605 4753 685 4812 dicte
709 4755 910 4828 possessionis
932 4755 1008 4812 oriri
1030 4753 1214 4825 contingerit
1240 4753 1400 4824 questione

160 4848 323 4932 inpropriis
345 4861 508 4918 laboribus
539 4867 569 4918 et
597 4863 746 4935 expensis
777 4861 811 4918 ln
842 4861 928 4918 cuius
959 4862 1002 4918 rei
1035 4859 1219 4916 memoriam
1244 4865 1400 4932 presentes

230 4973 236 5003 ¹
252 4977 320 5043 lege:
339 4993 381 5026 ser
401 4977 520 5028 Guerini.
