<?xml version="1.0" encoding="UTF-8"?>
<!DOCTYPE html PUBLIC "-//W3C//DTD XHTML 1.0 Transitional//EN"
    "http://www.w3.org/TR/xhtml1/DTD/xhtml1-transitional.dtd">
<html xmlns="http://www.w3.org/1999/xhtml" xml:lang="en" lang="en">
 <head>
  <title>
</title>
<meta http-equiv="Content-Type" content="text/html;charset=utf-8" />
  <meta name='ocr-system' content='tesseract 3.04.00' />
  <meta name='ocr-capabilities' content='ocr_page ocr_carea ocr_par ocr_line ocrx_word'/>
</head>
<body>
  <div class='ocr_page' id='page_1' title='image "./monumentahistor18laszgoog_0622.png"; bbox 0 0 3824 5806; ppageno 0'>
   <div class='ocr_carea' id='block_1_1' title="bbox 820 497 1248 579">
    <p class='ocr_par' dir='ltr' id='par_1_1' title="bbox 820 497 1248 579">
     <span class='ocr_line' id='line_1_1' title="bbox 820 497 1248 579; baseline 0.002 -22"><span class='ocrx_word' id='word_1_1' title='bbox 820 499 893 558; x_wconf 86' lang='lat' dir='ltr'><strong>Doc.</strong></span> <span class='ocrx_word' id='word_1_2' title='bbox 916 514 990 579; x_wconf 82' lang='lat'><em>400.</em></span> <span class='ocrx_word' id='word_1_3' title='bbox 1018 533 1054 543; x_wconf 94' lang='lat'>-</span> <span class='ocrx_word' id='word_1_4' title='bbox 1079 497 1248 578; x_wconf 77' lang='lat' dir='ltr'><strong>An.1397.</strong></span> 
     </span>
    </p>
   </div>
   <div class='ocr_carea' id='block_1_2' title="bbox 991 730 1090 797">
    <p class='ocr_par' dir='ltr' id='par_1_2' title="bbox 991 730 1090 797">
     <span class='ocr_line' id='line_1_2' title="bbox 991 730 1090 797; baseline 0 -1"><span class='ocrx_word' id='word_1_5' title='bbox 991 730 1090 797; x_wconf 88' lang='lat'><strong>400.</strong></span> 
     </span>
    </p>
   </div>
   <div class='ocr_carea' id='block_1_3' title="bbox 512 870 994 936">
    <p class='ocr_par' dir='ltr' id='par_1_3' title="bbox 512 870 994 936">
     <span class='ocr_line' id='line_1_3' title="bbox 512 870 994 936; baseline -0.002 -14"><span class='ocrx_word' id='word_1_6' title='bbox 512 874 589 922; x_wconf 82' lang='lat' dir='ltr'><strong>Anno</strong></span> <span class='ocrx_word' id='word_1_7' title='bbox 610 878 684 936; x_wconf 79' lang='lat'>1397.</span> <span class='ocrx_word' id='word_1_8' title='bbox 706 872 744 924; x_wconf 82' lang='lat'><strong>18.</strong></span> <span class='ocrx_word' id='word_1_9' title='bbox 762 870 884 936; x_wconf 84' lang='lat' dir='ltr'><strong>januarii.</strong></span> <span class='ocrx_word' id='word_1_10' title='bbox 905 871 994 922; x_wconf 91' lang='lat' dir='ltr'><strong>Crisii.</strong></span> 
     </span>
    </p>
   </div>
   <div class='ocr_carea' id='block_1_4' title="bbox 429 1015 1661 1200">
    <p class='ocr_par' dir='ltr' id='par_1_4' title="bbox 429 1015 1661 1200">
     <span class='ocr_line' id='line_1_4' title="bbox 429 1015 1661 1098; baseline -0.002 -22"><span class='ocrx_word' id='word_1_11' title='bbox 429 1019 582 1076; x_wconf 69' lang='lat' dir='ltr'><strong>Marithus</strong></span> <span class='ocrx_word' id='word_1_12' title='bbox 603 1019 684 1077; x_wconf 79' lang='lat' dir='ltr'><strong>Dcrs</strong></span> <span class='ocrx_word' id='word_1_13' title='bbox 708 1018 869 1098; x_wconf 70' lang='lat' dir='ltr'><strong>vicedonne,</strong></span> <span class='ocrx_word' id='word_1_14' title='bbox 891 1019 1047 1091; x_wconf 83' lang='lat' dir='ltr'><strong>capitulum</strong></span> <span class='ocrx_word' id='word_1_15' title='bbox 1068 1018 1186 1093; x_wconf 82' lang='lat' dir='ltr'><strong>zagrab.</strong></span> <span class='ocrx_word' id='word_1_16' title='bbox 1210 1020 1241 1076; x_wconf 83' lang='lat' dir='ltr'><strong>in</strong></span> <span class='ocrx_word' id='word_1_17' title='bbox 1263 1019 1378 1076; x_wconf 82' lang='lat' dir='ltr'><strong>cim&#39;tute</strong></span> <span class='ocrx_word' id='word_1_18' title='bbox 1405 1015 1565 1076; x_wconf 80' lang='lat' dir='ltr'><strong>Grecltensi</strong></span> <span class='ocrx_word' id='word_1_19' title='bbox 1584 1015 1661 1074; x_wconf 79' lang='lat' dir='ltr'><strong>duas</strong></span> 
     </span>
     <span class='ocr_line' id='line_1_5' title="bbox 616 1123 1465 1200; baseline -0.001 -18"><span class='ocrx_word' id='word_1_20' title='bbox 616 1125 711 1182; x_wconf 81' lang='lat' dir='ltr'><strong>domos</strong></span> <span class='ocrx_word' id='word_1_21' title='bbox 733 1131 762 1182; x_wconf 80' lang='lat' dir='ltr'><strong>ct</strong></span> <span class='ocrx_word' id='word_1_22' title='bbox 781 1123 925 1181; x_wconf 83' lang='lat' dir='ltr'><em>stabulum</em></span> <span class='ocrx_word' id='word_1_23' title='bbox 946 1125 1070 1199; x_wconf 82' lang='lat' dir='ltr'><strong>quodam</strong></span> <span class='ocrx_word' id='word_1_24' title='bbox 1092 1125 1206 1198; x_wconf 64' lang='lat' dir='ltr'><strong>incendi</strong></span> <span class='ocrx_word' id='word_1_25' title='bbox 1224 1125 1346 1196; x_wconf 82' lang='lat' dir='ltr'><strong>iussisse,</strong></span> <span class='ocrx_word' id='word_1_26' title='bbox 1368 1125 1465 1200; x_wconf 83' lang='lat' dir='ltr'><strong>resert.</strong></span> 
     </span>
    </p>
   </div>
   <div class='ocr_carea' id='block_1_5' title="bbox 405 1285 1675 4329">
    <p class='ocr_par' dir='ltr' id='par_1_5' title="bbox 405 1285 1675 4329">
     <span class='ocr_line' id='line_1_6' title="bbox 494 1285 1675 1360; baseline -0.001 -17"><span class='ocrx_word' id='word_1_27' title='bbox 494 1285 558 1344; x_wconf 90' lang='lat' dir='ltr'><strong>Nos</strong></span> <span class='ocrx_word' id='word_1_28' title='bbox 588 1288 736 1360; x_wconf 88' lang='lat' dir='ltr'><strong>magister</strong></span> <span class='ocrx_word' id='word_1_29' title='bbox 766 1289 915 1348; x_wconf 89' lang='lat' dir='ltr'><strong>Martinus</strong></span> <span class='ocrx_word' id='word_1_30' title='bbox 947 1291 1035 1360; x_wconf 92' lang='lat' dir='ltr'><strong>Ders,</strong></span> <span class='ocrx_word' id='word_1_31' title='bbox 1065 1289 1233 1347; x_wconf 91' lang='lat' dir='ltr'><strong>vicebanus</strong></span> <span class='ocrx_word' id='word_1_32' title='bbox 1263 1293 1293 1345; x_wconf 89' lang='lat' dir='ltr'><strong>et</strong></span> <span class='ocrx_word' id='word_1_33' title='bbox 1323 1302 1426 1345; x_wconf 90' lang='lat' dir='ltr'><strong>oomes</strong></span> <span class='ocrx_word' id='word_1_34' title='bbox 1457 1285 1611 1344; x_wconf 88' lang='lat' dir='ltr'><strong>crisiensis</strong></span> <span class='ocrx_word' id='word_1_35' title='bbox 1637 1301 1675 1342; x_wconf 91' lang='lat' dir='ltr'><strong>ac</strong></span> 
     </span>
     <span class='ocr_line' id='line_1_7' title="bbox 406 1391 1673 1464; baseline -0.002 -14"><span class='ocrx_word' id='word_1_36' title='bbox 406 1391 523 1450; x_wconf 90' lang='lat' dir='ltr'><strong>iudices</strong></span> <span class='ocrx_word' id='word_1_37' title='bbox 552 1393 708 1450; x_wconf 90' lang='lat' dir='ltr'><strong>nobilium</strong></span> <span class='ocrx_word' id='word_1_38' title='bbox 738 1393 876 1453; x_wconf 89' lang='lat' dir='ltr'><strong>eiusdem</strong></span> <span class='ocrx_word' id='word_1_39' title='bbox 907 1397 1079 1453; x_wconf 85' lang='lat' dir='ltr'><strong>comitatus.</strong></span> <span class='ocrx_word' id='word_1_40' title='bbox 1111 1395 1259 1452; x_wconf 91' lang='lat' dir='ltr'><strong>Memorie</strong></span> <span class='ocrx_word' id='word_1_41' title='bbox 1293 1393 1555 1462; x_wconf 86' lang='lat' dir='ltr'><strong>commendamus,</strong></span> <span class='ocrx_word' id='word_1_42' title='bbox 1588 1391 1673 1464; x_wconf 93' lang='lat' dir='ltr'><strong>quod</strong></span> 
     </span>
     <span class='ocr_line' id='line_1_8' title="bbox 406 1497 1674 1574; baseline -0.001 -19"><span class='ocrx_word' id='word_1_43' title='bbox 406 1514 477 1556; x_wconf 87' lang='lat' dir='ltr'><strong>cum</strong></span> <span class='ocrx_word' id='word_1_44' title='bbox 500 1513 556 1556; x_wconf 92' lang='lat' dir='ltr'><strong>nos</strong></span> <span class='ocrx_word' id='word_1_45' title='bbox 579 1498 619 1555; x_wconf 88' lang='lat' dir='ltr'><strong>ad</strong></span> <span class='ocrx_word' id='word_1_46' title='bbox 641 1499 806 1557; x_wconf 81' lang='lat' dir='ltr'><strong>instantem</strong></span> <span class='ocrx_word' id='word_1_47' title='bbox 827 1501 1012 1574; x_wconf 86' lang='lat' dir='ltr'><strong>peticionem</strong></span> <span class='ocrx_word' id='word_1_48' title='bbox 1035 1500 1240 1574; x_wconf 88' lang='lat' dir='ltr'><strong>providorum</strong></span> <span class='ocrx_word' id='word_1_49' title='bbox 1264 1499 1406 1558; x_wconf 89' lang='lat' dir='ltr'><strong>virorum</strong></span> <span class='ocrx_word' id='word_1_50' title='bbox 1430 1499 1526 1556; x_wconf 90' lang='lat' dir='ltr'><strong>Marci</strong></span> <span class='ocrx_word' id='word_1_51' title='bbox 1553 1497 1674 1565; x_wconf 89' lang='lat' dir='ltr'><strong>iudicis,</strong></span> 
     </span>
     <span class='ocr_line' id='line_1_9' title="bbox 406 1599 1673 1664; baseline -0.002 -2"><span class='ocrx_word' id='word_1_52' title='bbox 406 1606 578 1664; x_wconf 89' lang='lat' dir='ltr'><strong>iuratorum</strong></span> <span class='ocrx_word' id='word_1_53' title='bbox 601 1611 632 1662; x_wconf 92' lang='lat' dir='ltr'><strong>et</strong></span> <span class='ocrx_word' id='word_1_54' title='bbox 654 1605 870 1664; x_wconf 89' lang='lat' dir='ltr'><strong>universorum</strong></span> <span class='ocrx_word' id='word_1_55' title='bbox 902 1599 1019 1664; x_wconf 84' lang='lat' dir='ltr'><strong>civium</strong></span> <span class='ocrx_word' id='word_1_56' title='bbox 1050 1607 1184 1664; x_wconf 86' lang='lat' dir='ltr'><strong>civitatis</strong></span> <span class='ocrx_word' id='word_1_57' title='bbox 1212 1606 1325 1664; x_wconf 84' lang='lat' dir='ltr'><strong>montis</strong></span> <span class='ocrx_word' id='word_1_58' title='bbox 1348 1605 1532 1663; x_wconf 90' lang='lat' dir='ltr'><strong>Grechensis</strong></span> <span class='ocrx_word' id='word_1_59' title='bbox 1555 1604 1594 1660; x_wconf 90' lang='lat' dir='ltr'><strong>de</strong></span> <span class='ocrx_word' id='word_1_60' title='bbox 1617 1603 1673 1660; x_wconf 87' lang='lat' dir='ltr'><strong>Za-</strong></span> 
     </span>
     <span class='ocr_line' id='line_1_10' title="bbox 406 1710 1674 1792; baseline -0.002 -24"><span class='ocrx_word' id='word_1_61' title='bbox 406 1710 524 1784; x_wconf 88' lang='lat' dir='ltr'><strong>grabia,</strong></span> <span class='ocrx_word' id='word_1_62' title='bbox 554 1711 735 1792; x_wconf 88' lang='lat' dir='ltr'><strong>Johannem‚</strong></span> <span class='ocrx_word' id='word_1_63' title='bbox 767 1712 868 1770; x_wconf 91' lang='lat' dir='ltr'><strong>filium</strong></span> <span class='ocrx_word' id='word_1_64' title='bbox 901 1712 1034 1772; x_wconf 86' lang='lat' dir='ltr'><strong>Andree.</strong></span> <span class='ocrx_word' id='word_1_65' title='bbox 1065 1728 1162 1770; x_wconf 89' lang='lat' dir='ltr'><strong>unum</strong></span> <span class='ocrx_word' id='word_1_66' title='bbox 1193 1728 1231 1770; x_wconf 87' lang='lat' dir='ltr'><strong>ex</strong></span> <span class='ocrx_word' id='word_1_67' title='bbox 1260 1712 1350 1770; x_wconf 92' lang='lat' dir='ltr'><strong>nobis</strong></span> <span class='ocrx_word' id='word_1_68' title='bbox 1373 1712 1489 1769; x_wconf 88' lang='lat' dir='ltr'><strong>scilicet</strong></span> <span class='ocrx_word' id='word_1_69' title='bbox 1518 1710 1674 1768; x_wconf 91' lang='lat' dir='ltr'><strong>iudicibus</strong></span> 
     </span>
     <span class='ocr_line' id='line_1_11' title="bbox 405 1815 1674 1892; baseline -0.001 -19"><span class='ocrx_word' id='word_1_70' title='bbox 405 1817 570 1886; x_wconf 87' lang='lat' dir='ltr'><strong>nobilium,</strong></span> <span class='ocrx_word' id='word_1_71' title='bbox 594 1817 633 1874; x_wconf 90' lang='lat' dir='ltr'><strong>ad</strong></span> <span class='ocrx_word' id='word_1_72' title='bbox 657 1815 888 1892; x_wconf 83' lang='lat' dir='ltr'><strong>infrascriptam</strong></span> <span class='ocrx_word' id='word_1_73' title='bbox 912 1819 1146 1892; x_wconf 89' lang='lat' dir='ltr'><strong>inquisicionem</strong></span> <span class='ocrx_word' id='word_1_74' title='bbox 1169 1817 1341 1876; x_wconf 88' lang='lat' dir='ltr'><strong>faciendam</strong></span> <span class='ocrx_word' id='word_1_75' title='bbox 1364 1817 1502 1890; x_wconf 83' lang='lat' dir='ltr'><strong>legitime</strong></span> <span class='ocrx_word' id='word_1_76' title='bbox 1525 1815 1674 1874; x_wconf 90' lang='lat' dir='ltr'><strong>destinas·</strong></span> 
     </span>
     <span class='ocr_line' id='line_1_12' title="bbox 407 1921 1674 1995; baseline -0.001 -17"><span class='ocrx_word' id='word_1_77' title='bbox 407 1939 525 1992; x_wconf 90' lang='lat' dir='ltr'><strong>semus;</strong></span> <span class='ocrx_word' id='word_1_78' title='bbox 549 1922 674 1980; x_wconf 89' lang='lat' dir='ltr'><strong>tandem</strong></span> <span class='ocrx_word' id='word_1_79' title='bbox 698 1922 781 1980; x_wconf 91' lang='lat' dir='ltr'><strong>idem</strong></span> <span class='ocrx_word' id='word_1_80' title='bbox 805 1924 916 1982; x_wconf 86' lang='lat' dir='ltr'><strong>exinde</strong></span> <span class='ocrx_word' id='word_1_81' title='bbox 938 1924 978 1982; x_wconf 93' lang='lat' dir='ltr'><strong>ad</strong></span> <span class='ocrx_word' id='word_1_82' title='bbox 1001 1939 1057 1983; x_wconf 93' lang='lat' dir='ltr'><strong>nos</strong></span> <span class='ocrx_word' id='word_1_83' title='bbox 1077 1940 1227 1995; x_wconf 87' lang='lat' dir='ltr'><strong>reversus,</strong></span> <span class='ocrx_word' id='word_1_84' title='bbox 1251 1925 1341 1982; x_wconf 91' lang='lat' dir='ltr'><strong>nobis</strong></span> <span class='ocrx_word' id='word_1_85' title='bbox 1356 1925 1463 1982; x_wconf 89' lang='lat' dir='ltr'><strong>retulit</strong></span> <span class='ocrx_word' id='word_1_86' title='bbox 1485 1921 1674 1980; x_wconf 88' lang='lat' dir='ltr'><strong>istomodo:</strong></span> 
     </span>
     <span class='ocr_line' id='line_1_13' title="bbox 407 2027 1674 2103; baseline -0.002 -18"><span class='ocrx_word' id='word_1_87' title='bbox 407 2027 491 2101; x_wconf 94' lang='lat' dir='ltr'><strong>quod</strong></span> <span class='ocrx_word' id='word_1_88' title='bbox 514 2029 581 2102; x_wconf 92' lang='lat' dir='ltr'><strong>ipse</strong></span> <span class='ocrx_word' id='word_1_89' title='bbox 607 2029 647 2086; x_wconf 91' lang='lat' dir='ltr'><strong>ab</strong></span> <span class='ocrx_word' id='word_1_90' title='bbox 670 2030 824 2100; x_wconf 89' lang='lat' dir='ltr'><strong>omnibus,</strong></span> <span class='ocrx_word' id='word_1_91' title='bbox 847 2030 962 2103; x_wconf 88' lang='lat' dir='ltr'><strong>quibus</strong></span> <span class='ocrx_word' id='word_1_92' title='bbox 985 2030 1136 2088; x_wconf 89' lang='lat' dir='ltr'><strong>decuisset</strong></span> <span class='ocrx_word' id='word_1_93' title='bbox 1159 2037 1189 2087; x_wconf 88' lang='lat' dir='ltr'><strong>et</strong></span> <span class='ocrx_word' id='word_1_94' title='bbox 1212 2031 1347 2088; x_wconf 75' lang='lat' dir='ltr'><strong>licuisset</strong></span> <span class='ocrx_word' id='word_1_95' title='bbox 1372 2030 1477 2103; x_wconf 90' lang='lat' dir='ltr'><strong>palam</strong></span> <span class='ocrx_word' id='word_1_96' title='bbox 1501 2036 1531 2085; x_wconf 91' lang='lat' dir='ltr'><strong>et</strong></span> <span class='ocrx_word' id='word_1_97' title='bbox 1552 2027 1674 2085; x_wconf 91' lang='lat' dir='ltr'><strong>occulte</strong></span> 
     </span>
     <span class='ocr_line' id='line_1_14' title="bbox 407 2134 1673 2211; baseline -0.002 -19"><span class='ocrx_word' id='word_1_98' title='bbox 407 2135 572 2208; x_wconf 87' lang='lat' dir='ltr'><strong>diligenter</strong></span> <span class='ocrx_word' id='word_1_99' title='bbox 602 2136 795 2208; x_wconf 67' lang='lat' dir='ltr'><strong>inquirendo</strong></span> <span class='ocrx_word' id='word_1_100' title='bbox 824 2138 902 2194; x_wconf 88' lang='lat' dir='ltr'><strong>hanc</strong></span> <span class='ocrx_word' id='word_1_101' title='bbox 926 2138 964 2195; x_wconf 91' lang='lat' dir='ltr'><strong>de</strong></span> <span class='ocrx_word' id='word_1_102' title='bbox 988 2137 1193 2211; x_wconf 82' lang='lat' dir='ltr'><strong>infrascriptis</strong></span> <span class='ocrx_word' id='word_1_103' title='bbox 1215 2137 1355 2194; x_wconf 89' lang='lat' dir='ltr'><strong>scivisset</strong></span> <span class='ocrx_word' id='word_1_104' title='bbox 1377 2151 1497 2192; x_wconf 90' lang='lat' dir='ltr'><strong>meram</strong></span> <span class='ocrx_word' id='word_1_105' title='bbox 1521 2141 1551 2190; x_wconf 88' lang='lat' dir='ltr'><strong>et</strong></span> <span class='ocrx_word' id='word_1_106' title='bbox 1573 2134 1673 2190; x_wconf 92' lang='lat' dir='ltr'><strong>omni-</strong></span> 
     </span>
     <span class='ocr_line' id='line_1_15' title="bbox 407 2238 1674 2326; baseline -0.003 -28"><span class='ocrx_word' id='word_1_107' title='bbox 407 2241 533 2298; x_wconf 89' lang='lat' dir='ltr'><strong>modam</strong></span> <span class='ocrx_word' id='word_1_108' title='bbox 557 2243 729 2313; x_wconf 89' lang='lat' dir='ltr'><strong>veritatem,</strong></span> <span class='ocrx_word' id='word_1_109' title='bbox 753 2242 836 2315; x_wconf 90' lang='lat' dir='ltr'><strong>quod</strong></span> <span class='ocrx_word' id='word_1_110' title='bbox 860 2243 1015 2326; x_wconf 88' lang='lat' dir='ltr'><strong>Johannes</strong></span> <span class='ocrx_word' id='word_1_111' title='bbox 1039 2242 1168 2317; x_wconf 90' lang='lat' dir='ltr'><strong>Crispus</strong></span> <span class='ocrx_word' id='word_1_112' title='bbox 1194 2242 1233 2300; x_wconf 92' lang='lat' dir='ltr'><strong>de</strong></span> <span class='ocrx_word' id='word_1_113' title='bbox 1258 2240 1401 2312; x_wconf 83' lang='lat' dir='ltr'><strong>Kemlulr‚</strong></span> <span class='ocrx_word' id='word_1_114' title='bbox 1424 2239 1594 2312; x_wconf 84' lang='lat' dir='ltr'><strong>Gregorius</strong></span> <span class='ocrx_word' id='word_1_115' title='bbox 1617 2238 1674 2294; x_wconf 92' lang='lat' dir='ltr'><strong>du-</strong></span> 
     </span>
     <span class='ocr_line' id='line_1_16' title="bbox 407 2345 1672 2432; baseline -0.002 -28"><span class='ocrx_word' id='word_1_116' title='bbox 407 2348 547 2419; x_wconf 89' lang='lat' dir='ltr'><strong>bicensis,</strong></span> <span class='ocrx_word' id='word_1_117' title='bbox 577 2348 733 2432; x_wconf 88' lang='lat' dir='ltr'><strong>Johannes</strong></span> <span class='ocrx_word' id='word_1_118' title='bbox 763 2348 802 2406; x_wconf 94' lang='lat' dir='ltr'><strong>de</strong></span> <span class='ocrx_word' id='word_1_119' title='bbox 825 2349 982 2420; x_wconf 90' lang='lat' dir='ltr'><strong>Vrbouch‚</strong></span> <span class='ocrx_word' id='word_1_120' title='bbox 1013 2348 1130 2422; x_wconf 88' lang='lat' dir='ltr'><strong>Symon</strong></span> <span class='ocrx_word' id='word_1_121' title='bbox 1151 2350 1190 2406; x_wconf 91' lang='lat' dir='ltr'><strong>de</strong></span> <span class='ocrx_word' id='word_1_122' title='bbox 1212 2349 1324 2420; x_wconf 87' lang='lat' dir='ltr'><strong>Vaska,</strong></span> <span class='ocrx_word' id='word_1_123' title='bbox 1347 2345 1672 2432; x_wconf 78' lang='lat' dir='ltr'><strong>johannes·Farlrasii,</strong></span> 
     </span>
     <span class='ocr_line' id='line_1_17' title="bbox 406 2451 1673 2529; baseline -0.002 -19"><span class='ocrx_word' id='word_1_124' title='bbox 406 2452 606 2522; x_wconf 87' lang='lat' dir='ltr'><strong>kathedralis,</strong></span> <span class='ocrx_word' id='word_1_125' title='bbox 637 2453 757 2511; x_wconf 81' lang='lat' dir='ltr'><strong>Hinclro</strong></span> <span class='ocrx_word' id='word_1_126' title='bbox 788 2455 984 2526; x_wconf 81' lang='lat' dir='ltr'><strong>chasmensis,</strong></span> <span class='ocrx_word' id='word_1_127' title='bbox 1016 2454 1190 2529; x_wconf 89' lang='lat' dir='ltr'><strong>Stephanus</strong></span> <span class='ocrx_word' id='word_1_128' title='bbox 1222 2454 1427 2513; x_wconf 87' lang='lat' dir='ltr'><strong>varasdiensis</strong></span> <span class='ocrx_word' id='word_1_129' title='bbox 1451 2459 1480 2510; x_wconf 90' lang='lat' dir='ltr'><strong>et</strong></span> <span class='ocrx_word' id='word_1_130' title='bbox 1503 2451 1673 2524; x_wconf 86' lang='lat' dir='ltr'><strong>Gregorius</strong></span> 
     </span>
     <span class='ocr_line' id='line_1_18' title="bbox 407 2559 1671 2643; baseline -0.001 -28"><span class='ocrx_word' id='word_1_131' title='bbox 407 2559 445 2616; x_wconf 93' lang='lat' dir='ltr'><strong>de</strong></span> <span class='ocrx_word' id='word_1_132' title='bbox 469 2559 572 2629; x_wconf 79' lang='lat' dir='ltr'><strong>Beria,</strong></span> <span class='ocrx_word' id='word_1_133' title='bbox 589 2559 811 2630; x_wconf 91' lang='lat' dir='ltr'><strong>archidiaconi;</strong></span> <span class='ocrx_word' id='word_1_134' title='bbox 835 2562 919 2624; x_wconf 84' lang='lat' dir='ltr'><strong>item.</strong></span> <span class='ocrx_word' id='word_1_135' title='bbox 941 2563 1096 2643; x_wconf 88' lang='lat' dir='ltr'><strong>Johannes</strong></span> <span class='ocrx_word' id='word_1_136' title='bbox 1120 2562 1284 2622; x_wconf 82' lang='lat' dir='ltr'><strong>Lanceloti.</strong></span> <span class='ocrx_word' id='word_1_137' title='bbox 1309 2559 1489 2618; x_wconf 90' lang='lat' dir='ltr'><strong>Benedictus</strong></span> <span class='ocrx_word' id='word_1_138' title='bbox 1513 2559 1552 2616; x_wconf 91' lang='lat' dir='ltr'><strong>de</strong></span> <span class='ocrx_word' id='word_1_139' title='bbox 1568 2559 1671 2614; x_wconf 80' lang='lat' dir='ltr'><strong>Mono</strong></span> 
     </span>
     <span class='ocr_line' id='line_1_19' title="bbox 407 2665 1674 2738; baseline -0.002 -16"><span class='ocrx_word' id='word_1_140' title='bbox 407 2665 495 2736; x_wconf 75' lang='lat' dir='ltr'><strong>alon,</strong></span> <span class='ocrx_word' id='word_1_141' title='bbox 519 2665 689 2738; x_wconf 90' lang='lat' dir='ltr'><strong>Gregorius</strong></span> <span class='ocrx_word' id='word_1_142' title='bbox 713 2666 751 2724; x_wconf 93' lang='lat' dir='ltr'><strong>de</strong></span> <span class='ocrx_word' id='word_1_143' title='bbox 774 2666 881 2738; x_wconf 84' lang='lat' dir='ltr'><strong>Varas,</strong></span> <span class='ocrx_word' id='word_1_144' title='bbox 912 2667 1059 2724; x_wconf 91' lang='lat' dir='ltr'><strong>Nicolaus</strong></span> <span class='ocrx_word' id='word_1_145' title='bbox 1081 2675 1111 2725; x_wconf 92' lang='lat' dir='ltr'><strong>et</strong></span> <span class='ocrx_word' id='word_1_146' title='bbox 1134 2668 1214 2725; x_wconf 89' lang='lat' dir='ltr'><strong>alter</strong></span> <span class='ocrx_word' id='word_1_147' title='bbox 1235 2667 1390 2738; x_wconf 78' lang='lat' dir='ltr'><strong>Nicotaus,</strong></span> <span class='ocrx_word' id='word_1_148' title='bbox 1413 2666 1570 2737; x_wconf 87' lang='lat' dir='ltr'><strong>Hungari;</strong></span> <span class='ocrx_word' id='word_1_149' title='bbox 1594 2665 1674 2720; x_wconf 89' lang='lat' dir='ltr'><strong>Mar·</strong></span> 
     </span>
     <span class='ocr_line' id='line_1_20' title="bbox 407 2770 1673 2843; baseline -0.001 -16"><span class='ocrx_word' id='word_1_150' title='bbox 407 2771 489 2828; x_wconf 90' lang='lat' dir='ltr'><strong>tinus</strong></span> <span class='ocrx_word' id='word_1_151' title='bbox 505 2786 643 2842; x_wconf 89' lang='lat' dir='ltr'><strong>magnus,</strong></span> <span class='ocrx_word' id='word_1_152' title='bbox 659 2771 816 2830; x_wconf 86' lang='lat' dir='ltr'><strong>Barnabas</strong></span> <span class='ocrx_word' id='word_1_153' title='bbox 833 2773 974 2843; x_wconf 89' lang='lat' dir='ltr'><strong>Mikonis,</strong></span> <span class='ocrx_word' id='word_1_154' title='bbox 990 2773 1172 2830; x_wconf 90' lang='lat' dir='ltr'><strong>Benedictus</strong></span> <span class='ocrx_word' id='word_1_155' title='bbox 1189 2773 1304 2842; x_wconf 87' lang='lat' dir='ltr'><strong>luanse,</strong></span> <span class='ocrx_word' id='word_1_156' title='bbox 1322 2771 1467 2829; x_wconf 90' lang='lat' dir='ltr'><strong>Nicolaus</strong></span> <span class='ocrx_word' id='word_1_157' title='bbox 1484 2770 1522 2827; x_wconf 91' lang='lat' dir='ltr'><strong>de</strong></span> <span class='ocrx_word' id='word_1_158' title='bbox 1534 2770 1673 2838; x_wconf 88' lang='lat' dir='ltr'><strong>Kassina,</strong></span> 
     </span>
     <span class='ocr_line' id='line_1_21' title="bbox 407 2875 1674 2952; baseline 0.001 -20"><span class='ocrx_word' id='word_1_159' title='bbox 407 2875 552 2947; x_wconf 88' lang='lat' dir='ltr'><strong>Thomas,</strong></span> <span class='ocrx_word' id='word_1_160' title='bbox 576 2893 673 2952; x_wconf 90' lang='lat' dir='ltr'><strong>nepos</strong></span> <span class='ocrx_word' id='word_1_161' title='bbox 697 2878 842 2950; x_wconf 90' lang='lat' dir='ltr'><strong>custodis,</strong></span> <span class='ocrx_word' id='word_1_162' title='bbox 859 2879 979 2936; x_wconf 89' lang='lat' dir='ltr'><strong>Blasius</strong></span> <span class='ocrx_word' id='word_1_163' title='bbox 999 2885 1109 2950; x_wconf 90' lang='lat' dir='ltr'><strong>eustos,</strong></span> <span class='ocrx_word' id='word_1_164' title='bbox 1133 2880 1299 2952; x_wconf 75' lang='lat' dir='ltr'><strong>Dyonisius</strong></span> <span class='ocrx_word' id='word_1_165' title='bbox 1316 2878 1355 2936; x_wconf 89' lang='lat' dir='ltr'><strong>de</strong></span> <span class='ocrx_word' id='word_1_166' title='bbox 1378 2877 1486 2946; x_wconf 87' lang='lat' dir='ltr'><strong>Crisi0,</strong></span> <span class='ocrx_word' id='word_1_167' title='bbox 1499 2877 1674 2951; x_wconf 89' lang='lat' dir='ltr'><strong>Stephanus</strong></span> 
     </span>
     <span class='ocr_line' id='line_1_22' title="bbox 408 2983 1673 3058; baseline -0.001 -19"><span class='ocrx_word' id='word_1_168' title='bbox 408 2983 574 3055; x_wconf 88' lang='lat' dir='ltr'><strong>Hungarns</strong></span> <span class='ocrx_word' id='word_1_169' title='bbox 596 2991 626 3040; x_wconf 92' lang='lat' dir='ltr'><strong>et</strong></span> <span class='ocrx_word' id='word_1_170' title='bbox 650 2984 757 3042; x_wconf 88' lang='lat' dir='ltr'><strong>Petrus</strong></span> <span class='ocrx_word' id='word_1_171' title='bbox 784 2985 896 3058; x_wconf 84' lang='lat' dir='ltr'><strong>Crispi.</strong></span> <span class='ocrx_word' id='word_1_172' title='bbox 923 2986 1070 3054; x_wconf 88' lang='lat' dir='ltr'><strong>canonici,</strong></span> <span class='ocrx_word' id='word_1_173' title='bbox 1092 3001 1200 3057; x_wconf 84' lang='lat' dir='ltr'><strong>ymmo</strong></span> <span class='ocrx_word' id='word_1_174' title='bbox 1224 2992 1323 3042; x_wconf 87' lang='lat' dir='ltr'><strong>toturn</strong></span> <span class='ocrx_word' id='word_1_175' title='bbox 1347 2984 1519 3058; x_wconf 91' lang='lat' dir='ltr'><strong>capitulum</strong></span> <span class='ocrx_word' id='word_1_176' title='bbox 1545 2983 1673 3040; x_wconf 91' lang='lat' dir='ltr'><strong>ecclesie</strong></span> 
     </span>
     <span class='ocr_line' id='line_1_23' title="bbox 407 3088 1671 3164; baseline 0 -19"><span class='ocrx_word' id='word_1_177' title='bbox 407 3089 623 3161; x_wconf 84' lang='lat' dir='ltr'><strong>zagrabiensis,</strong></span> <span class='ocrx_word' id='word_1_178' title='bbox 647 3091 841 3163; x_wconf 88' lang='lat' dir='ltr'><strong>congregatis</strong></span> <span class='ocrx_word' id='word_1_179' title='bbox 861 3091 1013 3164; x_wconf 89' lang='lat' dir='ltr'><strong>Gregorio</strong></span> <span class='ocrx_word' id='word_1_180' title='bbox 1034 3092 1177 3162; x_wconf 92' lang='lat' dir='ltr'><strong>litterato,</strong></span> <span class='ocrx_word' id='word_1_181' title='bbox 1194 3091 1329 3164; x_wconf 85' lang='lat' dir='ltr'><strong>officiale¹</strong></span> <span class='ocrx_word' id='word_1_182' title='bbox 1352 3097 1382 3148; x_wconf 87' lang='lat' dir='ltr'><strong>et</strong></span> <span class='ocrx_word' id='word_1_183' title='bbox 1405 3090 1558 3148; x_wconf 88' lang='lat' dir='ltr'><strong>universis</strong></span> <span class='ocrx_word' id='word_1_184' title='bbox 1581 3088 1671 3146; x_wconf 87' lang='lat' dir='ltr'><strong>fami·</strong></span> 
     </span>
     <span class='ocr_line' id='line_1_24' title="bbox 407 3195 1673 3271; baseline 0 -19"><span class='ocrx_word' id='word_1_185' title='bbox 407 3195 539 3253; x_wconf 87' lang='lat' dir='ltr'><strong>liaribus</strong></span> <span class='ocrx_word' id='word_1_186' title='bbox 570 3201 601 3254; x_wconf 93' lang='lat' dir='ltr'><strong>et</strong></span> <span class='ocrx_word' id='word_1_187' title='bbox 629 3197 846 3270; x_wconf 88' lang='lat' dir='ltr'><strong>iobagionibns</strong></span> <span class='ocrx_word' id='word_1_188' title='bbox 870 3198 1019 3270; x_wconf 85' lang='lat' dir='ltr'><strong>ipsorum,</strong></span> <span class='ocrx_word' id='word_1_189' title='bbox 1043 3197 1119 3256; x_wconf 88' lang='lat' dir='ltr'><strong>feria</strong></span> <span class='ocrx_word' id='word_1_190' title='bbox 1143 3199 1276 3255; x_wconf 89' lang='lat' dir='ltr'><strong>secunda</strong></span> <span class='ocrx_word' id='word_1_191' title='bbox 1299 3199 1442 3271; x_wconf 88' lang='lat' dir='ltr'><strong>proxima</strong></span> <span class='ocrx_word' id='word_1_192' title='bbox 1464 3204 1534 3271; x_wconf 90' lang='lat' dir='ltr'><strong>post</strong></span> <span class='ocrx_word' id='word_1_193' title='bbox 1558 3196 1673 3254; x_wconf 89' lang='lat' dir='ltr'><strong>festum</strong></span> 
     </span>
     <span class='ocr_line' id='line_1_25' title="bbox 407 3301 1674 3377; baseline 0 -19"><span class='ocrx_word' id='word_1_194' title='bbox 407 3301 653 3375; x_wconf 92' lang='lat' dir='ltr'><strong>Epiphaniarum</strong></span> <span class='ocrx_word' id='word_1_195' title='bbox 683 3302 810 3372; x_wconf 87' lang='lat' dir='ltr'><strong>domini,</strong></span> <span class='ocrx_word' id='word_1_196' title='bbox 833 3320 914 3361; x_wconf 90' lang='lat' dir='ltr'><strong>nunc</strong></span> <span class='ocrx_word' id='word_1_197' title='bbox 947 3304 1138 3376; x_wconf 89' lang='lat' dir='ltr'><strong>preteritum,</strong></span> <span class='ocrx_word' id='word_1_198' title='bbox 1174 3305 1338 3377; x_wconf 90' lang='lat' dir='ltr'><strong>missisque</strong></span> <span class='ocrx_word' id='word_1_199' title='bbox 1368 3303 1484 3361; x_wconf 84' lang='lat' dir='ltr'><strong>eisdem</strong></span> <span class='ocrx_word' id='word_1_200' title='bbox 1514 3302 1554 3359; x_wconf 90' lang='lat' dir='ltr'><strong>ad</strong></span> <span class='ocrx_word' id='word_1_201' title='bbox 1585 3301 1674 3358; x_wconf 88' lang='lat' dir='ltr'><strong>terri·</strong></span> 
     </span>
     <span class='ocr_line' id='line_1_26' title="bbox 408 3407 1672 3482; baseline 0 -18"><span class='ocrx_word' id='word_1_202' title='bbox 408 3407 523 3464; x_wconf 89' lang='lat' dir='ltr'><strong>torium</strong></span> <span class='ocrx_word' id='word_1_203' title='bbox 554 3408 635 3465; x_wconf 93' lang='lat' dir='ltr'><strong>dicte</strong></span> <span class='ocrx_word' id='word_1_204' title='bbox 665 3409 806 3478; x_wconf 87' lang='lat' dir='ltr'><strong>civitatis,</strong></span> <span class='ocrx_word' id='word_1_205' title='bbox 839 3408 997 3482; x_wconf 90' lang='lat' dir='ltr'><strong>quoddam</strong></span> <span class='ocrx_word' id='word_1_206' title='bbox 1029 3411 1188 3468; x_wconf 88' lang='lat' dir='ltr'><strong>stabulum</strong></span> <span class='ocrx_word' id='word_1_207' title='bbox 1220 3426 1290 3468; x_wconf 92' lang='lat' dir='ltr'><strong>curn</strong></span> <span class='ocrx_word' id='word_1_208' title='bbox 1322 3410 1443 3468; x_wconf 90' lang='lat' dir='ltr'><strong>duabus</strong></span> <span class='ocrx_word' id='word_1_209' title='bbox 1474 3408 1621 3466; x_wconf 90' lang='lat' dir='ltr'><strong>domibus</strong></span> <span class='ocrx_word' id='word_1_210' title='bbox 1641 3408 1672 3464; x_wconf 91' lang='lat' dir='ltr'><strong>in</strong></span> 
     </span>
     <span class='ocr_line' id='line_1_27' title="bbox 409 3513 1674 3589; baseline 0.001 -20"><span class='ocrx_word' id='word_1_211' title='bbox 409 3528 481 3569; x_wconf 90' lang='lat' dir='ltr'><strong>area</strong></span> <span class='ocrx_word' id='word_1_212' title='bbox 503 3513 664 3570; x_wconf 87' lang='lat' dir='ltr'><strong>cuiusdam</strong></span> <span class='ocrx_word' id='word_1_213' title='bbox 688 3515 823 3572; x_wconf 90' lang='lat' dir='ltr'><strong>concivis</strong></span> <span class='ocrx_word' id='word_1_214' title='bbox 846 3516 996 3589; x_wconf 89' lang='lat' dir='ltr'><strong>ipsorum,</strong></span> <span class='ocrx_word' id='word_1_215' title='bbox 1025 3517 1098 3574; x_wconf 89' lang='lat' dir='ltr'><strong>Iuan</strong></span> <span class='ocrx_word' id='word_1_216' title='bbox 1130 3518 1263 3588; x_wconf 88' lang='lat' dir='ltr'><strong>nornine,</strong></span> <span class='ocrx_word' id='word_1_217' title='bbox 1294 3521 1475 3585; x_wconf 89' lang='lat' dir='ltr'><strong>constructa,</strong></span> <span class='ocrx_word' id='word_1_218' title='bbox 1505 3515 1674 3572; x_wconf 87' lang='lat' dir='ltr'><strong>simulcum</strong></span> 
     </span>
     <span class='ocr_line' id='line_1_28' title="bbox 409 3617 1673 3690; baseline 0.001 -16"><span class='ocrx_word' id='word_1_219' title='bbox 409 3617 551 3690; x_wconf 82' lang='lat' dir='ltr'><strong>frugibus</strong></span> <span class='ocrx_word' id='word_1_220' title='bbox 575 3625 605 3676; x_wconf 91' lang='lat' dir='ltr'><strong>et</strong></span> <span class='ocrx_word' id='word_1_221' title='bbox 627 3618 697 3676; x_wconf 88' lang='lat' dir='ltr'><strong>feno</strong></span> <span class='ocrx_word' id='word_1_222' title='bbox 719 3635 755 3677; x_wconf 90' lang='lat' dir='ltr'><strong>ac</strong></span> <span class='ocrx_word' id='word_1_223' title='bbox 778 3622 979 3679; x_wconf 85' lang='lat' dir='ltr'><strong>straminibus</strong></span> <span class='ocrx_word' id='word_1_224' title='bbox 1002 3639 1119 3680; x_wconf 88' lang='lat' dir='ltr'><strong>necnon</strong></span> <span class='ocrx_word' id='word_1_225' title='bbox 1143 3623 1295 3680; x_wconf 89' lang='lat' dir='ltr'><strong>universis</strong></span> <span class='ocrx_word' id='word_1_226' title='bbox 1321 3621 1492 3680; x_wconf 87' lang='lat' dir='ltr'><strong>attinenciis</strong></span> <span class='ocrx_word' id='word_1_227' title='bbox 1507 3621 1539 3678; x_wconf 93' lang='lat' dir='ltr'><strong>in</strong></span> <span class='ocrx_word' id='word_1_228' title='bbox 1555 3619 1673 3678; x_wconf 89' lang='lat' dir='ltr'><strong>eisdem</strong></span> 
     </span>
     <span class='ocr_line' id='line_1_29' title="bbox 408 3725 1673 3799; baseline 0.001 -18"><span class='ocrx_word' id='word_1_229' title='bbox 408 3725 532 3795; x_wconf 89' lang='lat' dir='ltr'><strong>habitis,</strong></span> <span class='ocrx_word' id='word_1_230' title='bbox 563 3726 661 3782; x_wconf 88' lang='lat' dir='ltr'><strong>noctis</strong></span> <span class='ocrx_word' id='word_1_231' title='bbox 684 3727 713 3783; x_wconf 92' lang='lat' dir='ltr'><strong>in</strong></span> <span class='ocrx_word' id='word_1_232' title='bbox 738 3727 864 3784; x_wconf 90' lang='lat' dir='ltr'><strong>silencio</strong></span> <span class='ocrx_word' id='word_1_233' title='bbox 895 3728 1016 3786; x_wconf 91' lang='lat' dir='ltr'><strong>incendi</strong></span> <span class='ocrx_word' id='word_1_234' title='bbox 1047 3736 1078 3787; x_wconf 91' lang='lat' dir='ltr'><strong>et</strong></span> <span class='ocrx_word' id='word_1_235' title='bbox 1100 3730 1289 3786; x_wconf 89' lang='lat' dir='ltr'><strong>concremari</strong></span> <span class='ocrx_word' id='word_1_236' title='bbox 1312 3728 1471 3796; x_wconf 89' lang='lat' dir='ltr'><strong>fecissent;</strong></span> <span class='ocrx_word' id='word_1_237' title='bbox 1493 3733 1523 3784; x_wconf 92' lang='lat' dir='ltr'><strong>et</strong></span> <span class='ocrx_word' id='word_1_238' title='bbox 1546 3727 1673 3799; x_wconf 91' lang='lat' dir='ltr'><strong>insuper</strong></span> 
     </span>
     <span class='ocr_line' id='line_1_30' title="bbox 408 3830 1672 3908; baseline 0.001 -22"><span class='ocrx_word' id='word_1_239' title='bbox 408 3830 486 3887; x_wconf 90' lang='lat' dir='ltr'><strong>duos</strong></span> <span class='ocrx_word' id='word_1_240' title='bbox 515 3830 655 3889; x_wconf 90' lang='lat' dir='ltr'><strong>homines</strong></span> <span class='ocrx_word' id='word_1_241' title='bbox 686 3832 782 3905; x_wconf 91' lang='lat' dir='ltr'><strong>ipsius</strong></span> <span class='ocrx_word' id='word_1_242' title='bbox 804 3832 879 3891; x_wconf 89' lang='lat' dir='ltr'><strong>Iuan</strong></span> <span class='ocrx_word' id='word_1_243' title='bbox 902 3835 933 3891; x_wconf 90' lang='lat' dir='ltr'><strong>in</strong></span> <span class='ocrx_word' id='word_1_244' title='bbox 955 3834 1065 3892; x_wconf 89' lang='lat' dir='ltr'><strong>eodem</strong></span> <span class='ocrx_word' id='word_1_245' title='bbox 1088 3835 1212 3892; x_wconf 90' lang='lat' dir='ltr'><strong>stabulo</strong></span> <span class='ocrx_word' id='word_1_246' title='bbox 1235 3841 1306 3892; x_wconf 89' lang='lat' dir='ltr'><strong>tunc</strong></span> <span class='ocrx_word' id='word_1_247' title='bbox 1340 3839 1479 3908; x_wconf 87' lang='lat' dir='ltr'><strong>repertos</strong></span> <span class='ocrx_word' id='word_1_248' title='bbox 1503 3832 1579 3890; x_wconf 88' lang='lat' dir='ltr'><strong>diris</strong></span> <span class='ocrx_word' id='word_1_249' title='bbox 1602 3831 1672 3888; x_wconf 88' lang='lat' dir='ltr'><strong>vul-</strong></span> 
     </span>
     <span class='ocr_line' id='line_1_31' title="bbox 407 3936 1673 4014; baseline 0.002 -21"><span class='ocrx_word' id='word_1_250' title='bbox 407 3952 518 3993; x_wconf 90' lang='lat' dir='ltr'><strong>nerum</strong></span> <span class='ocrx_word' id='word_1_251' title='bbox 542 3937 643 4010; x_wconf 91' lang='lat' dir='ltr'><strong>plagis</strong></span> <span class='ocrx_word' id='word_1_252' title='bbox 666 3936 749 3995; x_wconf 90' lang='lat' dir='ltr'><strong>affici</strong></span> <span class='ocrx_word' id='word_1_253' title='bbox 773 3937 922 4010; x_wconf 89' lang='lat' dir='ltr'><strong>fecissent,</strong></span> <span class='ocrx_word' id='word_1_254' title='bbox 938 3941 1067 4014; x_wconf 88' lang='lat' dir='ltr'><strong>propria</strong></span> <span class='ocrx_word' id='word_1_255' title='bbox 1090 3955 1197 3999; x_wconf 91' lang='lat' dir='ltr'><strong>eorum</strong></span> <span class='ocrx_word' id='word_1_256' title='bbox 1211 3941 1362 4013; x_wconf 82' lang='lat' dir='ltr'><strong>potencia</strong></span> <span class='ocrx_word' id='word_1_257' title='bbox 1376 3938 1538 4010; x_wconf 88' lang='lat' dir='ltr'><strong>mediante,</strong></span> <span class='ocrx_word' id='word_1_258' title='bbox 1556 3939 1586 3995; x_wconf 90' lang='lat' dir='ltr'><strong>in</strong></span> <span class='ocrx_word' id='word_1_259' title='bbox 1602 3953 1673 4011; x_wconf 91' lang='lat' dir='ltr'><strong>pre·</strong></span> 
     </span>
     <span class='ocr_line' id='line_1_32' title="bbox 408 4041 1672 4119; baseline 0.002 -21"><span class='ocrx_word' id='word_1_260' title='bbox 408 4041 557 4099; x_wconf 92' lang='lat' dir='ltr'><strong>iudicium</strong></span> <span class='ocrx_word' id='word_1_261' title='bbox 589 4044 729 4116; x_wconf 91' lang='lat' dir='ltr'><strong>ipsorum</strong></span> <span class='ocrx_word' id='word_1_262' title='bbox 759 4045 852 4102; x_wconf 89' lang='lat' dir='ltr'><strong>valde</strong></span> <span class='ocrx_word' id='word_1_263' title='bbox 885 4061 1050 4118; x_wconf 87' lang='lat' dir='ltr'><strong>magnum;</strong></span> <span class='ocrx_word' id='word_1_264' title='bbox 1085 4048 1139 4105; x_wconf 89' lang='lat' dir='ltr'><strong>lite</strong></span> <span class='ocrx_word' id='word_1_265' title='bbox 1168 4052 1270 4104; x_wconf 88' lang='lat' dir='ltr'><strong>tamen</strong></span> <span class='ocrx_word' id='word_1_266' title='bbox 1302 4047 1381 4104; x_wconf 90' lang='lat' dir='ltr'><strong>inter</strong></span> <span class='ocrx_word' id='word_1_267' title='bbox 1402 4046 1486 4119; x_wconf 89' lang='lat' dir='ltr'><strong>ipsos</strong></span> <span class='ocrx_word' id='word_1_268' title='bbox 1510 4043 1672 4119; x_wconf 85' lang='lat' dir='ltr'><strong>pendente.</strong></span> 
     </span>
     <span class='ocr_line' id='line_1_33' title="bbox 408 4148 1673 4219; baseline 0.003 -15"><span class='ocrx_word' id='word_1_269' title='bbox 408 4148 525 4205; x_wconf 90' lang='lat' dir='ltr'><strong>Datum</strong></span> <span class='ocrx_word' id='word_1_270' title='bbox 548 4148 648 4219; x_wconf 91' lang='lat' dir='ltr'><strong>Crisii,</strong></span> <span class='ocrx_word' id='word_1_271' title='bbox 672 4149 806 4207; x_wconf 90' lang='lat' dir='ltr'><strong>secunda</strong></span> <span class='ocrx_word' id='word_1_272' title='bbox 836 4151 886 4208; x_wconf 88' lang='lat' dir='ltr'><strong>die</strong></span> <span class='ocrx_word' id='word_1_273' title='bbox 909 4150 978 4209; x_wconf 87' lang='lat' dir='ltr'><strong>festi</strong></span> <span class='ocrx_word' id='word_1_274' title='bbox 1001 4153 1084 4211; x_wconf 91' lang='lat' dir='ltr'><strong>beati</strong></span> <span class='ocrx_word' id='word_1_275' title='bbox 1108 4153 1255 4211; x_wconf 85' lang='lat' dir='ltr'><strong>Anthonii</strong></span> <span class='ocrx_word' id='word_1_276' title='bbox 1278 4152 1408 4210; x_wconf 89' lang='lat' dir='ltr'><strong>abbatis.</strong></span> <span class='ocrx_word' id='word_1_277' title='bbox 1441 4154 1530 4209; x_wconf 84' lang='lat' dir='ltr'><strong>Anno</strong></span> <span class='ocrx_word' id='word_1_278' title='bbox 1554 4151 1673 4208; x_wconf 86' lang='lat' dir='ltr'><strong>domini</strong></span> 
     </span>
     <span class='ocr_line' id='line_1_34' title="bbox 410 4253 907 4329; baseline 0.008 -19"><span class='ocrx_word' id='word_1_279' title='bbox 410 4253 519 4310; x_wconf 89' lang='lat' dir='ltr'>MCCC</span> <span class='ocrx_word' id='word_1_280' title='bbox 542 4255 742 4328; x_wconf 87' lang='lat' dir='ltr'><strong>nonagesimo</strong></span> <span class='ocrx_word' id='word_1_281' title='bbox 765 4258 907 4329; x_wconf 83' lang='lat' dir='ltr'><strong>septimo</strong></span> 
     </span>
    </p>
   </div>
   <div class='ocr_carea' id='block_1_6' title="bbox 409 4409 1672 4564">
    <p class='ocr_par' dir='ltr' id='par_1_6' title="bbox 409 4409 1672 4564">
     <span class='ocr_line' id='line_1_35' title="bbox 499 4409 1672 4480; baseline 0.002 -21"><span class='ocrx_word' id='word_1_282' title='bbox 499 4409 638 4475; x_wconf 85' lang='lat' dir='ltr'><strong>Originale</strong></span> <span class='ocrx_word' id='word_1_283' title='bbox 657 4409 684 4460; x_wconf 91' lang='lat' dir='ltr'><strong>in</strong></span> <span class='ocrx_word' id='word_1_284' title='bbox 703 4410 802 4470; x_wconf 86' lang='lat' dir='ltr'><strong>charta,</strong></span> <span class='ocrx_word' id='word_1_285' title='bbox 826 4427 842 4460; x_wconf 89' lang='lat' dir='ltr'><strong>a</strong></span> <span class='ocrx_word' id='word_1_286' title='bbox 866 4417 942 4478; x_wconf 87' lang='lat' dir='ltr'><strong>tergo</strong></span> <span class='ocrx_word' id='word_1_287' title='bbox 968 4413 1080 4478; x_wconf 88' lang='lat' dir='ltr'><strong>vestigia</strong></span> <span class='ocrx_word' id='word_1_288' title='bbox 1106 4413 1187 4464; x_wconf 89' lang='lat' dir='ltr'><strong>trium</strong></span> <span class='ocrx_word' id='word_1_289' title='bbox 1212 4413 1370 4480; x_wconf 83' lang='lat' dir='ltr'><strong>sigillorum.</strong></span> <span class='ocrx_word' id='word_1_290' title='bbox 1397 4412 1427 4462; x_wconf 89' lang='lat' dir='ltr'><strong>ln</strong></span> <span class='ocrx_word' id='word_1_291' title='bbox 1453 4413 1523 4462; x_wconf 88' lang='lat' dir='ltr'><strong>arch.</strong></span> <span class='ocrx_word' id='word_1_292' title='bbox 1548 4413 1595 4462; x_wconf 92' lang='lat' dir='ltr'><strong>lib.</strong></span> <span class='ocrx_word' id='word_1_293' title='bbox 1616 4429 1672 4480; x_wconf 80' lang='lat' dir='ltr'><strong>reg.</strong></span> 
     </span>
     <span class='ocr_line' id='line_1_36' title="bbox 409 4497 583 4564; baseline -0.006 -16"><span class='ocrx_word' id='word_1_294' title='bbox 409 4497 458 4548; x_wconf 86' lang='lat' dir='ltr'><strong>civ.</strong></span> <span class='ocrx_word' id='word_1_295' title='bbox 478 4499 583 4564; x_wconf 86' lang='lat' dir='ltr'><strong>zagrab.</strong></span> 
     </span>
    </p>
   </div>
   <div class='ocr_carea' id='block_1_7' title="bbox 0 0 1917 5806">
    <p class='ocr_par' dir='ltr' id='par_1_7' title="bbox 0 0 1917 5806">
     <span class='ocr_line' id='line_1_37' title="bbox 0 0 1917 5806; baseline 0 0"><span class='ocrx_word' id='word_1_296' title='bbox 0 0 1917 5806; x_wconf 95' lang='lat' dir='ltr'><strong> </strong></span> 
     </span>
    </p>
   </div>
  </div>
 </body>
</html>
