3782 5812
389 563 425 606 aa
812 544 884 601 Doc.
908 559 957 623 24.
986 577 1023 586 -
1049 540 1221 621 Aa1248.

387 741 513 799 fidelem
531 747 670 801 nostrum
680 745 807 814 Abram,
825 743 971 800 comitem
988 741 1026 800 de
1043 745 1219 813 Moroucha,
1233 745 1335 817 ipsum
1350 743 1480 801 fecimus
1492 743 1658 802 introduci.

390 847 434 904 Ne
458 847 552 920 igitur
573 848 764 922 sepedictum
789 849 959 923 capitulum
977 865 1071 923 super
1087 848 1186 918 dictis,
1203 855 1307 906 monte
1323 855 1353 907 et
1370 853 1460 919 terra,
1476 854 1660 924 temporum

388 954 543 1011 curriculo
559 971 616 1027 per
629 956 807 1029 quempiam
825 955 989 1028 inquietari
1005 955 1108 1012 valeat
1124 971 1177 1012 seu
1201 956 1395 1028 aliquatenus
1417 956 1583 1026 molestari,
1601 955 1660 1012 sed

388 1060 431 1116 eis
455 1061 562 1133 pocius
586 1066 736 1134 perpetuo
760 1068 790 1118 et
813 1061 1061 1119 irrevocabiliter
1080 1069 1286 1134 perseverent,
1301 1067 1459 1135 presentes
1476 1061 1505 1118 in
1526 1062 1661 1136 perhen-

388 1182 459 1223 nem
484 1174 587 1224 uostre
611 1167 788 1224 collacionis
812 1167 1014 1224 stabilitatem
1038 1167 1246 1224 concessimus
1269 1171 1299 1224 et
1322 1165 1506 1224 tradidimus
1530 1167 1661 1236 litterae,

390 1272 550 1346 dupplicis
573 1273 670 1345 sigilli
691 1273 787 1330 nostri
803 1274 973 1331 munimine
992 1274 1022 1331 in
1039 1273 1087 1331 ius
1106 1280 1292 1346 perpetuum
1308 1273 1476 1330 roboratas.
1492 1271 1608 1330 Datum
1627 1273 1661 1330 in

390 1379 606 1436 Zolum.Anno
618 1378 771 1436 dominice
785 1379 1005 1437 incarnacionis
1018 1379 1186 1437 millesimo
1199 1378 1409 1436 ducentesimo
1418 1378 1661 1451 quadragesimo

391 1485 543 1559 septimo;
567 1485 662 1543 tercio
686 1485 755 1543 idus
779 1487 972 1559 septembris.
996 1485 1093 1558 Regni
1115 1489 1216 1542 autem
1241 1485 1337 1542 nostri
1361 1500 1440 1542 anno
1465 1483 1662 1542 duodecimo.

482 1619 622 1686 Originale
642 1621 667 1671 in
682 1622 839 1680 membrana,
853 1621 880 1671 in
893 1621 1114 1686 archiepiscopali
1128 1620 1244 1678 archivo,
1260 1619 1413 1685 Zagrabiae.
1428 1618 1552 1684 Sigillum
1568 1618 1663 1684 periit,

394 1711 559 1759 solummodo
579 1710 677 1759 sericea
702 1725 766 1760 zona
789 1710 843 1759 albi
869 1715 895 1759 et
920 1709 1004 1760 crocei
1025 1709 1131 1768 coloris,
1157 1715 1310 1760 conservata
1329 1714 1374 1758 est.
1395 1737 1429 1746 -
1447 1710 1520 1775 Joan.
1541 1707 1662 1765 Thalete,

394 1798 462 1848 Mon.
482 1798 542 1848 hist.
562 1799 640 1863 episc.
661 1799 764 1864 eagrab.
785 1800 837 1848 vol.
857 1799 876 1848 1.
897 1814 921 1863 p.
941 1800 1053 1862 88-89.
1073 1800 1125 1848 vol.
1145 1797 1178 1848 11.
1198 1814 1223 1864 p.
1247 1807 1390 1856 132-133.

996 2048 1059 2113 24.

497 2173 573 2222 Anno
596 2173 669 2232 1248,
691 2181 711 2222 1.
732 2171 857 2221 octobris.
875 2169 1010 2236 Lugduni.

393 2301 549 2373 Ptatppus
570 2301 759 2357 cancellarius
780 2299 901 2356 Mart'ac
932 2301 1049 2372 reginae
1078 2299 1254 2372 Hungariac
1283 2319 1303 2355 a
1330 2301 1454 2373 copt'tulo
1477 2299 1667 2372 aagrabiensi

677 2407 709 2464 in
732 2407 887 2479 episcopum
908 2405 1119 2479 aagrabiensem
1143 2407 1240 2463 rrz'tiose
1263 2407 1385 2478 elegitur.

482 2549 673 2606 Innocentius
706 2548 871 2623 episcopus
904 2565 1012 2606 servus
1051 2565 1214 2607 servorum
1252 2550 1309 2608 dei.
1345 2551 1475 2608 Dilectis
1511 2549 1664 2608 fratribus

395 2646 515 2732 (Bulsu)
540 2649 735 2713 chana‘diensi
760 2662 818 2712 et.
844 2701 850 2711 .
874 2701 879 2711 .
905 2701 910 2712 .
934 2655 1096 2727 sirmiensi,
1126 2657 1289 2730 episcopis,
1312 2663 1342 2714 et
1365 2657 1471 2713 abbati
1488 2656 1533 2713 de
1558 2656 1664 2728 pellis,

395 2761 596 2818 cisterciensis
619 2760 744 2831 ordinis,
769 2761 1001 2834 vesprimiensis
1024 2761 1163 2832 diocesis,
1179 2762 1312 2819 salutem
1335 2768 1365 2819 et
1385 2763 1589 2836 apostolicam
1610 2763 1666 2819 be·

394 2866 608 2924 nedictionem.
640 2867 779 2924 Dilectus
808 2865 891 2923 filius
923 2867 1080 2939 albertus,
1112 2867 1345 2926 archidiaconus
1378 2869 1584 2940 zagrabiensis
1616 2885 1666 2926 ec-

396 2973 487 3032 clesie
510 2973 540 3030 in
564 2979 669 3030 nostra
692 2973 854 3046 proposuit
878 2973 1033 3046 presentia
1065 2975 1256 3039 constitutus.
1281 2973 1364 3046 quod
1392 2990 1463 3032 cum
1488 2975 1665 3047 capitulum

396 3077 533 3136 eiusdem
558 3079 685 3136 ecclesie
709 3085 833 3153 pastore
863 3080 1000 3136 vacantis
1031 3081 1160 3138 haberet
1191 3080 1229 3138 de
1259 3081 1414 3154 pontificis
1445 3081 1666 3138 substitutione

396 3189 572 3268 tractatum,
596 3185 679 3243 idem
703 3186 936 3244 archidiaconus
962 3187 1061 3244 sciens
1092 3188 1258 3245 nonnullos
1286 3187 1324 3244 de
1347 3189 1485 3262 capitulo
1510 3187 1575 3245 iore
1598 3202 1666 3244 ma-

393 3292 469 3349 ioris
504 3293 830 3350 excommunicationis
864 3294 1014 3351 sententia
1049 3273 1225 3364 innodatos,
1261 3301 1291 3352 et
1326 3295 1539 3365 consideranS,
1576 3293 1663 3366 quod

395 3403 524 3472 propter
546 3413 598 3454 eos
621 3399 751 3455 scienter
774 3399 814 3456 ad
837 3399 1015 3472 eligendum
1046 3399 1206 3471 admissos
1230 3400 1318 3458 fieret
1349 3401 1460 3458 electio
1483 3401 1602 3470 vitiosa,
1633 3399 1666 3455 in

399 3503 496 3578 ipsius
523 3504 650 3560 ecclesie
680 3519 741 3560 non
773 3504 930 3562 modicum
961 3506 1228 3579 impedimentum,
1258 3522 1310 3564 eos
1341 3509 1371 3564 in
1404 3522 1567 3564 commune
1591 3504 1664 3562 dili-

400 3615 507 3683 genter
529 3608 698 3681 admonuit,
722 3627 759 3668 ne
783 3609 865 3668 idern
887 3613 1143 3669 excommunicati
1160 3612 1308 3670 deberent
1331 3612 1371 3670 ad
1395 3612 1586 3685 elligendum
1611 3610 1666 3668 ad-

401 3715 477 3786 miti,
501 3720 553 3772 aut
577 3715 635 3788 ipsi
659 3717 800 3774 electioni
824 3733 856 3774 se
880 3718 1053 3790 ingererent
1076 3719 1119 3776 sic
1143 3719 1236 3792 ligati.
1253 3718 1312 3776 Sed
1330 3720 1389 3793 ipsi
1408 3716 1585 3776 huiusmodi
1610 3715 1664 3773 ad·

402 3821 569 3879 monitione
592 3827 777 3896 contempta,
802 3823 919 3881 illicitis
942 3824 1037 3882 illecti
1062 3825 1329 3898 promissionibus
1358 3841 1420 3882 non
1442 3825 1507 3882 sine
1531 3823 1602 3880 labe
1626 3824 1667 3880 si-

400 3927 538 3985 moniace
568 3929 740 4001 pravitatis,
771 3929 873 4002 ipsum
904 3929 1154 3988 archidiaconum
1186 3931 1224 3988 de
1255 3931 1391 4004 capitulo
1417 3931 1549 4004 turpiter
1571 3928 1667 3985 eiece-

403 4039 483 4105 runt,
507 4049 605 4108 eoque
628 4039 815 4108 contempto
839 4041 910 4108 post
933 4036 1174 4109 appellationem
1200 4037 1297 4110 ipsius
1321 4053 1358 4093 ex
1382 4036 1541 4109 premissis
1566 4035 1668 4092 causis

402 4139 442 4197 ad
466 4140 571 4198 sedem
603 4142 806 4214 apostolicam
838 4139 1037 4216 interjectam,
1070 4141 1259 4214 Philippum,
1292 4141 1450 4199 carissime
1481 4142 1510 4198 in
1542 4140 1668 4198 Christo

401 4247 466 4304 filie
487 4247 619 4305 illustris
635 4249 740 4320 regine
757 4248 915 4320 Hungarie
931 4246 1159 4316 cancellarium,
1174 4247 1341 4320 patientem
1358 4247 1388 4304 in
1407 4251 1485 4304 etate
1502 4245 1668 4314 deiectum,

402 4369 458 4427 per
481 4353 559 4411 laice
582 4355 823 4428 presumptionis
847 4355 981 4410 abusum
1004 4357 1111 4410 contra
1138 4353 1316 4410 libertatern
1347 4353 1524 4410 canonicam
1549 4352 1579 4409 in
1603 4351 1669 4424 epi-

403 4475 533 4534 scopum
557 4461 670 4532 eligere
694 4476 729 4517 ac
752 4461 889 4532 recipere
913 4457 1177 4533 presumpserunt,
1205 4459 1409 4517 absolutionis
1432 4458 1583 4516 beneficio
1605 4472 1668 4514 non

403 4567 537 4625 obtento.
561 4566 631 4639 Qui,
661 4582 732 4623 cum
763 4565 941 4624 huiusmodi
972 4581 1080 4623 eorum
1110 4581 1290 4640 processum
1321 4581 1339 4622 a
1369 4564 1539 4622 venerabili
1573 4563 1669 4620 fratre

401 4677 508 4730 nostro
529 4672 691 4730 Colocensi
714 4672 955 4746 archiepiscopo,
980 4672 1040 4729 loci
1059 4672 1308 4745 metropolitano
1325 4676 1464 4744 peterent
1481 4668 1669 4738 confirmari,

402 4777 502 4836 dictus
525 4777 758 4836 archidiaconus
781 4779 944 4852 proposuit
975 4794 1079 4836 coram
1110 4780 1187 4852 ipso,
1221 4779 1304 4852 quod
1334 4794 1404 4836 cum
1427 4778 1521 4836 iidem
1545 4790 1669 4834 excom·

403 4885 551 4944 municati
572 4891 602 4943 et
625 4885 794 4957 simoniaci,
818 4901 854 4942 eo
878 4891 1064 4960 contempto,
1088 4887 1141 4959 qui
1165 4886 1300 4957 volebat,
1324 4885 1459 4944 debebat
1489 4891 1520 4942 et
1547 4886 1671 4958 poterat

403 4993 447 5049 eis
467 5007 527 5050 non
551 4992 802 5066 impedientibus
825 4993 971 5050 interesse
994 4992 1033 5049 ad
1057 4993 1238 5050 electionem
1263 4991 1450 5064 huiusmodi,
1474 4997 1545 5065 post
1561 4989 1671 5064 appel·
