3782 5812
576 553 648 610 Dae.
672 565 721 626 29.
741 566 795 628 30·
823 586 860 594 -
886 552 942 610 An.
967 561 1178 628 1252—1254.
1472 567 1510 622 as

1158 654 1507 664 --ω-ηῂ-ι

235 767 319 809 ausu
339 751 507 809 temerario
533 752 692 808 contraire.
716 749 748 808 Si
773 753 842 824 quis
865 759 967 808 autem
991 751 1050 808 hoc
1074 755 1258 823 attemptare
1286 751 1512 823 presumpserit

230 858 486 930 indignacionem
512 857 732 931 omnipotentis
756 857 805 914 dei
821 863 851 914 et
867 857 1030 914 beatorum
1047 855 1128 914 Petri
1145 863 1174 914 et
1190 855 1278 913 Pauli
1296 855 1512 929 apostolorum

230 965 304 1020 eius
327 977 360 1020 se
382 964 504 1020 noverit
526 964 729 1021 incursurum.
760 963 877 1019 Datum
901 961 1018 1019 Perusii
1041 961 1070 1018 X
1092 960 1240 1018 kalendas
1263 961 1378 1018 marcii.
1402 961 1504 1019 Ponti·

231 1069 349 1128 ficatus
372 1071 469 1128 nostri
492 1085 572 1127 anno
594 1085 683 1127 nona.

350 1205 432 1254 Liber
451 1207 574 1272 privileg.
595 1212 706 1270 cppatus
725 1207 828 1270 zagrab.
850 1223 874 1270 p.
895 1211 935 1267 04.
957 1205 1068 1255 Farlatti
1088 1205 1155 1254 Illir.
1176 1220 1240 1254 sacr.
1262 1211 1321 1253 torn.
1344 1205 1374 1252 V.
1395 1219 1419 1268 p.
1443 1212 1500 1262 371.

232 1293 326 1343 Arkiv
351 1309 380 1342 za
399 1294 502 1358 poviest
520 1295 650 1360 jugoslav.
677 1293 723 1344 111.
752 1311 775 1359 p.
798 1303 838 1358 79.
858 1297 931 1361 Joan.
952 1295 1067 1344 Tkaldic.
1089 1294 1158 1342 lion.
1176 1293 1234 1343 hist.
1256 1293 1333 1358 episc.
1355 1293 1459 1356 zagrab.
1479 1309 1503 1341 v.

235 1384 256 1432 1.
277 1399 306 1448 p.
326 1391 368 1444 03.

845 1507 908 1574 29.

347 1636 423 1682 Anno
445 1641 519 1690 1252,
539 1641 579 1692 24.
600 1632 701 1696 aprilis.

386 1743 525 1800 Suburbie'
545 1745 670 1800 civitatis
699 1742 868 1800 Grecleensis
892 1761 988 1816 „nava
1012 1745 1103 1800 vellat
1129 1743 1203 1815 dicti,
1226 1745 1368 1800 memoria.

329 1888 393 1946 Nos
416 1887 591 1962 Stephanus
615 1889 714 1944 banus
736 1888 834 1944 tocius
850 1885 1020 1945 Sclauonie.
1037 1886 1253 1959 Significamus
1276 1887 1422 1945 omnibus
1437 1902 1507 1960 pre-

235 2011 311 2052 sens
334 1997 483 2069 scriptum
512 1995 705 2068 inspecturis,
736 1994 819 2066 quod
847 2009 902 2051 nos
930 2008 988 2066 pro
1018 1993 1151 2050 utilitate
1179 2008 1213 2050 ac
1243 1993 1359 2051 honore
1390 1992 1509 2050 domini

236 2102 324 2172 regis
348 2100 478 2158 fecimus
501 2117 537 2158 ac
560 2101 733 2158 locavimus
756 2115 871 2158 novam
895 2107 924 2157 et
947 2099 1082 2156 liberam
1097 2098 1209 2157 villam
1230 2100 1260 2156 in
1277 2097 1384 2170 Crisio‚
1401 2098 1508 2156 dantes

236 2208 417 2280 hospitibus
440 2208 472 2264 in
495 2223 530 2264 ea
551 2207 762 2264 habitantibus
786 2205 916 2264 eandem
940 2206 1126 2275 libertatem,
1151 2219 1211 2277 qua
1229 2210 1355 2262 utuntur
1371 2206 1507 2280 hospites

237 2313 280 2370 de
305 2312 385 2371 Grez
409 2323 439 2370 et
462 2313 501 2370 de
521 2328 602 2371 nova
625 2314 703 2370 villa
726 2312 875 2385 Zagrabie
901 2359 906 2369 .
931 2359 935 2368 .
962 2359 967 2369 .
991 2357 997 2369 .

325 2431 435 2480 Initium
449 2431 509 2486 aeti,
529 2447 582 2495 quo
596 2431 743 2496 Stephanus
762 2433 845 2480 banus
859 2429 985 2480 Crisicnsi
999 2431 1079 2480 villae
1092 2431 1228 2479 libertates
1246 2429 1354 2480 confert.
1370 2427 1509 2494 Originale

237 2523 266 2571 in
288 2523 447 2570 membrana.
468 2521 498 2570 In
517 2523 587 2571 arch.
607 2522 653 2571 lib.
674 2537 728 2586 reg.
749 2521 797 2570 civ.
818 2520 958 2570 Crisiensis
978 2519 1038 2568 fasc.
1060 2529 1079 2568 1.
1099 2535 1138 2568 nr.
1161 2529 1181 2568 1.

847 2735 912 2802 30.

349 2845 396 2890 An.
420 2851 495 2902 1254,
518 2843 555 2891 18.
575 2841 649 2907 Julii.
667 2842 796 2906 Anagnie.

240 2951 429 3009 Innocentius
464 2952 486 3007 J
491 2951 519 3006 V.
551 2951 648 3025 Papa,
679 2952 810 3020 concedit,
841 2960 875 3008 ut
898 2953 977 3026 festa
1007 2971 1028 3008 s.
1062 2950 1204 3029 Stephani
1231 2952 1308 3024 reges
1338 2953 1368 3008 in
1397 2951 1511 3008 ecclesia

237 3056 408 3114 cathedrali
438 3057 555 3131 aagrab.
589 3058 784 3130 indulgentiae
812 3059 897 3114 unius
927 3059 1002 3114 anni
1030 3065 1059 3114 et
1086 3071 1129 3134 40
1153 3057 1262 3114 dierum
1281 3058 1511 3130 promulgentur.

332 3203 527 3260 Innocentius
565 3203 737 3274 episcopus,
773 3217 881 3261 servus
915 3217 1077 3260 servorum
1114 3201 1170 3259 dei.
1209 3202 1389 3259 Venerabili
1424 3199 1512 3258 fratri

241 3301 419 3387 (Philippo)
441 3308 587 3382 episcopo
610 3308 800 3380 zagabriensi
826 3309 958 3365 salutem
982 3315 1012 3365 et
1035 3308 1238 3382 apostolicam
1258 3306 1510 3365 benedictionem.

240 3417 278 3472 In
302 3420 480 3472 sanctorum
514 3412 740 3482 festivitatibus,
772 3431 831 3486 que
855 3429 872 3470 a
896 3413 1012 3472 Christi
1035 3414 1182 3472 fidelibus
1206 3415 1311 3472 votiva
1335 3414 1513 3471 celebritate

242 3522 396 3589 coluntur,
421 3519 524 3592 dignis
547 3519 693 3576 laudibus
715 3519 908 3590 glorificatur
923 3521 1127 3593 omnipotens,
1148 3521 1260 3577 sanctis
1276 3521 1373 3592 ipsius
1389 3518 1512 3576 debitus

243 3629 345 3686 honor
385 3625 585 3699 impenditur,
617 3632 646 3682 et
677 3627 851 3683 animarum
884 3626 1041 3700 profectus
1072 3625 1240 3682 devocione
1271 3640 1406 3698 congrua
1441 3640 1512 3699 pro·

241 3738 374 3790 curatur.
416 3730 505 3790 Unde
535 3747 599 3800 nos,
631 3731 684 3803 qui
721 3730 862 3789 fidelium
893 3733 991 3805 ipsius
1021 3747 1129 3789 curam
1159 3733 1296 3803 gerimus
1326 3732 1511 3805 generalem,

241 3855 314 3895 cum
346 3853 401 3910 pre
433 3837 587 3908 omnibus,
620 3853 680 3909 que
719 3844 821 3894 nostre
852 3838 1035 3894 incumbunt
1065 3837 1274 3908 sollicitudini,
1305 3837 1344 3894 ad
1383 3837 1509 3895 illorum

241 3945 376 4000 salutem
400 3941 559 4000 intendere
592 3949 759 4014 teneamur,
780 3945 881 4000 multo
897 3943 1051 4000 desiderio
1076 3944 1227 4017 cupimus,
1251 3950 1284 4000 ut
1304 3943 1433 4000 illorum
1449 3957 1512 4000 me-

240 4050 351 4119 moria,
375 4063 454 4120 quos
478 4054 585 4105 exutos
608 4049 671 4106 iam
695 4063 833 4124 corpore,
857 4051 936 4107 stola
959 4051 1059 4122 glorie
1075 4049 1174 4107 induit
1196 4065 1251 4106 rex
1270 4049 1400 4121 celestis,
1421 4065 1511 4106 vene-

241 4155 389 4212 rabiliter
420 4153 588 4211 recolentes
630 4155 770 4228 ipsorum
806 4154 883 4212 festa
913 4161 942 4213 et
974 4157 1089 4214 celebri
1119 4161 1211 4226 agant
1250 4155 1452 4214 observancia
1482 4161 1511 4214 et

242 4259 477 4334 sollempnitate
507 4275 606 4317 annua
638 4267 877 4333 prosequantur,
907 4277 942 4319 ac
974 4271 1007 4319 ut
1039 4269 1122 4320 tanto
1145 4263 1315 4319 accuratius
1338 4261 1377 4319 ad
1402 4277 1510 4320 eorum

243 4368 363 4424 cultum
381 4382 414 4423 se
431 4373 604 4440 preparent,
621 4375 736 4439 quanto
752 4368 824 4440 plus
841 4369 944 4441 ipsum
961 4369 1124 4426 animabus
1140 4371 1289 4426 senserint
1302 4367 1509 4442 profuturum,

244 4489 314 4530 eum
346 4488 569 4545 nonnunquam
600 4474 739 4546 insigniis
769 4473 955 4546 quibusdam
985 4474 1208 4548 spiritualibus,
1239 4474 1443 4548 indulgenciis
1465 4475 1510 4531 vi-

243 4579 356 4637 delicet
380 4587 409 4637 et
433 4580 667 4638 remissionibus
684 4580 882 4653 magnificare
899 4581 1067 4650 studemus
1092 4581 1174 4654 ipsas
1198 4580 1310 4638 devote
1334 4581 1425 4639 illum
1441 4598 1510 4639 exe·

244 4687 413 4759 quentibus
437 4687 624 4758 benignitate
647 4687 818 4760 apostolica
835 4687 1004 4759 largiendo,
1028 4687 1108 4744 Hinc
1124 4692 1178 4757 est,
1195 4686 1278 4760 quod
1295 4703 1365 4744 cum
1383 4688 1510 4745 eeclesia

243 4791 453 4864 zagabriensis
483 4793 515 4849 in
545 4793 661 4850 honore
685 4793 767 4850 beati
791 4791 939 4866 Stephani
962 4794 1043 4866 regis
1066 4793 1225 4865 Hungarie
1248 4799 1421 4851 constructa
1445 4809 1511 4850 esse

244 4897 373 4970 dicatur,
408 4915 464 4956 nos
502 4901 606 4973 ipsum
634 4899 727 4971 digna
759 4900 820 4957 coli
851 4900 1022 4957 reverentia
1056 4901 1227 4974 cupientes,
1262 4900 1408 4957 omnibus
1438 4915 1510 4957 vere

245 5007 455 5077 penitentibus
481 5011 512 5062 et
534 5004 689 5080 confessis
714 5007 766 5078 qui
789 5007 890 5079 ipsam
914 5007 1076 5063 ecclesiam
1100 5008 1130 5064 in
1154 5007 1240 5064 illius
1263 5005 1340 5063 festo
1363 5021 1443 5080 pura
1466 5006 1510 5062 in·
