3600 5804
224 902 296 948 Anno
317 905 394 964 1307,Ι
412 907 452 957 23.
471 896 552 963 Junii.
573 895 603 948 ln
622 895 780 947 Silenidnak.

132 1028 164 1085 In
184 1045 264 1086 causa
282 1044 368 1100 quam
391 1025 497 1099 agebat
523 1004 598 1082 C‘me
624 1031 725 1081 contra
755 1023 887 1081 abbatem
911 1041 935 1081 ε.
953 1020 1065 1098 Jacobi
1084 1021 1118 1079 de
1147 1023 1243 1078 casula
1268 1021 1373 1090 Sarrae,

532 1129 628 1188 eadem
649 1129 752 1189 abbati
770 1129 961 1187 adiudicatum

208 1293 266 1351 Nos
288 1292 470 1366 Stephanus,
494 1293 648 1376 Johannes
671 1297 703 1350 et
717 1289 890 1349 Radoslaus
906 1290 1042 1346 comites.
1060 1287 1208 1346 Memoris
1224 1303 1379 1346 commen-

133 1401 227 1459 dantes
247 1399 456 1471 significamus
479 1399 639 1470 universis,
664 1398 778 1472 quibus
801 1395 926 1471 expedit
949 1397 1142 1469 presencium
1160 1411 1215 1468 per
1232 1402 1379 1466 tenorem,

134 1505 205 1580 quod
227 1521 279 1563 nos
303 1521 373 1562 cum
398 1507 477 1563 inter
501 1503 628 1562 fratrem
650 1504 851 1572 Hulmanum,
868 1509 940 1561 tunc
957 1503 1105 1576 temporis
1122 1502 1267 1560 abbatem
1284 1503 1380 1560 sancti

132 1613 227 1695 Jacobi
248 1627 345 1686 prope
369 1611 562 1684 Zagrabiam,
586 1611 797 1683 cistercyensis
820 1609 937 1668 ordinis
961 1610 1002 1666 ab
1025 1625 1086 1667 una
1109 1613 1197 1682 parte
1213 1613 1242 1665 et
1258 1607 1379 1666 Cherne

134 1735 194 1776 cum
215 1719 274 1776 suis
296 1717 472 1776 fautoribus
495 1719 535 1775 ab
559 1718 665 1786 altera,
689 1717 728 1774 lis
751 1724 781 1774 et
803 1717 1013 1774 controversia
1036 1731 1129 1790 super
1145 1715 1254 1786 insula,
1273 1730 1333 1787 que
1350 1715 1381 1771 in

134 1823 213 1882 Zavva
241 1831 284 1881 est
314 1840 413 1898 prope
443 1825 605 1882 ecclesiam
636 1823 769 1898 predicti
800 1823 896 1880 sancti
929 1823 1047 1906 Jacobi‚
1082 1823 1112 1880 in
1148 1837 1209 1895 qua
1243 1820 1381 1894 prefatus

133 1929 238 1986 Cherne
259 1929 421 1998 residebat,
446 1935 626 2000 verteretur,
648 1928 775 1986 domino
798 1930 911 1986 abbate
939 1933 1101 1999 asserente,
1126 1927 1209 2001 quod
1233 1926 1315 1985 dicta
1336 1928 1381 1984 in-

135 2036 194 2094 sula
215 2043 275 2094 tota
297 2037 424 2094 ecclesie
448 2036 584 2110 predicte
608 2042 637 2094 et
659 2036 818 2092 monachis
841 2035 958 2092 ibidem
982 2033 1075 2092 deum
1106 2035 1265 2092 orantibus
1288 2033 1381 2107 perti·

132 2149 215 2212 neret
235 2143 315 2215 quod
339 2143 512 2217 privilegiis
535 2142 693 2214 regalibus
723 2147 826 2215 posset
857 2140 1034 2210 ostendere;
1065 2140 1121 2198 illo
1154 2155 1237 2210 vero,
1261 2137 1382 2197 Cherne

133 2249 243 2318 scilicet,
266 2250 386 2323 penitus
409 2248 643 2318 contradicente,
667 2247 786 2305 diucius
810 2247 913 2320 itaque
936 2263 1026 2304 causa
1043 2261 1148 2304 coram
1170 2245 1260 2303 nobis
1285 2244 1380 2302 venti·

133 2355 194 2422 lata,
216 2356 350 2413 volentes
374 2356 516 2412 assistere
540 2355 658 2412 iusticie
684 2369 743 2411 una
767 2369 838 2411 cum
861 2353 1020 2410 nobilibus
1047 2359 1127 2409 terre
1150 2357 1253 2409 nostre
1276 2348 1380 2408 decre·

134 2460 230 2532 vimus,
251 2469 285 2519 ut
308 2461 435 2519 domino
458 2461 571 2518 abbate
595 2461 735 2534 predicto
758 2459 932 2533 privilegiis
948 2475 1042 2533 super
1064 2459 1122 2515 hoc
1145 2457 1275 2515 ostensis
1299 2457 1382 2528 lega-

133 2567 212 2637 libus,
234 2567 372 2641 predicta
394 2568 495 2624 insula
519 2567 604 2624 iuxta
628 2573 765 2624 tenorem
788 2565 1027 2640 privilegiorum
1051 2579 1178 2621 suorum
1194 2563 1314 2620 restitui
1330 2561 1383 2620 de·

133 2671 208 2729 beret
228 2674 258 2731 iu
280 2675 444 2746 integrum,
468 2681 497 2730 et
514 2689 607 2746 super
622 2674 680 2730 hoc
695 2672 819 2744 utrique
835 2672 916 2745 parti
932 2670 1016 2728 diem
1031 2671 1227 2743 assignantes
1247 2668 1317 2742 Quo
1333 2669 1383 2726 die

134 2777 305 2848 adveniente,
328 2787 459 2852 utraque
483 2759 689 2852 comparente,
713 2777 857 2835 dominus
872 2777 970 2834 abbas
989 2775 1144 2850 sepefatus
1160 2775 1382 2832 excellenciam

134 2899 227 2956 regum
249 2885 414 2958 privilegia
438 2885 573 2958 Vngarie
596 2883 755 2942 videlicet:
782 2881 852 2940 bele
873 2889 903 2939 et
926 2880 1074 2955 Stephani
1097 2881 1236 2938 exhibuit
1259 2879 1381 2952 legalia,

134 3005 185 3060 que
206 3007 272 3048 curn
294 2992 456 3064 perlegere
480 2991 665 3052 fecissemus.
682 2990 773 3047 alteri
797 2989 877 3064 parti
901 2993 1039 3045 materna
1063 2987 1177 3060 lingwa
1200 2985 1383 3060 exponendo

135 3103 159 3150 et
178 3096 239 3168 ipsa
261 3098 358 3155 altera
382 3099 523 3171 partein
547 3097 635 3155 nullo
665 3094 899 3166 contradicente,
931 3093 1140 3152 contradicere
1170 3093 1221 3150 vel
1250 3094 1381 3163 valente,

135 3215 271 3260 unacum
303 3204 378 3261 viris
409 3204 600 3277 sapientibus
630 3209 659 3259 et
690 3201 829 3258 discretis
860 3207 941 3259 terre
971 3200 1130 3258 nobilibus
1159 3200 1384 3257 sentencialiter

135 3303 320 3376 decrevimus,
343 3316 377 3366 ut
401 3308 538 3382 sepefata
561 3309 660 3366 insula
684 3307 723 3365 ad
747 3308 908 3364 ecclesiam
929 3313 1135 3364 reverteretur
1158 3307 1299 3379 superius
1330 3319 1383 3362 no-

136 3411 268 3471 minatam
292 3415 377 3472 iuxta
401 3422 537 3472 tenorem
563 3413 799 3487 privilegiorum
831 3413 904 3470 dicti
939 3413 1061 3471 abbatis
1083 3428 1176 3486 super
1200 3413 1258 3470 hoc
1281 3411 1383 3468 decre·

136 3522 239 3586 torum;
261 3527 290 3577 et
313 3519 351 3578 ad
376 3521 435 3578 hoe
451 3519 625 3578 faciendum
643 3519 824 3591 Nycolaum,
841 3518 942 3577 filium
961 3518 1090 3577 Arlandi
1106 3525 1136 3576 et
1153 3519 1313 3575 Vrbanam
1332 3531 1381 3574 co·

136 3623 213 3680 mites
235 3627 446 3684 constituimus
466 3625 690 3698 assignandam.
714 3626 775 3697 Qui
798 3625 1001 3698 personaliter
1024 3625 1063 3682 ad
1088 3625 1221 3681 insulam
1245 3625 1308 3680 iarn
1331 3637 1384 3680 no-

136 3730 269 3789 minatam
292 3732 469 3790 accedentes
492 3748 551 3789 una
574 3747 645 3789 cum
669 3732 744 3788 viris
768 3731 907 3788 diseretis
931 3731 1094 3788 Dominico
1119 3731 1232 3787 lectore
1248 3739 1277 3786 et
1295 3728 1384 3786 Petro

137 3837 335 3896 archidiacono
367 3840 523 3912 magistris
555 3838 745 3896 honorabilis
776 3838 903 3910 capituli
933 3837 1140 3909 zagrabiensls
1171 3835 1323 3892 canonicis
1354 3839 1384 3890 et

138 3941 220 3999 eciam
243 3961 310 4002 cum
337 3951 417 4002 terre
441 3945 669 4014 commetaneis,
693 3945 799 4001 abbati
830 3942 986 4016 sepedicto
1010 3943 1095 4000 iuxta
1117 3949 1257 3999 nostrum
1281 3940 1384 3997 decre·

137 4051 193 4104 tum
214 4052 404 4122 assignarunt
435 4051 679 4108 irrevocabiliter
709 4050 859 4108 rehabere
889 4056 918 4106 et
950 4049 1014 4105 iure
1045 4055 1194 4122 perpetuo
1228 4045 1385 4119 possidere

137 4155 288 4213 secundum
312 4158 502 4229 exigenciam
527 4158 601 4214 iuris
625 4165 654 4213 et
678 4156 825 4213 debitum.
853 4157 889 4212 Et
913 4163 946 4212 ut
970 4171 1006 4212 ne
1032 4153 1188 4228 predictus
1211 4152 1331 4208 Cherne
1355 4155 1384 4208 et

138 4259 177 4314 sui
197 4259 326 4320 lautores
350 4263 399 4320 vel
428 4263 506 4319 alter
537 4263 724 4335 quicumque
755 4278 848 4335 super
879 4263 1055 4334 pretitulata
1086 4261 1186 4318 insula
1223 4259 1384 4316 dominum

138 4364 268 4424 abbatem
292 4370 342 4425 vel
366 4367 475 4425 fratres
499 4375 685 4426 memoratos
709 4369 845 4440 inpetere
868 4369 918 4424 vel
944 4367 1109 4424 molestare
1138 4367 1260 4423 valeant
1283 4365 1314 4421 in
1339 4363 1385 4420 fu·

139 4475 237 4542 turum,
259 4480 414 4546 presentes
445 4475 562 4530 litteras
593 4473 622 4531 in
653 4475 750 4530 robur
779 4473 966 4530 valetudinis
997 4473 1142 4530 duximus
1169 4471 1265 4528 nostri
1289 4469 1385 4542 sigilli

139 4579 292 4636 munimine
323 4579 471 4637 roborari.
501 4579 615 4636 Datum
639 4580 669 4636 in
694 4578 895 4638 Stenichnach
928 4581 956 4636 in
989 4579 1095 4650 vigilia
1128 4577 1208 4634 beati
1237 4575 1385 4658 Johannis

140 4680 264 4754 baptiste.
290 4689 377 4743 Anno
401 4685 518 4743 domini
543 4687 711 4743 millesimo
737 4687 950 4742 trecentesimo
973 4685 1114 4759 septimo.

217 4819 351 4886 Originale
371 4821 397 4870 iu
416 4823 574 4878 membrana,
598 4835 612 4870 a
631 4821 716 4886 ligula
735 4821 900 4871 membranea
920 4822 1050 4885 dependet
1063 4819 1183 4885 sigillum
1202 4823 1260 4869 utut
1279 4833 1382 4868 conser-

141 4911 224 4958 vatum
242 4909 269 4960 ln
288 4910 357 4961 arch.
377 4926 433 4960 ven.
454 4923 509 4974 cap.
529 4911 633 4977 zagrab,
