3600 5804
401 595 461 636 100
710 569 964 650 Doc.117.118.
992 605 1027 613 -
1054 571 1112 630 An.
1134 561 1344 650 ιρι-[322.

400 795 430 846 et
445 789 609 847 transcribi
624 787 804 860 faceremus,
820 804 954 862 quarum
970 794 1058 847 tenor
1072 789 1144 846 talis
1160 794 1220 846 est:
1237 781 1311 868 (vid.
1332 803 1400 856 115.
1417 789 1455 846 de
1470 804 1551 847 anno
1573 804 1663 862 1321,

403 911 450 952 21.
474 897 614 968 Augusti,
636 902 666 952 et
688 913 732 953 nr.
760 910 828 968 113.
856 912 881 954 a.
905 887 1075 972 februarii.)

490 1013 630 1079 Originale
658 1013 683 1062 in
707 1015 867 1072 membrana,
891 1028 989 1063 arona
1008 1014 1107 1063 sericea
1136 1015 1218 1064 rubra
1237 1020 1263 1062 et
1282 1013 1350 1064 flava
1370 1015 1500 1079 dependet
1519 1013 1665 1078 capitulare

401 1100 527 1166 sigillum.
548 1101 578 1150 ln
597 1101 668 1150 arch.
690 1117 745 1152 ven.
765 1117 821 1166 cap.
841 1103 945 1168 zagrab.
968 1103 1029 1154 fasc.
1052 1113 1089 1153 10.
1109 1118 1148 1152 nr.
1167 1111 1208 1162 47.

999 1319 1075 1387 11¹1.

507 1463 583 1512 Anno
605 1470 679 1519 1321,
698 1465 721 1510 0.
742 1459 902 1511 novembris.
922 1459 1059 1510 Avinione.

401 1590 563 1662 Augustino
585 1591 710 1663 epncepo
732 1591 921 1664 zagrabiensi,
943 1597 977 1646 ut
998 1591 1059 1646 loca
1074 1589 1258 1647 ecclesiastica
1268 1597 1327 1662 pcr
1341 1589 1504 1663 effusionem
1519 1590 1665 1662 sanguinis

606 1697 722 1768 polluta
737 1704 797 1770 per
818 1696 947 1753 adoneum
965 1693 1138 1756 sacerdotem
1158 1696 1340 1752 reconciliati
1352 1697 1461 1770 faciat.

489 1839 644 1921 Johannes
667 1840 832 1913 episcopus
855 1855 963 1897 servus
986 1854 1149 1896 servorum
1173 1839 1230 1896 dei.
1254 1840 1435 1896 Venerabili
1460 1838 1548 1896 fratri
1564 1842 1663 1910 Augu·

402 1946 482 2003 stino
505 1946 651 2020 episcopo
674 1946 865 2018 zagabriensi
888 1946 1019 2003 salutem
1044 1952 1074 2002 et
1097 1946 1301 2019 apostolicam
1325 1945 1578 2003 benedictionem.
1607 1947 1664 2002 lle-

402 2052 465 2109 ruit
488 2059 539 2108 tue
562 2051 735 2109 devotionis
767 2052 933 2123 sinceritas
958 2067 1053 2125 quam
1084 2067 1158 2124 erga
1189 2066 1244 2108 nos
1268 2056 1297 2108 et
1320 2065 1482 2108 romanam
1507 2053 1663 2108 ecclesiam

402 2158 517 2214 habere
541 2157 717 2228 dinosceris,
744 2163 779 2215 ut
802 2158 1008 2232 peticionibus
1031 2159 1100 2228 tuis,
1132 2164 1282 2230 quantum
1313 2172 1383 2214 cum
1416 2155 1475 2214 deo
1499 2173 1664 2230 possumus,

402 2262 619 2321 favorabiliter
642 2279 821 2322 annuamus,
857 2264 936 2322 Cum
967 2265 1079 2338 itaque,
1111 2263 1190 2320 sicut
1220 2263 1310 2320 nobis
1331 2277 1487 2335 exponere
1510 2263 1659 2332 curavisti,

403 2385 475 2443 sepe
498 2370 647 2442 contingit
670 2371 823 2441 ecclesias,
847 2371 1041 2440 monasteria,
1065 2369 1217 2426 cimiteria
1240 2375 1270 2426 et
1292 2369 1354 2426 alia
1377 2369 1446 2426 loca
1467 2369 1664 2426 ecclesiastica

404 2481 454 2532 tue
478 2477 610 2533 civitatis
633 2483 664 2534 et
687 2477 817 2534 diocesis
840 2492 897 2550 per
919 2473 1103 2534 effusionem
1133 2476 1290 2549 sanguinis
1321 2477 1373 2532 vel
1401 2477 1527 2534 seminis
1550 2475 1663 2545 violari,

404 2580 441 2638 ad
466 2598 526 2654 que
548 2582 776 2639 reconcilianda
797 2589 927 2657 propter
949 2598 1080 2644 moram.
1105 2597 1200 2656 quam
1223 2581 1261 2638 de
1285 2582 1430 2640 mandato
1459 2588 1564 2640 nostro
1586 2581 1663 2656 apud

404 2687 509 2744 sedem
532 2689 735 2761 apostolicam
757 2689 878 2746 trahere
902 2688 1078 2759 dinosceris,
1107 2689 1216 2762 nequis
1243 2689 1447 2762 personaliter
1470 2697 1499 2746 te
1522 2689 1662 2758 conferre,

403 2794 493 2850 nobis
516 2795 676 2852 humiliter
699 2795 890 2868 supplicasti,
911 2801 946 2852 ut
969 2794 1134 2869 providere
1150 2809 1244 2868 super
1259 2795 1326 2864 hoc,
1344 2809 1400 2851 nec
1414 2793 1523 2852 fideles
1546 2809 1661 2852 earum·

405 2899 475 2957 dem
500 2900 632 2957 civitatis
655 2907 685 2957 et
708 2899 839 2958 diocesis
864 2900 974 2958 exinde
997 2902 1126 2958 subeant
1149 2900 1180 2958 in
1203 2901 1419 2973 spiritualibus
1441 2900 1662 2964 detrimentum,

405 3005 443 3062 de
465 3005 653 3077 benignitate
676 3007 846 3080 apostolica
871 3006 1078 3078 dignaremur.
1102 3008 1167 3066 Nos
1190 3009 1285 3081 igitur
1308 3008 1368 3065 tuis
1391 3007 1665 3082 supplicationibus

405 3111 550 3181 inclinati,
575 3110 658 3183 quod
682 3111 835 3182 ecclesiae,
853 3114 1038 3170 monasteria
1055 3119 1084 3171 et
1099 3115 1161 3171 alia
1177 3115 1246 3172 loca
1262 3113 1440 3188 supradicta
1456 3130 1511 3188 per
1533 3115 1663 3186 aliquem

405 3232 459 3273 seu
482 3217 604 3289 aliquos
627 3217 818 3274 sacerdotem
843 3234 895 3275 seu
920 3219 1095 3278 sacerdotes
1117 3220 1254 3292 ydoneos
1269 3221 1461 3279 reconciliari
1477 3221 1577 3290 facias
1595 3233 1665 3294 quo

405 3323 483 3380 tiens
506 3320 599 3379 fuerit
622 3331 821 3396 oportunum,
846 3339 926 3396 aqua
957 3340 1013 3397 per
1044 3327 1182 3400 aliquem
1214 3328 1404 3401 episcopum,
1434 3333 1470 3384 ut
1499 3327 1593 3384 moris
1616 3333 1664 3394 est,

405 3428 550 3502 primitus
574 3428 743 3497 benedicta,
769 3427 952 3486 fraternitati
976 3437 1026 3486 tue
1050 3433 1230 3490 auctoritate
1254 3433 1444 3506 presentium
1476 3431 1665 3490 concedimus

407 3533 600 3591 facultatem:
624 3550 680 3606 per
704 3536 762 3592 hoc
782 3547 886 3592 autem
910 3538 1125 3606 constitutioni,
1149 3553 1209 3610 que
1232 3537 1264 3594 id
1287 3554 1344 3611 per
1367 3539 1528 3612 episcopos
1550 3545 1664 3595 tantum

406 3639 475 3697 fieri
497 3641 644 3714 precepit,
661 3641 784 3698 nullum
800 3643 947 3699 volumus
963 3643 1166 3716 preiudicium
1184 3646 1332 3716 generari.
1349 3644 1438 3702 Nulli
1454 3661 1527 3717 ergo
1545 3646 1664 3702 omnino

370 3753 373 3756 '
406 3748 568 3804 hominum
591 3748 682 3804 liceat
697 3749 776 3804 hanc
791 3750 936 3820 paginam
952 3731 1055 3806 nostre
1071 3751 1274 3808 concessionis
1290 3750 1465 3823 intringere,
1482 3752 1531 3808 vel
1549 3753 1576 3808 ei
1592 3767 1663 3808 ausu

406 3854 571 3910 temerario
584 3854 742 3910 contraire.
756 3852 789 3911 Si
805 3855 873 3927 quis
890 3861 994 3911 autem
1010 3855 1068 3911 hoc
1084 3863 1268 3928 attemptare
1285 3859 1517 3931 presumpserit,
1534 3857 1665 3930 indigna-

406 3960 520 4015 tionem
545 3959 765 4030 omnipotentis
789 3959 837 4015 dci
856 3965 885 4016 et
902 3960 1064 4017 beatorum
1082 3961 1163 4018 Petri
1181 3969 1210 4018 et
1227 3962 1315 4020 Pauli
1330 3964 1544 4036 apostolorum
1560 3967 1622 4022 eius
1636 3978 1665 4018 se

406 4066 528 4122 noverit
543 4065 746 4122 incursurum.
762 4066 878 4122 Datum
899 4061 1064 4138 Avinione‚
1082 4067 1109 4123 V
1113 4068 1152 4124 ΙΙΙ
1168 4067 1237 4124 idus
1253 4069 1441 4127 novembris.
1465 4071 1555 4128 Anno
1577 4076 1664 4127 sexto,

496 4181 591 4246 Ereg.
612 4181 678 4247 orig.
698 4182 790 4246 Johan.
811 4183 903 4242 XXII,
922 4199 961 4232 an.
982 4184 1026 4234 Vl.
1053 4200 1118 4234 com.
1145 4202 1184 4250 cp.
1215 4187 1269 4240 176.
1296 4187 1326 4235 Α,
1352 4185 1564 4238 Theiner.·Mon.
1583 4189 1664 4252 Hung.

407 4269 467 4319 hist.
487 4276 504 4319 t.
523 4268 543 4318 Ι.
563 4285 587 4334 p.
607 4279 666 4330 473.

1002 4417 1079 4483 118.

513 4539 589 4586 Auno
611 4546 685 4596 1322,
706 4539 729 4588 8.
749 4537 819 4586 maii.
838 4539 991 4604 Zagrabiae.

415 4664 546 4722 Civitatis
561 4667 663 4721 montis
685 4664 862 4733 Greckensis,
879 4670 1064 4726 communitas
1086 4670 1205 4728 medium
1214 4679 1331 4744 purtem
1347 4673 1493 4730 cue’zesu'am
1509 4676 1617 4732 msulae
1630 4669 1667 4728 ad

410 4769 519 4828 Savum
530 4771 610 4839 sitae,
619 4779 772 4845 terrasque
783 4773 868 4830 erdem
880 4793 954 4848 quoe
961 4775 1137 4846 educebant,
1149 4779 1276 4837 undecim
1289 4779 1394 4836 marcis
1404 4779 1589 4838 cienurromm
1599 4779 1663 4836 erud.

496 4916 560 4973 Nos
583 4915 690 4988 Cuma,
714 4934 824 4990 mayor
846 4921 987 4990 civitatis,
1011 4921 1128 4979 iudices
1151 4932 1181 4980 et
1204 4924 1378 4992 consiliarii,
1404 4924 1534 4982 scilicet:
1557 4923 1663 4993 Nicola,

409 5023 538 5094 Marcus,
563 5022 708 5095 Francha,
732 5025 872 5096 Michael,
898 5025 1039 5098 Peterlin,
1071 5027 1232 5100 Georgius,
1262 5029 1417 5087 Endreilro
1437 5038 1467 5088 et
1490 5030 1663 5100 Bernardus‚
