3782 5812
666 557 809 614 Doara.
838 587 875 598 -
902 555 957 612 An.
983 567 1069 632 1235.
1485 573 1502 632 9

237 755 394 827 Chymich
426 755 511 813 vadit
542 755 684 826 inferius,
716 756 769 812 ubi
801 755 863 812 exit
886 753 925 812 de
948 755 1104 828 Chymich
1128 755 1242 814 Golina
1264 755 1382 826 mlaca‚
1414 753 1504 813 etde

236 861 350 920 Golina
374 863 475 920 mlaca
500 861 585 920 vadit
608 861 645 919 ad
671 861 841 931 caminam,
873 861 926 918 ubi
950 861 1032 919 cadit
1055 861 1169 920 Golina
1192 863 1292 919 mlaca
1316 863 1346 919 in
1370 861 1504 932 lanam,

235 979 265 1025 et
295 983 390 1042 super
423 967 547 1025 Zawam
571 967 656 1025 vadit
680 966 807 1024 insenius
831 966 885 1024 ubi
909 968 971 1024 exit
996 968 1145 1024 hiortinca
1168 973 1271 1040 strug‚
1303 976 1332 1025 et
1355 969 1505 1026 Mortinca

234 1083 322 1148 strug
346 1075 433 1133 vadit
456 1091 553 1147 usque
576 1073 615 1132 ad
639 1075 781 1142 Rumam,
810 1073 910 1130 Rusca
933 1073 996 1130 exit
1019 1073 1058 1131 de
1083 1074 1231 1132 hlortinca
1256 1081 1344 1148 strug
1367 1081 1396 1132 et
1420 1075 1504 1132 venit

234 1185 265 1240 in
297 1182 432 1252 Odram,
464 1189 493 1238 et
526 1183 569 1238 sic
600 1180 681 1238 redit
711 1179 749 1238 ad
775 1181 912 1254 priorem
936 1185 1059 1238 metam.
1090 1181 1155 1238 Hec
1178 1187 1248 1238 sunt
1272 1181 1398 1239 nomina
1420 1195 1503 1238 cam·

232 1304 355 1363 porum,
379 1304 439 1361 que
461 1295 531 1345 sunt
556 1289 585 1345 in
611 1293 691 1345 terra
716 1285 869 1361 predicta:
895 1285 977 1356 Pola,
1002 1287 1138 1359 Durnyc.
1156 1287 1284 1359 Lysnyc,
1302 1287 1402 1358 Ruffa,
1420 1287 1503 1356 Pala,

235 1395 359 1464 Polana,
384 1395 500 1452 Crisna.

273 1621 278 1628 Ι
320 1547 439 1604 Wenzel,
460 1548 528 1598 Mon.
550 1549 668 1614 Hungar.
689 1547 780 1598 histor.
802 1555 862 1596 tom.
883 1545 947 1596 XX.
967 1563 991 1612 p.
1012 1556 1070 1596 221.

323 1907 371 1953 An.
395 1913 469 1962 1235.
489 1903 643 1970 Zagrabiae.
841 1851 897 1916 12⁰

234 2045 404 2121 Stephanus
427 2049 468 2106 Il
493 2047 640 2122 episcopus
662 2047 882 2121 aagrabiensis,
907 2049 1021 2124 confert
1041 2049 1166 2122 captitula
1190 2048 1333 2106 temdum
1357 2047 1504 2122 quandam

231 2156 266 2212 de
296 2155 466 2228 Podgoria,
498 2156 617 2214 servitio
648 2163 741 2212 tamen
765 2156 815 2212 illo
838 2164 959 2224 retento,
990 2165 1023 2214 ut
1047 2174 1067 2212 a
1089 2152 1215 2229 capitulo
1237 2155 1329 2212 oleum
1353 2154 1506 2211 chrismati

230 2279 329 2317 annuc
353 2261 541 2318 consecrando
564 2263 751 2318 necessarium
776 2261 900 2320 dimidia
933 2281 1033 2320 marca
1057 2265 1119 2332 emi,
1146 2261 1379 2336 Zagrubiamque
1405 2261 1503 2334 depor-

774 2370 838 2426 tari
857 2369 961 2426 debeat.

324 2530 501 2605 Stephanus
523 2531 572 2588 dei
595 2532 699 2603 gracia
714 2533 921 2604 zagrabiensis
937 2534 1109 2606 episcopus.
1126 2531 1279 2590 Omnibus
1295 2531 1409 2588 Christi
1429 2529 1503 2588 fide·

231 2639 317 2696 libus
355 2643 417 2694 tam
454 2639 648 2710 presentibus
679 2654 773 2710 quam
805 2641 936 2713 posteris
975 2641 1092 2696 litteras
1125 2645 1281 2712 presentes
1312 2637 1503 2710 inspecturis

231 2746 365 2802 salutem
398 2753 429 2802 et
459 2759 550 2802 omne
582 2745 706 2802 honum.
739 2747 893 2819 Quoniam
918 2747 1063 2804 dominus
1086 2751 1176 2818 auget
1199 2760 1323 2818 semper
1346 2749 1375 2800 et
1398 2743 1503 2800 multi·

231 2851 328 2925 plicat
354 2851 435 2907 bona
468 2867 505 2908 ex
530 2852 643 2924 quibus
667 2852 785 2924 aliquid
811 2869 868 2927 pro
891 2853 956 2910 eius
982 2853 1106 2910 nomine
1130 2861 1290 2924 erogatur;
1315 2866 1350 2908 ea
1373 2856 1504 2924 propter

231 2955 464 3014 considerantes
487 2957 654 3032 diiigenter
673 2959 770 3015 nostri
787 2959 915 3032 capituli
932 2959 1062 3016 nimiam
1080 2965 1296 3033 paupertatem
1313 2965 1342 3014 et
1358 2958 1504 3030 inopiam,

232 3062 378 3121 videlicet
411 3063 494 3136 quod
527 3065 738 3136 unusquisque
769 3069 899 3122 iratrum
934 3066 964 3122 in
996 3063 1147 3122 reditibus
1175 3080 1236 3121 non
1265 3071 1368 3136 posset
1390 3063 1504 3120 habere

231 3171 305 3242 plus
328 3171 359 3228 in
384 3186 464 3228 anno
488 3171 545 3227 nisi
570 3171 677 3227 valens
699 3186 836 3227 marcam
860 3178 890 3228 et
913 3170 1085 3240 dimidiam,
1113 3176 1143 3228 et
1166 3187 1230 3240 nos,
1257 3183 1364 3242 ymmo
1387 3169 1503 3241 episco-

233 3283 326 3350 patus
357 3283 462 3334 noster
493 3291 549 3349 per
576 3277 797 3349 omnipotentis
827 3276 876 3334 dei
907 3279 1044 3349 graciam
1075 3275 1268 3334 habundaret
1299 3276 1329 3334 in
1358 3275 1503 3332 omnibus

232 3383 332 3452 honis,
364 3383 403 3438 de
427 3382 543 3439 eisdem
568 3382 657 3439 bonis
681 3398 698 3439 a
722 3382 780 3440 deo
804 3384 893 3441 nobis
916 3384 1054 3452 collatis,
1085 3382 1233 3441 fratribus
1257 3381 1412 3440 nostribus
1434 3395 1503 3454 pre·

230 3487 322 3545 dictis
341 3503 398 3561 pro
414 3503 522 3546 eorum
540 3495 721 3562 paupertate
736 3489 936 3560 sublevanda,
952 3489 1100 3546 terrulam
1117 3488 1275 3562 quandam
1288 3489 1326 3546 de
1342 3486 1502 3560 Podgoriao

233 3609 305 3650 cum
336 3595 463 3667 populis
494 3609 588 3666 super
620 3595 748 3652 eandem
782 3603 896 3654 terram
920 3596 1123 3654 existentibus
1146 3605 1175 3652 et
1199 3595 1380 3654 eorumdem
1404 3609 1504 3682 popu·

233 3701 337 3758 lorum
362 3697 492 3756 decimis
515 3709 545 3756 et
568 3702 747 3759 marturinis
770 3709 799 3758 et
823 3701 968 3759 omnibus
992 3703 1061 3760 aliis
1077 3701 1282 3774 pertinenciis,
1299 3702 1366 3758 solo
1383 3707 1501 3758 tantum

230 3809 290 3864 hoc
313 3806 446 3864 servicio
469 3811 596 3878 retento,
622 3807 704 3880 quod
730 3809 859 3881 singulis
875 3809 970 3879 annis,
990 3809 1069 3865 sicut
1088 3824 1125 3865 ex
1142 3809 1269 3880 antiqua
1284 3805 1503 3864 consvetudine

230 3919 373 3970 tenentur
412 3911 452 3969 ad
484 3914 749 3971 consecracionem
780 3915 934 3971 crismatis
974 3919 1110 3971 emerent
1148 3913 1253 3970 oleum
1284 3927 1342 3987 pro
1373 3911 1503 3970 dimidia

230 4033 335 4074 marca
358 4026 389 4075 et
412 4018 614 4090 deportarent
637 4020 721 4076 omni
744 4021 919 4077 occassione
942 4025 1062 4077 remota
1086 4019 1115 4076 in
1138 4017 1187 4076 die
1210 4019 1305 4075 ramis
1322 4019 1501 4092 palmarum

228 4123 425 4196 Zagrabiam,
442 4126 630 4182 contulimus
647 4127 748 4198 quiete
764 4135 794 4183 et
810 4125 937 4199 pacifice
955 4133 1106 4199 perpetuo
1124 4124 1349 4199 possidendam.
1375 4125 1503 4198 insuper

228 4231 324 4288 etiam
359 4229 398 4287 ad
431 4246 522 4287 usum
556 4231 766 4305 predictorum
800 4231 930 4290 fratrum
962 4237 1138 4290 nostrorum
1167 4231 1354 4288 contulimus
1378 4231 1408 4288 in
1433 4245 1501 4304 per-

229 4342 360 4410 petuum
398 4335 535 4394 decimas
570 4340 734 4396 comitatus
762 4337 800 4396 de
832 4338 1000 4412 Podgoria,
1035 4339 1173 4396 valentes
1204 4338 1361 4395 annuatim
1394 4335 1501 4393 decem

228 4458 360 4514 marcas,
395 4445 560 4517 presertim
592 4460 661 4502 cum
694 4445 777 4502 idem
809 4444 919 4502 iratres
953 4447 1050 4504 nostri
1090 4461 1143 4502 sue
1174 4445 1349 4518 paupertati
1373 4457 1500 4517 parcere

230 4525 389 4621 nolentes,
421 4552 569 4608 iuvissent
600 4565 655 4608 nos
685 4565 754 4608 cum
788 4551 1003 4608 laboraremus
1033 4551 1170 4608 incuria
1192 4565 1320 4608 romana
1343 4565 1402 4624 pro
1424 4548 1501 4606 deli-

231 4655 372 4714 beranda
404 4657 533 4714 ecclesia
564 4664 668 4714 nostra
700 4665 805 4714 contra
834 4658 979 4714 abbatem
1004 4658 1100 4714 sancti
1124 4657 1247 4714 Martini
1271 4657 1301 4714 in
1325 4663 1447 4713 centum
1471 4661 1501 4712 et

231 4763 343 4835 viginti
360 4763 473 4819 marcis
493 4753 634 4834 argenti*
652 4763 693 4821 Ut
709 4764 804 4835 igitur
819 4777 837 4820 a
853 4763 942 4820 nobis
958 4769 987 4819 et
1004 4764 1115 4820 nostris
1132 4763 1359 4819 successoribus
1376 4775 1501 4833 presens

322 4947 457 4999 'Conierz
478 4949 599 4998 Theiner.
620 4949 733 4999 Monam.
753 4951 841 5014 Hung.
862 4951 954 5000 histor.
975 4949 993 4999 I.
1014 4966 1038 5015 p.
1061 4959 1100 5008 70,
1130 4959 1184 5007 105.
1208 4949 1320 5000 Farlatti
1345 4947 1414 4998 Illir.
1434 4963 1499 5002 sacr,

228 5045 291 5088 tom.
311 5037 343 5086 V.
364 5053 389 5102 p.
410 5037 470 5096 366.
489 5038 563 5102 Joan.
584 5036 700 5094 Thalete,
718 5038 787 5088 Mon.
806 5037 865 5088 hist.
887 5038 966 5102 episc.
987 5037 1090 5104 zagrab.
1111 5037 1130 5088 1.
1149 5055 1172 5104 p.
1195 5047 1234 5098 73.
