3824 5806
643 550 716 606 Duc.
740 547 804 625 416
836 556 904 625 417.
932 580 967 588 —
995 547 1050 602 An.
1076 559 1166 622 1399.
1472 566 1529 623 40¹

269 749 441 820 testacione‚
473 753 635 806 annotatus
670 747 814 805 dominus
844 747 975 829 Joannes
999 749 1114 814 cantor,
1138 747 1315 802 nominibus
1339 752 1367 803 et
1393 748 1532 818 personis

268 856 438 928 prescripte
461 855 588 911 ecclesie
613 853 770 926 futurique
785 853 923 926 episcopi
941 859 970 910 et
987 852 1113 924 capituli
1131 853 1337 924 zagrabiensis
1354 859 1533 910 annotatum

161 1001 164 1009 .
268 960 428 1018 dominum
461 965 601 1016 nostrum
634 974 739 1031 regem
772 973 789 1014 a
822 957 989 1014 donacione
1021 963 1050 1014 et
1081 959 1319 1031 perpetuacione
1343 957 1416 1015 dicti
1443 959 1533 1015 castri

268 1065 388 1123 lledwe
411 1070 441 1123 et
464 1080 592 1122 suarum
615 1064 883 1138 pertinenciarum.
915 1063 1113 1136 prelatosque
1135 1063 1296 1120 dominum
1319 1063 1534 1120 Eberhardum

267 1172 457 1244 episcopum,
492 1171 728 1228 Petermannum
757 1177 787 1226 et
810 1169 1024 1226 Hermannum
1049 1184 1084 1226 ac
1107 1169 1186 1226 alios
1209 1169 1365 1241 quoslibet
1388 1184 1405 1226 a
1430 1185 1534 1241 recep-

267 1278 362 1346 cione‚
395 1277 574 1334 detencione
601 1283 631 1333 et
661 1276 874 1348 occupacione,
907 1274 1126 1348 fructuumque
1149 1280 1178 1330 et
1202 1275 1372 1331 utilitatum
1394 1274 1532 1332 eiusdem

267 1391 296 1440 et
319 1399 446 1440 suarum
479 1382 738 1455 pertinenciarum
766 1382 968 1455 percepcione
992 1381 1042 1437 vel
1067 1381 1129 1437 alio
1152 1381 1263 1452 quovis
1286 1381 1406 1453 quesito
1428 1381 1532 1438 colore

267 1505 299 1546 se
322 1488 360 1546 ad
386 1489 469 1546 idem
493 1489 544 1545 vel
568 1488 692 1545 easdem
716 1487 943 1544 intromissione
967 1485 1056 1543 tactis
1078 1487 1130 1542 vel
1154 1485 1263 1542 fiendis
1284 1486 1444 1558 prohibuit
1461 1500 1532 1542 con-

267 1594 445 1652 tradicendo
469 1600 499 1651 et
521 1593 707 1650 contradixit
737 1592 905 1649 inhibendo
936 1593 1130 1666 presencium
1154 1598 1329 1648 nostrarum
1354 1592 1529 1649 testimonio

267 1700 450 1757 litterarum.
482 1699 598 1756 Datum
622 1699 716 1754 tercio
740 1697 789 1754 die
813 1697 874 1754 diei
895 1697 964 1754 festi
989 1699 1212 1770 assumpcionis
1237 1697 1365 1768 virginis
1388 1697 1532 1767 gloriose.

266 1807 356 1863 Anno
380 1804 498 1862 domini
522 1803 778 1861 MCCCLXXXX
800 1819 889 1861 nono

354 1938 467 1989 Farlati:
494 1938 561 1988 Illir.
581 1953 644 1991 sacr.
665 1945 726 1988 tom.
747 1939 779 1988 V.
798 1955 823 2004 p.
842 1951 902 2001 449.

854 2223 940 2289 416.

371 2365 447 2414 Anno
469 2373 543 2428 1399,
563 2371 603 2419 27.
624 2363 788 2428 septembris.
809 2362 839 2414 In
858 2364 985 2414 Dombro

351 2493 548 2552 Eberhardus
580 2493 744 2567 episcopus
774 2494 980 2566 zagrabiensis
1011 2493 1063 2552 dat
1099 2494 1205 2552 literas
1235 2511 1293 2570 pro
1322 2495 1458 2569 capitulo
1489 2493 1528 2552 ad

262 2599 382 2656 nobiles
412 2600 504 2656 castri
534 2599 653 2670 Medue,
678 2599 716 2656 de
743 2615 854 2674 campo
877 2601 1076 2673 zagrabicnsi,
1100 2602 1214 2674 quibus
1237 2601 1320 2672 dicit,
1344 2601 1525 2674 quodlicet

263 2705 300 2763 ad
325 2721 432 2762 eorum
457 2705 664 2778 querimonias
688 2704 863 2778 frequentes
890 2720 942 2762 eos
971 2707 1089 2763 ratione
1113 2706 1302 2764 decimarum
1325 2721 1385 2764 non
1405 2707 1528 2764 solven-

265 2810 374 2868 darum
399 2811 535 2884 capitulo
557 2811 735 2884 protexerit,
760 2817 861 2868 tamen
886 2813 958 2884 quia
981 2813 1152 2886 capitulum
1177 2813 1316 2870 exhibuit
1340 2813 1400 2886 ipsi
1420 2813 1526 2871 literas

266 2919 379 2988 quibus
410 2917 458 2973 ius
489 2916 662 2974 decimandi
694 2917 848 2990 probavit,
880 2919 1037 2990 soliusque
1074 2917 1265 2990 Sigismundi
1304 2919 1386 2991 regis
1413 2919 1527 2990 literas,

265 3024 379 3095 quibus
402 3022 457 3094 ille
480 3023 630 3095 praecipit
654 3023 738 3094 ipsos
761 3023 918 3095 compelli,
935 3039 1004 3080 cum
1021 3039 1080 3080 non
1098 3024 1195 3097 possit
1215 3024 1258 3080 eis
1277 3023 1388 3081 litteris
1405 3030 1527 3081 contra·

264 3128 377 3197 venire,
412 3127 539 3184 mandat
572 3127 686 3184 eisdem
722 3135 756 3184 ut
790 3143 860 3184 cum
892 3129 1029 3201 capitulo
1052 3129 1169 3185 ratione
1200 3127 1390 3185 decimarum
1415 3143 1527 3185 conve·

260 3234 353 3304 niant,
385 3233 461 3290 alias
484 3231 559 3290 dicit
581 3248 613 3289 se
636 3233 774 3306 capitulo
804 3234 1003 3304 commisisse,
1027 3241 1061 3291 ut
1084 3235 1113 3291 in
1137 3241 1333 3291 contumaces
1356 3234 1525 3291 interdictis

261 3339 417 3412 procedat,
448 3338 552 3410 aitque
580 3353 612 3394 se
642 3338 790 3396 mandare
817 3340 969 3411 parochis,
990 3345 1024 3396 ut
1048 3339 1244 3397 interdictum
1268 3340 1468 3414 promulgent
1495 3341 1524 3397 in

261 3445 316 3502 tali
344 3459 432 3514 casu;
463 3445 568 3501 literas
599 3443 708 3502 deinde
739 3445 769 3502 in
804 3444 945 3501 favorem
969 3444 1075 3501 eadem
1100 3445 1187 3518 prius
1211 3445 1298 3502 datas
1322 3444 1458 3503 declarat
1482 3447 1525 3503 ln·

262 3550 388 3608 validas.
412 3551 527 3608 Datum
552 3551 582 3608 in
607 3551 757 3620 Dombro‚
789 3549 867 3608 testo
898 3556 1072 3607 sanctorum
1097 3549 1228 3608 Cosmae
1250 3557 1279 3607 et
1303 3551 1454 3608 Damiani.
1479 3546 1524 3630 (ln

262 3661 456 3730 transumpto
482 3657 618 3715 Ladislai
642 3650 744 3733 regis.)

348 3791 369 3840 E
388 3797 483 3857 regest.
505 3793 615 3859 Georgii
634 3793 812 3844 blarccllovid.
833 3794 908 3845 MSC.
929 3793 955 3844 in
974 3793 1038 3844 bibl.
1055 3799 1165 3859 metrop.
1185 3794 1288 3858 zagrab.
1309 3795 1357 3844 col.
1379 3803 1419 3853 37.
1440 3809 1478 3844 nr.
1499 3805 1521 3853 3.

850 4061 934 4128 41‘1.

260 4201 402 4260 Nicotaus
424 4203 458 4260 dc
482 4203 600 4262 Zalnuk
622 4221 717 4262 coram
739 4211 876 4262 conventu
899 4205 1067 4262 anonaslerii
1087 4203 1295 4273 riarodinensis,
1311 4205 1424 4262 noiru'ne
1445 4205 1523 4279 copi·

258 4308 315 4365 tuli
334 4310 395 4366 eccl.
419 4307 537 4383 zagrab.
561 4309 596 4367 de
614 4318 708 4368 castro
730 4311 859 4369 Medved
884 4328 917 4367 ac
946 4311 1093 4368 medietate
1122 4310 1223 4368 tributi
1251 4311 1281 4366 in
1301 4317 1392 4382 portu
1425 4309 1523 4368 Sarrae

258 4430 364 4470 necnon
387 4415 475 4472 villae
499 4413 639 4473 Slanovec
652 4417 730 4490 filiis
751 4416 901 4490 Rudolplti
920 4416 953 4473 de
976 4416 1067 4473 Alban
1088 4434 1107 4472 a
1123 4435 1188 4489 rege
1203 4416 1324 4486 donatis,
1346 4416 1521 4474 contradicit.

363 4555 439 4603 Anno
462 4563 535 4618 1399.
558 4555 596 4604 16.
616 4555 741 4606 octobris.

345 4681 409 4738 Nos
431 4689 600 4740 conventus
623 4685 801 4756 monasterii
824 4684 1051 4743 waradinensis.
1076 4685 1225 4742 Memorie
1256 4683 1519 4752 commendamus,

258 4785 341 4858 quod
365 4786 520 4859 Nicolaus,
544 4787 583 4845 de
609 4787 728 4845 Zalnuk
758 4787 865 4860 dictus,
898 4790 928 4846 in
959 4791 1099 4862 personis
1130 4795 1159 4846 et
1187 4790 1364 4848 nominibus
1393 4790 1521 4847 ecclesie

257 4891 463 4963 zagrabiensis
487 4907 604 4950 necnon
628 4892 724 4950 futuri
747 4894 884 4966 episcopi
908 4899 937 4952 et
961 4896 1088 4968 capituli
1112 4896 1240 4952 ecclesie
1260 4895 1396 4952 eiusdem
1414 4911 1519 4954 coram

256 4997 346 5054 nobis
362 4998 567 5070 personaliter
582 4998 790 5073 comparendo
806 5015 862 5072 per
878 4999 1006 5056 modum
1024 5001 1257 5073 protestacionis
1279 5007 1308 5058 et
1324 5001 1519 5058 inhibicionis

1380 5119 1414 5166 26
