3600 5804
371 555 431 598 120
791 537 863 593 Doc.
888 545 952 612 137,
983 569 1019 577 -
1048 535 1214 610 An.1327.

369 737 459 809 ricus,
481 737 619 794 notarius
642 736 830 793 venerabilis
852 735 980 809 capituli
1008 733 1136 790 ecclesie
1167 733 1374 804 zagrabiensis
1396 748 1434 789 ex
1457 746 1520 788 una
1542 739 1632 804 parte,

370 843 495 900 domina
518 841 673 899 Zrebema
696 842 803 898 relicta
820 841 933 898 nobilis
957 840 1016 897 viri
1034 839 1157 909 Mathie,
1174 838 1233 896 filii
1249 838 1360 908 Rados,
1378 838 1416 894 de
1428 853 1549 910 campo,
1566 852 1634 893 cum

369 948 494 1006 Gureno
517 947 585 1005 filio
609 963 673 1017 suo,
698 955 761 1004 tam
792 962 848 1003 suo
880 961 975 1018 quam
1010 945 1108 1002 eciam
1141 959 1199 1018 pro
1231 946 1354 1016 Mathey
1384 960 1534 1016 germano
1564 943 1634 1000 dicti

369 1053 486 1111 Gureni
508 1053 641 1122 nomine,
665 1053 696 1110 in
720 1057 816 1109 nostri
840 1057 870 1108 et
893 1052 980 1123 regni
995 1052 1150 1108 nobilium
1174 1053 1332 1124 presencia
1348 1067 1385 1108 ex
1401 1051 1507 1121 altera,
1532 1065 1632 1106 coram

369 1159 459 1216 nobis
481 1158 686 1231 personaliter
709 1157 874 1225 constituti,
898 1157 988 1226 bona,
1014 1157 1113 1213 libera
1135 1172 1171 1213 ac
1195 1163 1363 1229 spontanea
1394 1171 1500 1213 eorum
1527 1155 1632 1212 volun·

369 1269 430 1321 tate
454 1263 493 1320 de
515 1263 761 1336 possessionibus
784 1263 847 1320 suis
864 1263 925 1319 tale
941 1263 1020 1319 inter
1036 1279 1068 1319 se
1091 1263 1309 1319 concambium
1326 1261 1432 1320 fecisse
1457 1263 1633 1332 retulerunt

371 1369 454 1442 quod
478 1369 561 1426 idem
585 1369 751 1440 Dyonisius
774 1369 911 1424 notarius
943 1367 1100 1440 quandam
1131 1368 1355 1440 possessionem
1384 1383 1473 1424 suam
1502 1367 1634 1423 Hrastha

369 1481 521 1545 vocatam,
544 1475 575 1531 in
599 1489 711 1547 campo
733 1474 925 1546 zagrabiensi
956 1475 1162 1544 constitutam,
1195 1489 1288 1546 quam
1322 1474 1351 1530 in
1385 1489 1445 1530 una
1469 1481 1556 1546 parte
1579 1487 1634 1544 pro

371 1581 433 1639 suis
454 1581 592 1638 serviciis
623 1597 660 1636 ex
691 1579 859 1637 donacione
892 1579 965 1636 dicti
996 1580 1133 1652 capituli,
1165 1581 1247 1638 etin
1272 1580 1333 1637 alia
1357 1585 1445 1653 parte
1468 1580 1633 1652 empcionis

368 1685 460 1744 titulo
483 1687 569 1742 iuxta
592 1686 815 1742 continenciam
838 1687 1011 1743 litterarum
1036 1687 1165 1759 capituli
1189 1687 1353 1743 memorati
1377 1685 1568 1758 dignoscitur
1582 1686 1633 1741 ob-

370 1794 474 1863 tinere,
499 1790 656 1850 confessus
680 1797 725 1848 est
748 1807 780 1848 se
803 1790 933 1861 dedisse,
957 1791 1095 1862 donasse,
1120 1792 1282 1849 tradidisse
1305 1799 1336 1849 et
1351 1793 1449 1850 eciam
1469 1793 1634 1864 assignasse

371 1899 460 1956 dictis
483 1898 607 1956 domine
631 1897 783 1955 Zreberne
806 1904 836 1955 et
859 1896 988 1970 prefatis
1021 1899 1084 1956 suis
1107 1899 1182 1956 filiis
1205 1905 1235 1956 et
1258 1915 1366 1956 eorum
1391 1899 1565 1966 heredibus,
1586 1900 1633 1954 he-

371 2004 545 2076 redumque
576 2019 704 2060 suorum
736 2004 965 2060 successoribus
996 2019 1067 2061 cum
1097 2005 1314 2076 iobagionibus
1344 2011 1375 2062 et
1402 2006 1545 2062 omnibus
1568 2005 1634 2060 aliis

369 2111 556 2169 utilitatibus
577 2116 729 2184 perpetuo
753 2110 979 2183 possidendam.
996 2111 1020 2166 E
1036 2127 1186 2168 converso
1202 2110 1321 2184 prefata
1338 2110 1464 2168 domina
1487 2121 1515 2167 et
1531 2110 1632 2167 Guren

370 2223 399 2274 et
422 2218 546 2288 Mathey
569 2217 628 2274 filii
660 2217 706 2274 sui
738 2218 910 2288 memorati,
942 2218 1068 2274 totalem
1097 2219 1275 2290 porcionem
1306 2218 1506 2290 possessionis
1528 2231 1632 2273 eorum

370 2323 521 2381 Petrouch
547 2328 663 2394 vocate,
687 2324 746 2380 sub
769 2329 870 2380 castro
902 2323 1021 2380 hledwe
1051 2325 1216 2392 existentis,
1248 2324 1332 2397 ipsos
1365 2325 1431 2380 iure
1453 2323 1633 2381 hereditario

370 2430 597 2502 contingentem
620 2445 691 2486 cum
715 2429 860 2486 omnibus
876 2430 938 2486 suis
955 2430 1126 2500 utilitabuS,
1143 2430 1299 2486 videlicet:
1314 2431 1421 2498 vineis,
1437 2431 1530 2493 siluis.
1548 2431 1633 2486 terris

371 2535 543 2592 arabilibus
568 2543 597 2591 et
622 2533 730 2592 tenetis
759 2551 794 2592 ac
824 2535 894 2592 aliis
925 2535 1108 2593 adiacenciis
1139 2537 1396 2608 quibuscumque,
1427 2552 1498 2592 cum
1520 2536 1631 2592 eisdem

369 2641 464 2712 signis
489 2647 519 2697 et
541 2641 632 2698 metis
656 2646 686 2698 et
710 2642 848 2698 terminis
872 2642 986 2713 quibus
1011 2641 1167 2714 predictus
1192 2643 1321 2698 Mathias
1337 2648 1427 2715 pater
1442 2657 1556 2710 eorum,
1575 2657 1633 2698 ma-

370 2747 447 2804 ritus
471 2747 552 2804 dicte
575 2746 709 2816 domine,
733 2763 803 2804 cum
828 2747 924 2804 Pousa
946 2746 1042 2804 fratre
1073 2763 1128 2804 suo
1161 2749 1257 2805 tenuit
1280 2755 1310 2804 et
1333 2747 1478 2821 possedit,
1507 2747 1633 2804 confessi

369 2859 440 2910 sunt
463 2867 494 2910 se
518 2853 549 2909 in
573 2853 787 2910 concambium
812 2853 893 2910 dicte
924 2855 1125 2926 possessionis
1156 2853 1285 2922 dedisse,
1313 2854 1451 2924 donasse,
1475 2854 1633 2910 tradidisse

370 2963 401 3015 et
422 2959 520 3016 eciam
544 2960 714 3031 assignasse
737 2959 858 3032 prefato
884 2959 1031 3030 Dyonisio
1055 2961 1175 3030 clerico,
1193 2961 1320 3028 notario,
1342 2966 1371 3017 et
1396 2976 1544 3033 pereum
1571 2959 1633 3033 qui·

373 3064 566 3136 buscumque
589 3063 719 3121 eandem
743 3067 921 3138 porcionem
943 3066 1144 3138 possessionis
1162 3065 1286 3135 donare,
1303 3067 1407 3137 legare
1426 3076 1482 3123 aut
1505 3067 1632 3123 vendere

372 3171 506 3228 voluerit
530 3171 596 3228 iure
618 3179 769 3244 perpetuo
805 3171 1032 3244 possidendam,
1063 3172 1225 3228 tenendam
1257 3173 1504 3230 irrevocabiliter
1532 3179 1562 3229 et
1585 3174 1632 3228 ha-

373 3275 509 3334 bendam
531 3277 625 3349 pleno
648 3278 722 3347 iure,
747 3283 993 3350 assumpmentes
1016 3287 1045 3334 et
1076 3277 1249 3349 obligantes
1273 3294 1305 3334 se
1329 3277 1437 3334 eedem
1465 3284 1567 3350 partes
1588 3293 1632 3336 co·

370 3398 439 3440 ram
463 3383 553 3440 nobis
576 3383 709 3439 invicem
733 3383 830 3440 altera
854 3385 985 3440 alteram
1009 3383 1149 3458 expediri
1179 3385 1219 3440 ab
1251 3386 1336 3440 omni
1369 3385 1395 3440 si
1426 3400 1488 3456 qua
1519 3385 1633 3442 racione

370 3488 524 3546 dictarum
546 3490 775 3562 possessionum
800 3506 857 3562 per
881 3492 1060 3564 quempiam
1092 3506 1238 3564 processu
1271 3491 1421 3564 temporis
1448 3479 1524 3548 oriri
1546 3491 1633 3548 conti-

371 3594 451 3666 gerit
474 3594 633 3666 questione
656 3595 686 3652 in
710 3596 847 3669 propriis
870 3596 932 3652 suis
956 3597 1116 3654 laboribus
1139 3603 1169 3654 et
1193 3597 1343 3670 expensis.
1365 3597 1397 3654 ln
1414 3599 1502 3654 cuius
1518 3598 1561 3654 rei
1577 3611 1632 3652 me

373 3701 506 3757 moriam
529 3706 775 3774 perpetuamque
790 3701 971 3759 firmitatem
987 3701 1024 3758 ad
1042 3703 1224 3760 instanciam
1240 3709 1270 3760 et
1286 3704 1471 3776 peticionem
1492 3705 1631 3777 parcium.

372 3805 579 3863 assidentibus
612 3807 701 3864 nobis
731 3808 851 3890 Jacobo
881 3809 1019 3865 terrestri
1049 3809 1161 3866 comite
1185 3808 1223 3865 de
1255 3825 1374 3882 campn,
1410 3811 1524 3866 comite
1548 3809 1633 3866 Paris.

371 3912 540 3969 castellano
562 3912 600 3969 de
623 3912 763 3984 Zomsed,
787 3915 946 3971 nobilibus
970 3915 1046 3971 viris
1060 3915 1199 3998 Johanne
1216 3915 1302 3972 Vitez
1327 3921 1357 3972 et
1380 3917 1523 3972 Matheus
1547 3915 1633 3984 fratre

371 4032 435 4088 su0,
459 4018 572 4075 comite
596 4018 789 4090 Vyncomino
812 4020 851 4076 de
873 4020 1057 4091 Kamarcha,
1090 4021 1178 4077 Phile
1202 4020 1240 4077 de
1264 4021 1439 4092 Coztnicha,
1464 4023 1587 4080 Andrea
1609 4033 1633 4078 et

371 4123 503 4196 Mykech
525 4123 593 4180 filio
618 4123 795 4196 Clementis,
820 4126 942 4182 Marcus
965 4127 1105 4199 hungaro
1129 4131 1159 4182 et
1181 4126 1334 4184 Andriolo
1361 4127 1484 4184 ciuibus
1508 4128 1651 4192 Grecen·‚

371 4231 465 4302 sibus,
488 4231 627 4314 Johanne
649 4230 715 4288 filio
746 4231 933 4303 Radomerii,
965 4232 1048 4289 iwan
1080 4233 1201 4304 clerico,
1224 4233 1322 4303 Petr0,
1354 4233 1421 4290 filio
1453 4233 1560 4302 Dessa,
1586 4235 1636 4289 Ra·

371 4336 480 4394 dozlao
503 4334 630 4394 Staulen
656 4343 687 4394 et
710 4337 854 4395 Ladizlao
879 4339 945 4395 filio
969 4339 1082 4408 Radus,
1102 4339 1186 4396 lwan
1202 4347 1232 4395 et
1249 4339 1412 4396 Dominico
1436 4341 1636 4397 servientibus

370 4443 492 4514 nostris,
516 4458 551 4499 ac
574 4443 643 4500 aliis
668 4459 762 4516 quam
786 4445 931 4517 pluribus
954 4445 1113 4501 nobilibus
1135 4446 1230 4516 regni,
1255 4451 1411 4518 presentes
1435 4448 1636 4503 concessimus

370 4547 490 4604 litteras
513 4547 674 4620 pendentis
697 4549 793 4621 sigilli
817 4551 914 4607 nostri
946 4550 1116 4606 munimine
1148 4551 1315 4607 roboratas¹
1350 4551 1464 4607 Datum
1490 4551 1636 4622 Zagrabie

370 4655 402 4712 in
425 4654 495 4712 loco
518 4660 624 4713 nostro
646 4655 829 4728 kathedrali,
853 4656 929 4714 feria
953 4655 1085 4714 secunda
1109 4657 1252 4730 proxima
1285 4663 1356 4729 post
1378 4656 1569 4714 dominicam
1595 4657 1636 4714 lu-

374 4759 450 4817 dica.
474 4762 564 4818 Anno
587 4760 706 4819 domini
730 4763 899 4820 millesimo
922 4763 1136 4820 trecentesimo
1161 4763 1307 4819 vicesimo
1331 4764 1473 4836 septimo

463 4896 667 4960 Etransumpto
694 4911 749 4963 cap.
770 4897 915 4956 basmensis,
942 4913 1009 4947 anno
1036 4907 1108 4955 1552.
1141 4897 1171 4947 In
1197 4897 1307 4948 archivo
1330 4914 1417 4948 vener.
1439 4899 1517 4964 capit.
1538 4899 1637 4965 zagrab.

372 4983 432 5034 iasc.
454 4993 493 5042 23.
516 4999 555 5034 nr.
576 4993 616 5042 51.
