3824 5806
385 575 447 636 344
810 559 883 616 Doc.
901 553 977 634 362.
1005 591 1041 600 -
1067 559 1123 614 An.
1147 569 1235 634 139²·

383 761 536 826 nemerch‚
570 759 730 830 Hraschya
761 766 790 815 et
821 758 985 815 Petrouina
1013 757 1137 825 vocatis
1161 772 1241 814 nunc
1265 754 1469 812 residentibus
1492 761 1523 810 et
1547 755 1578 810 in
1603 752 1649 810 lu-

385 873 488 921 turum
504 864 707 922 residenciam
724 847 915 931 facientibus,
932 863 1053 920 nullum
1067 863 1219 919 tributum
1232 877 1288 918 nec
1300 862 1437 932 aliquam
1452 860 1648 916 tributariam

383 970 578 1026 exaccionem
604 985 659 1042 per
682 977 803 1026 nostros
826 969 1005 1024 tributarios
1029 984 1108 1025 nunc
1131 967 1314 1024 constitutos
1329 971 1359 1022 et
1375 965 1405 1022 in
1422 964 1561 1021 futurum
1579 979 1648 1020 con·

383 1075 553 1131 stituendos
585 1076 666 1147 exigi
699 1073 846 1131 faciemus
879 1090 934 1130 nec
965 1073 1061 1146 recipi
1092 1073 1324 1147 permittemus;
1355 1079 1384 1127 et
1417 1071 1446 1126 in
1473 1069 1649 1127 huiusmodi

383 1181 478 1237 nostri
503 1182 612 1238 tributi
639 1196 873 1254 recompensam
904 1181 1040 1237 annotati
1071 1181 1154 1236 cives
1184 1182 1419 1251 assumpserunt
1441 1183 1472 1232 et
1494 1191 1650 1248 sponpon-

384 1285 503 1356 derunt,
527 1293 560 1342 ut
583 1293 613 1343 et
636 1287 696 1359 ipsi
719 1293 749 1343 et
772 1287 911 1358 ipsorum
943 1285 1098 1342 tributarii
1122 1301 1202 1342 nunc
1224 1283 1380 1341 constituti
1404 1289 1434 1339 et
1457 1283 1487 1338 in
1512 1280 1649 1338 futurum

384 1391 588 1450 constituendi
612 1393 652 1448 ab
676 1392 827 1448 universis
850 1391 962 1448 nostris
985 1391 1211 1462 iobagionibus,
1246 1389 1380 1462 populis,
1405 1387 1599 1461 predialibus
1621 1392 1651 1443 et

386 1499 566 1556 hominibus
597 1499 728 1556 ubilibet
760 1499 791 1555 in
814 1499 927 1555 nostris
948 1497 1194 1571 possessionibus
1217 1500 1247 1552 et
1270 1495 1432 1552 territoriis
1456 1509 1651 1550 commoran-

386 1604 468 1660 tibus
492 1611 522 1661 et
543 1621 635 1660 causa
659 1602 874 1660 commorandi
896 1603 933 1659 ad
959 1619 1015 1660 nos
1038 1607 1067 1657 et
1090 1601 1128 1658 ad
1150 1606 1255 1658 nostra
1278 1601 1432 1656 territoria
1454 1616 1507 1655 seu
1532 1615 1651 1671 posses-

385 1709 486 1766 siones
501 1710 606 1766 venire
630 1710 807 1766 volentibus
829 1709 952 1766 nullum
978 1709 1129 1764 tributum
1154 1724 1208 1764 nec
1228 1707 1365 1778 aliquam
1387 1706 1584 1763 tributariam
1600 1721 1650 1760 ex·

384 1817 549 1884 accionem,
580 1831 640 1887 que
672 1815 821 1886 vlgariter
851 1813 1039 1886 filarschyna
1062 1813 1174 1871 dicitur
1197 1813 1248 1870 rel
1275 1818 1478 1884 nuncupatur,
1509 1811 1561 1866 rel
1590 1811 1651 1866 alio

386 1921 498 1994 quovis
529 1922 652 1978 nornine
685 1937 737 1978 seu
765 1921 899 1977 nominis
923 1921 1076 1977 vocabulo
1100 1921 1131 1976 in
1155 1918 1292 1975 futurum
1317 1917 1505 1973 vocitaretur
1528 1917 1559 1972 in
1583 1932 1651 1989 pre-

385 2027 466 2084 dicta
489 2027 613 2084 civitate
636 2035 666 2083 et
688 2028 719 2083 in
742 2041 813 2082 area
838 2026 889 2082 vel
921 2026 1074 2083 territorio
1106 2025 1247 2098 ipsorum
1269 2041 1325 2081 nee
1348 2023 1430 2094 exigi
1454 2021 1573 2093 facient,
1597 2038 1651 2078 nec

385 2149 441 2205 per
464 2148 536 2190 suos
560 2133 738 2189 tributarios
769 2132 866 2205 recipi
898 2133 1079 2204 permittent
1103 2147 1183 2187 nunc
1207 2131 1289 2188 etin
1314 2129 1454 2187 loturum
1479 2129 1573 2186 modo
1596 2131 1652 2186 ali-

386 2238 479 2310 quali.
504 2238 634 2294 Litteras
657 2239 755 2294 eciam
779 2247 898 2294 nostras
922 2242 952 2292 et
975 2237 1116 2309 ipsorum
1139 2236 1254 2292 civium
1278 2251 1372 2308 super
1395 2235 1521 2291 tributis
1545 2242 1575 2290 et
1599 2236 1650 2292 tri-

388 2344 516 2402 butariis
539 2343 764 2412 exaccionibuS,
787 2357 895 2414 ymmo
919 2349 948 2398 et
970 2342 1040 2398 aliis
1063 2341 1212 2398 clausulis
1235 2345 1264 2397 et
1288 2341 1426 2397 articulis
1449 2341 1529 2397 inter
1552 2356 1607 2396 nos
1622 2349 1652 2396 et

385 2451 469 2523 ipsos
493 2450 575 2506 cives
598 2448 716 2506 dudum
742 2464 797 2521 per
822 2446 957 2504 formam
976 2447 1212 2520 composicionis
1229 2453 1259 2503 et
1274 2445 1480 2504 ordinacionis
1496 2445 1652 2502 contectas

387 2565 417 2613 et
441 2561 605 2625 emanatas
630 2555 766 2628 exceptis
790 2553 952 2610 dumtaxat
971 2552 1119 2610 clausulis
1143 2561 1172 2609 et
1195 2553 1333 2609 articulis
1350 2553 1380 2609 in
1397 2552 1532 2625 presenti
1548 2559 1652 2608 nostro

387 2662 552 2736 privilegio
583 2661 733 2718 contentis
763 2665 793 2718 et
823 2660 1008 2733 expressatis
1042 2659 1072 2715 in
1104 2660 1242 2731 ipsorum
1275 2659 1436 2730 vigoribus
1463 2664 1493 2714 et
1517 2657 1547 2714 in
1570 2667 1651 2714 statu

386 2767 516 2841 pristino
544 2767 729 2838 reliquimus
760 2772 790 2822 et
821 2765 1034 2822 commisimus
1064 2780 1245 2837 permanere
1272 2774 1364 2836 atque
1385 2763 1562 2837 perdurare.
1590 2764 1650 2821 Nec

385 2873 443 2930 hoe
466 2871 674 2945 pretermiss0‚
698 2870 781 2944 quod
805 2871 918 2939 sinos,
942 2869 1058 2926 seilicet
1089 2869 1261 2941 capitulum
1284 2870 1336 2926 vel
1360 2869 1420 2942 ipsi
1436 2869 1519 2925 cives
1535 2869 1650 2925 amodo

384 2987 414 3034 et
438 2977 581 3050 deinceps
604 2978 725 3050 aliquas
748 2977 955 3049 possessiones
978 2987 1007 3032 et
1035 2977 1102 3032 iura
1126 2975 1365 3048 possessionaria
1388 2974 1426 3031 de
1450 2975 1535 3046 regia
1560 2976 1652 3031 maie·

385 3090 462 3141 state
485 3085 536 3140 vel
556 3085 618 3141 alio
642 3098 839 3156 quocumque
863 3083 954 3139 titulo
978 3083 1145 3154 acquirere,
1169 3083 1309 3154 optinere
1332 3089 1362 3138 et
1385 3082 1524 3138 invenire
1550 3097 1652 3153 posse-

385 3206 454 3247 mus
488 3197 541 3247 aut
564 3191 624 3263 ipsi
647 3191 730 3246 cives
753 3196 885 3263 possent,
910 3195 981 3245 tunc
1004 3188 1184 3258 iobagiones
1207 3193 1238 3244 et
1260 3188 1372 3260 populi
1394 3187 1425 3244 in
1448 3187 1589 3244 futurum
1604 3204 1652 3245 ac-

386 3296 491 3368 quisiti
521 3305 585 3352 tam
617 3295 712 3352 nostri
743 3310 837 3368 quam
870 3293 1025 3351 dictorum
1057 3294 1171 3350 civium
1204 3294 1234 3350 in
1259 3293 1373 3350 talibus
1409 3293 1653 3366 possessionibus

385 3401 560 3472 residentes,
593 3401 745 3458 tributum
775 3407 805 3457 et
836 3401 1032 3458 tributariam
1056 3400 1251 3457 exaccionem
1287 3415 1373 3456 more
1398 3399 1476 3456 alias
1499 3411 1652 3468 consvet0,

385 3508 507 3564 solvere
531 3512 698 3564 teneantur.
723 3506 785 3563 Nec
809 3507 866 3562 hoc
891 3505 1181 3578 pretermittendum
1204 3513 1257 3575 est,
1281 3505 1365 3578 quod
1390 3505 1518 3579 quidam
1539 3505 1652 3563 fundus

386 3627 439 3668 seu
463 3627 534 3668 area
557 3611 718 3668 cuiusdam
743 3611 854 3668 domus
878 3626 971 3684 penes
995 3617 1119 3684 portam
1142 3625 1256 3668 novam
1274 3611 1445 3683 predictam
1462 3612 1492 3668 in
1508 3613 1651 3684 contigua

387 3719 542 3776 vicinitate
566 3719 615 3776 vie
640 3719 765 3792 publice
788 3735 844 3792 per
867 3733 961 3790 quam
986 3718 1048 3775 itur
1064 3717 1102 3774 de
1118 3717 1241 3774 civitate
1258 3733 1365 3775 versus
1381 3717 1511 3774 eandem
1528 3725 1651 3792 portam

387 3824 427 3882 ad
451 3839 578 3881 manum
601 3823 760 3881 dexteram
793 3829 823 3881 et
846 3839 884 3880 ex
907 3829 995 3896 parte
1018 3823 1098 3880 dicte
1121 3830 1225 3880 nostre
1248 3825 1349 3891 turris,
1374 3823 1509 3880 mediam
1534 3825 1650 3881 curiam

386 3933 417 3988 in
440 3947 472 3988 se
495 3931 660 4001 continens,
685 3930 723 3987 ad
748 3930 879 3987 modurn
902 3936 932 3986 et
955 3929 995 3986 ad
1018 3945 1109 3986 usum
1134 3930 1266 3987 civitatis
1284 3928 1421 4003 predicte
1440 3930 1516 4003 ipsis
1531 3931 1652 3986 civibus

386 4036 582 4094 remansisset
599 4035 799 4109 possidenda;
816 4043 846 4092 et
861 4034 944 4108 quod
960 4051 1025 4104 nos,
1049 4035 1165 4093 scilicet
1181 4036 1354 4110 capitulum
1378 4041 1409 4092 et
1430 4036 1491 4109 ipsi
1519 4036 1603 4092 cives
1618 4051 1653 4092 ac

387 4149 450 4198 tota
465 4141 669 4198 communitas
684 4156 779 4213 super
796 4141 941 4197 omnibus
957 4140 1117 4212 premissis
1137 4140 1278 4214 superius
1300 4142 1486 4213 expressatis
1502 4147 1532 4197 et
1548 4140 1650 4197 decla·

386 4246 460 4304 ratis
490 4261 556 4303 sese
585 4252 693 4303 mutua
726 4244 935 4303 vicissitudine
967 4244 1160 4302 reddidimus
1191 4251 1221 4302 et
1252 4247 1465 4303 commisimus
1493 4245 1653 4320 expeditos

387 4351 503 4424 pariter
526 4357 556 4408 et
578 4351 706 4422 quietos.
737 4351 770 4407 ln
800 4351 886 4407 cuius
914 4351 959 4407 rei
986 4351 1170 4408 memoriam
1198 4351 1441 4424 firmitatemque
1472 4360 1652 4425 perpetuam

389 4462 545 4530 presentes
567 4455 665 4528 sigilli
688 4457 785 4513 nostri
808 4455 969 4529 pendentis
996 4458 1201 4514 communitas
1225 4456 1340 4514 eisdem
1364 4457 1485 4514 civibus
1508 4458 1653 4516 duximus

387 4562 603 4621 concedendas.
637 4563 752 4620 Datum
783 4562 832 4620 die
855 4562 1010 4620 dominico
1034 4563 1179 4635 proximo
1202 4571 1273 4636 post
1304 4561 1417 4620 festum
1447 4565 1653 4636 apparicionis

389 4670 470 4726 beati
495 4669 654 4726 Michaelis
677 4669 861 4742 archangeli.
885 4671 974 4726 Anno
998 4668 1115 4726 domini
1139 4669 1307 4726 millesimo
1331 4670 1544 4727 trecentesimo
1560 4685 1653 4727 nona·

388 4775 506 4848 gesimo
529 4775 670 4832 secundo.

476 4908 616 4974 Originale
642 4909 669 4958 in
688 4910 846 4966 membrana,
871 4910 949 4959 valde
968 4925 1081 4960 exesum.
1104 4911 1174 4959 Zona
1193 4910 1292 4960 sericea
1312 4909 1427 4960 caerulei
1446 4918 1472 4960 et
1495 4909 1590 4960 viridis
1612 4927 1654 4962 co·

386 4997 453 5047 loris
477 4997 609 5062 appendet
634 4998 732 5060 absque
755 4996 854 5063 sigillo.
883 4997 914 5047 ln
938 4997 1047 5048 archivo
1066 4998 1112 5048 lib.
1133 5014 1187 5064 reg.
1208 4997 1323 5048 civitatis
1341 4999 1447 5064 zagrab:
1465 4999 1547 5048 Extat
1574 4998 1654 5049 etiam
