3600 5804
556 560 629 617 Dec.
653 556 722 636 167.
747 592 788 600 —
810 558 867 617 An.
891 571 978 636 1335.
1335 575 1393 638 ¹47

140 755 193 804 dam
210 753 369 818 dignitatum
389 753 415 802 in
434 758 524 804 nostra
543 753 661 811 ecclesia,
680 760 761 818 prout
781 769 828 803 suo
842 755 901 803 loco
920 753 1032 804 inferius
1051 754 1223 804 describetur.
1244 753 1278 803 Et
1298 752 1394 817 primo,

140 843 170 890 ad
186 842 265 906 ipsam
291 840 495 891 decimacionem
522 841 655 906 pertinent
674 842 775 891 decime
793 844 865 892 ultra
884 841 994 892 tluvium
1020 842 1097 900 Zaue,
1117 842 1144 892 in
1169 841 1291 892 omnibus
1315 841 1395 890 rehus

141 929 302 979 decimalibus
325 931 358 978 de
372 929 494 978 omnihus
509 929 581 978 villis
594 935 619 978 et
633 929 706 982 locis.
726 945 777 992 que
797 933 829 980 de
848 930 1065 980 archidiaconatu
1087 929 1252 996 zagrabiensi
1271 929 1395 986 existunt,

141 1025 222 1082 preter
239 1018 329 1067 villam
344 1018 425 1073 Cheh,
447 1018 480 1066 de
500 1017 597 1080 quain
617 1019 676 1068 loco
696 1018 750 1068 alio
775 1019 947 1068 describetur.
968 1019 1041 1076 Item,
1061 1019 1161 1067 decime
1175 1020 1207 1067 de
1221 1019 1357 1084 Pohresya
1370 1023 1395 1068 et

142 1107 278 1162 Grachane,
299 1108 331 1155 de
351 1107 462 1161 Dedich.
483 1108 515 1155 de
535 1106 673 1166 Craleuch,
693 1107 726 1156 de
744 1107 846 1164 Zuibla‚
861 1109 892 1156 de
907 1107 1013 1164 Kobila,
1027 1108 1060 1156 de
1074 1107 1255 1171 Horoguicha,
1274 1109 1307 1156 de
1321 1107 1396 1156 Obo-

141 1210 204 1244 rowa
224 1202 248 1244 et
267 1197 299 1244 de
318 1195 454 1245 Chernech
475 1211 505 1244 ac
525 1195 585 1244 aliis
604 1195 671 1244 locis
691 1195 785 1246 vicinis
804 1195 904 1245 ibidem
924 1197 957 1244 de
976 1195 1191 1245 archidiaconatu
1210 1195 1340 1260 predicto
1361 1196 1395 1244 ad

140 1285 240 1334 eundem
264 1285 397 1348 pertinent
423 1285 562 1333 cultellum
588 1291 614 1334 et
633 1285 729 1335 debent
749 1284 822 1349 exigi
842 1285 869 1334 in
894 1284 981 1348 specie
999 1289 1090 1348 preter
1117 1284 1299 1349 Horoguicha,
1320 1284 1391 1334 Obo-

141 1387 203 1422 rowa
222 1379 246 1421 et
265 1372 408 1422 Chernech.
429 1372 503 1428 Item,
525 1372 625 1421 decime
644 1373 677 1421 de
697 1372 844 1422 Glaunicha
864 1387 923 1422 curn
942 1371 1112 1437 pertinenciis
1131 1371 1338 1435 circumquaque
1363 1373 1395 1420 de

140 1459 342 1510 archidiaconatu
368 1461 499 1524 predicto,
524 1462 556 1509 de
575 1461 714 1524 Zepnicha,
741 1462 873 1524 quondam
898 1460 1033 1526 Perthyni‚
1060 1460 1231 1510 castrensium
1259 1461 1291 1508 de
1311 1460 1393 1526 Vgra,

141 1550 169 1596 de
186 1548 294 1612 Blagusa
314 1549 414 1599 domini
439 1548 557 1614 episcopi
578 1565 658 1614 supra
685 1550 803 1607 Casnam,
823 1550 855 1598 de
875 1548 992 1602 Planina,
1011 1549 1044 1597 de
1062 1547 1222 1604 Zlaunouch,
1245 1547 1277 1596 de
1302 1547 1393 1598 Blizna

141 1637 272 1701 superiori,
295 1639 327 1686 de
347 1638 486 1692 Craleuch,
506 1637 560 1687 alio
579 1639 684 1687 nomine
703 1637 780 1702 Fayz,
800 1639 832 1686 de
851 1637 986 1692 Miculich‚
1007 1639 1039 1685 de
1057 1635 1197 1694 Petrouch,
1217 1642 1242 1685 et
1262 1636 1294 1684 de
1313 1635 1392 1686 terris

142 1739 168 1775 ac
185 1726 253 1776 villis
278 1727 449 1792 generacions
475 1726 548 1776 Acha
569 1743 601 1776 ex
628 1727 677 1776 ista
702 1733 777 1791 parte
801 1727 933 1776 moucium
959 1731 985 1776 et
1004 1728 1036 1775 de
1056 1726 1184 1790 Crapina;
1209 1724 1280 1775 etin
1306 1724 1394 1789 specie

140 1815 273 1880 exiguntur
293 1823 384 1882 preter
403 1815 586 1866 Glaunicham.
608 1815 681 1872 Item,
701 1815 802 1864 decime
821 1817 853 1866 de
866 1814 1006 1871 Biztricha,
1024 1816 1056 1864 de
1076 1815 1215 1866 Stulbicha
1233 1814 1341 1877 ubique,
1361 1815 1394 1862 de

140 1903 266 1968 Thoplica,
281 1907 312 1954 de
325 1904 450 1955 Lubenik
464 1910 490 1953 et
504 1903 564 1954 aliis
579 1903 644 1954 locis
664 1903 758 1953 vicinis
771 1903 870 1952 ibidem
885 1903 910 1952 in
929 1903 1145 1954 archidiaconatu
1164 1902 1293 1968 predicto,
1312 1902 1393 1953 omni·

141 1992 183 2041 bus
199 1993 321 2050 totaliter,
348 2008 399 2057 que
420 1999 523 2042 etcum
544 1992 606 2042 vino
631 1992 709 2042 simul
735 1993 809 2041 iuxta
835 1992 998 2041 taxacionem
1024 1991 1118 2041 iactam
1143 1991 1295 2057 exiguntur.
1321 1991 1393 2050 Item,

140 2081 231 2132 decime
249 2083 333 2132 mellis
353 2088 379 2131 et
404 2097 463 2130 cere
482 2097 512 2130 ac
531 2096 661 2146 agnorum
687 2087 712 2131 et
731 2082 842 2131 edorum
866 2083 898 2130 de
918 2080 1006 2130 Grech
1031 2086 1057 2130 et
1076 2081 1132 2130 eius
1155 2081 1293 2138 suburbio,
1311 2087 1337 2130 et
1361 2080 1394 2128 de

140 2169 192 2218 rico
209 2168 369 2221 Latinorum.

720 2367 802 2435 167.

234 2509 306 2558 Anno
329 2517 403 2567 1335,
422 2522 445 2570 9.
465 2507 587 2573 Augusti.
608 2507 761 2573 Zagrabiae.

145 2635 210 2694 Um
237 2636 365 2693 elocandi
391 2635 513 2694 decimas
541 2643 571 2692 et
598 2636 671 2694 alios
692 2643 853 2710 proventus
887 2655 1002 2694 mertsac
1030 2637 1209 2710 captitclaris,
1247 2638 1299 2709 qui
1326 2635 1393 2691 olrin

452 2745 483 2799 in
505 2743 630 2816 capimlo
652 2743 767 2816 zagrab.
792 2742 913 2815 vegebat,
936 2742 1071 2815 rescrmr.

217 2888 344 2946 Decreta
367 2888 520 2957 canonica,
537 2886 790 2944 consvetudinem
805 2887 957 2959 optimam
979 2885 1085 2958 legum
1101 2887 1300 2959 interpretem
1318 2901 1392 2955 esse,

142 2992 243 3061 dicunt,
265 3012 302 3052 ex
326 3011 387 3068 qua
411 2994 549 3051 noscitur
573 2995 652 3050 inter
675 3001 776 3050 cetera
798 2991 1017 3063 introductum,
1041 2991 1124 3064 quod
1149 2993 1174 3048 si
1191 2991 1392 3050 conductores

141 3098 243 3158 diversi
277 3109 455 3158 nostrorum
490 3115 760 3172 quorumcumque
798 3097 976 3155 reddituum
1011 3103 1188 3171 appareant,
1223 3099 1250 3155 is
1284 3098 1393 3156 ceteris

141 3205 299 3278 preferatur
320 3215 350 3264 et
373 3207 522 3264 conducte
545 3206 590 3262 rei
613 3206 797 3262 exercicium
821 3205 1042 3278 apprehendat,
1067 3205 1120 3278 qui
1142 3206 1304 3262 meliorem
1321 3219 1392 3262 con-

141 3309 278 3370 dicionem
309 3313 448 3371 attulerit
479 3328 536 3386 pro
567 3319 674 3370 nostro
704 3313 828 3368 comuni
851 3311 1088 3382 augmentando,
1112 3311 1258 3368 videlicet
1281 3312 1391 3369 saltem

141 3430 203 3473 cum
231 3420 338 3476 marcis
369 3418 491 3475 duabus
522 3419 571 3474 νε]
608 3418 715 3474 valore
747 3418 885 3491 ipsarum
919 3418 1121 3489 quantitatem
1145 3417 1274 3490 pecunie
1297 3431 1391 3489 quam

140 3520 210 3578 alter
230 3525 258 3580 in
280 3523 479 3581 conducendo
502 3523 680 3580 huiusmodi
703 3522 842 3580 redditus
867 3523 915 3580 vel
942 3529 1111 3596 proventus
1127 3521 1286 3592 offerebat,
1303 3523 1392 3580 salvo

141 3626 163 3682 si
183 3628 278 3700 aliqua
307 3629 429 3686 modica
462 3630 616 3701 quantitas
647 3629 843 3697 conducatur,
871 3629 924 3684 ubi
951 3627 1065 3685 sufficit
1088 3643 1160 3685 cum
1183 3643 1244 3684 uno
1274 3627 1392 3685 fertone

142 3741 330 3804 augmentare.
355 3729 426 3791 Non'
449 3742 550 3791 tamen
574 3735 687 3806 aliquis
711 3733 749 3790 ad
777 3733 1010 3790 conducendum
1036 3733 1155 3791 futuros
1179 3749 1392 3807 quoscumque

142 3836 261 3897 redditus
294 3841 342 3897 vel
376 3847 545 3914 proventus
577 3841 766 3910 admittatur.
791 3840 888 3898 donec
911 3841 950 3897 de
973 3840 1131 3898 conductis
1156 3841 1310 3913 preteritis
1334 3857 1392 3914 pro

141 3958 192 4000 una
212 3953 294 4018 parte
318 3963 416 4020 usque
441 3946 553 4003 festum
576 3947 745 4004 nativitatis
768 3946 894 4014 domini,
919 3961 976 4020 pro
999 3948 1060 4004 alia
1084 3963 1182 4019 usque
1206 3946 1319 4004 festum
1343 3963 1390 4004 re-

142 4053 325 4110 surreccionis
353 4052 500 4122 eiusdem,
531 4059 561 4110 et
586 4069 642 4126 pro
667 4054 759 4110 tercia
783 4052 863 4110 infra
886 4069 1000 4111 annum
1024 4053 1241 4111 conduccionis
1264 4054 1391 4126 plenam

143 4155 314 4216 solucionem
338 4160 462 4216 nomine
485 4167 598 4228 nostre,
622 4159 661 4216 ad
686 4175 795 4216 manus
818 4161 914 4216 nostri
939 4159 1045 4217 decani
1069 4160 1217 4234 inpendat
1240 4160 1390 4234 adquam

143 4275 170 4316 se
189 4264 333 4320 obtulerat
359 4263 539 4332 faciendam,
571 4281 632 4322 non
655 4266 796 4322 obstante
819 4266 878 4322 sibi
907 4267 1087 4323 remissione
1111 4267 1266 4340 porcionis
1289 4267 1392 4324 euius-

144 4379 223 4437 quam
245 4386 280 4426 ex
302 4371 392 4427 nobis
409 4371 438 4427 in
455 4373 586 4444 privat0,
603 4372 660 4428 nisi
684 4373 714 4428 in
740 4373 867 4445 puplico
890 4373 1013 4430 comuni
1030 4373 1257 4431 deliberacione
1284 4373 1390 4430 habita

144 4485 191 4542 per
210 4490 257 4533 eos
279 4478 418 4550 singulos
433 4477 471 4533 ad
497 4493 574 4549 quos
598 4478 738 4550 pertinet,
757 4479 921 4535 relaxetur.
945 4479 1011 4535 Hoc
1027 4481 1124 4539 salvo.
1141 4479 1224 4552 quod
1241 4480 1266 4536 si
1285 4479 1388 4536 forsan

144 4577 263 4639 redditus
279 4585 328 4640 νε]
346 4589 514 4658 proventus
532 4583 674 4641 conducti
698 4598 843 4657 processu
863 4586 1012 4658 temporis
1036 4585 1066 4641 in
1089 4591 1154 4642 toto
1170 4585 1221 4642 vel
1246 4586 1276 4642 in
1301 4591 1388 4658 parte

145 4681 331 4758 impediantur
362 4707 418 4762 per
444 4689 621 4762 aliquorum
654 4690 838 4747 violenciam
867 4696 919 4746 aut
950 4691 1041 4747 aliter
1071 4689 1237 4764 depereant
1268 4691 1387 4749 notabi-

145 4787 204 4846 liter
224 4796 270 4851 vel
299 4797 396 4853 eciam
427 4795 613 4864 auferantur,
645 4801 717 4853 tunc
748 4811 784 4852 eo
807 4812 878 4853 casu
910 4796 1079 4854 conductor
1110 4813 1169 4854 non
1200 4803 1328 4870 cogatur
1351 4800 1389 4858 de

145 4907 191 4952 suo
217 4901 374 4975 quicquam
406 4901 600 4974 persolvere;
632 4901 737 4958 habita
767 4917 861 4975 super
893 4903 950 4960 hoc
974 4903 1155 4960 certitudine
1179 4903 1263 4961 iuxta
1287 4922 1385 4979 posse.

146 4999 190 5056 sed
209 5006 302 5063 solum
325 5007 363 5064 ad
386 5006 428 5076 id,
453 5007 536 5079 quod
568 5009 606 5064 de
629 5008 704 5081 ipsis
727 5007 901 5065 redditibus
925 5017 954 5066 et
977 5011 1180 5082 proventibus
1204 5011 1313 5068 habuit
1336 5015 1388 5071 vel

1270 5127 1284 5158 ἢ
