3824 5806
437 559 499 634 34⁶
813 561 886 618 Doc.
904 557 982 640 364.
1000 559 1076 639 365.
1100 595 1141 605 -
1166 563 1222 621 An.
1248 577 1335 642 1393.

438 663 608 672 ——-..

434 757 606 830 grabiensis
630 757 758 816 fecimus
781 760 960 832 consignari.
985 761 1100 818 Datum
1117 761 1274 834 Zagrabie,
1298 763 1329 820 in
1353 762 1431 820 iesto
1455 763 1552 820 sancti
1577 763 1704 822 Bartho-

437 865 531 922 lomei
555 865 697 938 apostoli.
723 865 811 920 Anno
834 864 952 922 domini
976 867 1144 924 millesimo
1166 867 1244 925 CCC
1268 870 1466 941 nonagesimo
1489 870 1633 927 oecundo.

527 980 666 1046 Originalc
685 980 711 1030 in
731 981 828 1040 charta,
848 997 863 1030 a
882 987 958 1046 tergo
975 997 1129 1048 appressum
1148 985 1275 1050 sigillum,
1294 985 1381 1050 periit
1407 985 1437 1035 ln
1457 986 1557 1036 archiv.
1579 985 1626 1036 lib.
1646 1003 1706 1052 reg·

438 1071 487 1120 civ.
507 1070 610 1134 zagrab.

1026 1217 1118 1282 364.

546 1339 620 1387 Anno
643 1347 717 1400 1393,
738 1339 778 1388 28.
799 1339 901 1403 aprilis.
921 1339 1074 1405 Zagrabiae.

432 1449 587 1524 Joirormcs
619 1448 722 1520 Vegloe
744 1457 791 1506 etc.
814 1466 910 1517 comes,
934 1448 1092 1506 Slooonioe
1122 1450 1221 1520 bonus,
1244 1453 1340 1508 corur'ti
1360 1459 1388 1508 ct
1409 1451 1549 1508 iudicibus
1571 1452 1707 1507 nobilium

438 1557 585 1612 comitatus
608 1555 734 1628 zcigrob„
758 1562 910 1612 utcontra
933 1556 1062 1613 Paulum
1086 1565 1114 1614 el
1142 1557 1324 1630 Gregoriom,
1337 1560 1419 1632 filios
1445 1559 1572 1628 Mastia,
1590 1559 1625 1615 dc
1640 1560 1708 1615 hor-

440 1661 537 1718 rendis
559 1661 667 1719 actibus
690 1661 720 1718 in
737 1662 912 1734 possessione
941 1661 1107 1734 Grechensi,
1129 1683 1216 1738 quom
1240 1665 1394 1740 Hrostiryo
1410 1672 1521 1734 vocant,
1533 1665 1708 1738 perpetratis

906 1770 1066 1843 inquirant,
1090 1771 1240 1844 proecepit.

528 1893 655 1952 Dilectis
679 1895 768 1952 nobis
791 1896 897 1952 comiti
920 1897 971 1952 vel
996 1896 1177 1954 vicetenenti
1200 1905 1230 1956 et
1253 1897 1407 1955 iudicibus
1431 1899 1586 1956 nobilium
1611 1899 1706 1955 comi-

441 2005 522 2056 tatus
545 2001 760 2071 zagrabiensis.
782 2001 938 2083 Johanncs
961 2017 1064 2059 comes
1089 2003 1194 2076 Vegle‚
1220 2003 1384 2076 Modrusye
1407 2010 1471 2074 etc,
1501 2021 1618 2062 necnon
1640 2019 1707 2076 reg-

442 2119 553 2162 norum
577 2105 746 2176 Dalmacie‚
770 2105 898 2162 Croucie
929 2121 964 2163 ac
994 2105 1157 2166 Sclauonie
1191 2109 1296 2166 banus.
1327 2110 1449 2167 Dicitur
1471 2111 1560 2167 nobis
1585 2111 1616 2168 in
1639 2126 1708 2183 per-

439 2226 514 2268 sona
539 2211 619 2268 Petri
643 2211 760 2282 iudicis,
784 2227 901 2269 necnon
925 2213 1097 2270 iuratorum
1119 2223 1148 2272 et
1180 2216 1396 2272 universorum
1427 2216 1543 2272 civium
1574 2216 1708 2272 civitatis

441 2317 555 2374 montis
578 2316 748 2386 Grecensis‚
773 2319 912 2375 virorum
930 2318 1144 2391 providorum,
1161 2319 1243 2393 quod
1262 2320 1375 2378 Paulus
1399 2327 1429 2378 et
1452 2321 1632 2394 Gregorius
1650 2320 1708 2378 filii

443 2424 560 2480 Mazten
582 2423 620 2480 de
651 2423 768 2482 Chicha
802 2440 935 2483 unacum
958 2425 997 2482 ad
1021 2441 1053 2483 se
1077 2427 1301 2500 pertinentibus
1324 2427 1355 2484 in
1379 2427 1457 2484 festo
1481 2427 1563 2484 beati
1578 2426 1707 2498 Georgii

443 2530 579 2588 martiris
610 2531 752 2604 proxime
782 2533 931 2606 preterito
962 2532 1002 2589 ad
1034 2532 1190 2606 quandam
1217 2534 1442 2606 possessionem
1467 2534 1608 2606 ipsorum
1631 2533 1710 2590 Hra·

401 2623 404 2629 ’
441 2637 514 2693 scha
548 2643 766 2710 nuncupatam,
810 2639 954 2695 manibus
997 2640 1124 2696 armatis
1156 2644 1186 2695 et
1217 2639 1413 2712 potenciariis
1455 2638 1611 2706 irruendo,
1649 2647 1710 2696 tre-

441 2747 545 2798 centos
568 2742 674 2814 boves,
701 2745 895 2816 septuaginta
918 2744 1050 2801 cubulos
1073 2743 1111 2800 de
1134 2745 1237 2802 tritico
1260 2745 1290 2801 in
1314 2743 1421 2801 eadem
1445 2743 1630 2817 reperiendo
1662 2761 1709 2801 re-

442 2847 504 2919 cipi
527 2853 557 2905 et
579 2847 693 2906 abduci
717 2847 866 2920 iecissent,
891 2851 974 2907 omni
999 2865 1107 2907 eorum
1130 2849 1195 2908 sine
1218 2851 1327 2924 culpa;
1350 2865 1387 2907 eo
1410 2865 1471 2907 non
1497 2851 1640 2919 contenti,
1664 2866 1710 2907 se·

443 2953 544 3010 cundo
566 2954 617 3011 die
640 2954 714 3012 dicti
735 2954 805 3012 festi
828 2956 944 3013 scilicet
968 2957 999 3014 in
1022 2955 1100 3014 sesto
1124 2957 1206 3014 beati
1231 2957 1326 3014 Marci
1355 2956 1553 3029 ewangeliste
1575 2955 1616 3012 ad
1639 2973 1709 3030 pre-

442 3059 559 3117 dictam
583 3062 809 3134 possessionem
833 3062 1119 3133 comminuendo,
1143 3061 1271 3120 eandem
1301 3063 1421 3136 penitus
1445 3061 1580 3119 desolari
1604 3068 1634 3118 et
1657 3061 1709 3118 de·

440 3167 563 3238 vastari,
588 3167 730 3224 villicum
760 3174 790 3225 et
823 3169 901 3226 alios
932 3183 1027 3242 quam
1057 3169 1163 3241 plures
1194 3169 1372 3241 iobagiones
1400 3167 1480 3225 dicte
1513 3167 1591 3224 ville
1614 3169 1709 3240 capti·

441 3273 543 3330 vando
567 3280 597 3330 et
620 3273 746 3330 eosdem
769 3274 937 3332 crudeliter
968 3275 1158 3344 tormentari,
1189 3275 1334 3332 videlicet
1365 3275 1470 3348 spinas
1502 3274 1582 3331 inter
1604 3273 1709 3330 dentes

441 3385 471 3436 et
495 3394 613 3451 ungues
636 3379 791 3452 infigendo
816 3388 845 3437 et
869 3380 993 3438 dacium
1016 3381 1121 3453 regale
1145 3397 1201 3454 per
1226 3379 1380 3454 predictos
1403 3381 1487 3437 cives
1510 3379 1585 3453 ipsis
1609 3380 1708 3452 impo-

442 3485 544 3555 situm,
568 3485 609 3542 ab
632 3485 749 3543 eisdem
773 3487 967 3560 recepissent
998 3503 1115 3545 necnon
1147 3486 1316 3559 quemdam
1347 3485 1477 3543 domum
1501 3486 1531 3542 in
1556 3486 1709 3542 territorio

442 3591 522 3648 dicte
544 3592 678 3649 civitatis
699 3595 796 3650 noctis
831 3594 861 3650 in
893 3594 1019 3651 silencio
1051 3592 1172 3650 incendi
1204 3599 1233 3649 et
1264 3591 1407 3648 comburi
1438 3590 1587 3648 iecissent.
1612 3589 1711 3663 Super

442 3712 504 3771 quo
528 3697 689 3755 dileccioni
713 3707 814 3756 vestre
839 3701 1033 3772 presentibus
1061 3697 1252 3768 mandamus,
1276 3705 1426 3770 quatenus
1450 3712 1545 3753 unum
1563 3697 1613 3754 vel
1630 3695 1708 3752 duos

444 3821 482 3860 ex
506 3805 597 3861 vobis
622 3805 843 3874 transmittatis,
862 3805 944 3877 quod
964 3807 1004 3862 ab
1030 3806 1175 3862 omnibus
1196 3805 1315 3878 quibus,
1325 3803 1477 3860 incumbit
1492 3802 1569 3859 sciat
1586 3801 1624 3858 de
1641 3818 1710 3875 pre·

443 3911 545 3968 missis
570 3911 748 3980 veritatem;
771 3919 801 3968 et
824 3911 948 3969 tandem
973 3919 1065 3986 prout
1088 3912 1241 3968 sciveritis
1264 3911 1354 3968 nobis
1376 3924 1465 3966 more
1488 3909 1580 3966 solito
1602 3909 1711 3965 rescri-

444 4018 531 4074 batis.
557 4017 671 4074 Datum
688 4016 853 4090 Zagrabie,
874 4017 950 4075 feria
973 4017 1106 4075 secunda
1130 4017 1275 4090 proxima
1298 4022 1367 4090 post
1391 4015 1567 4089 predictum
1590 4014 1710 4071 festum.

531 4135 554 4184 E
573 4141 737 4200 transumpto
757 4134 874 4185 Thomae
893 4135 1013 4185 vicebani
1033 4141 1058 4184 et
1079 4134 1183 4185 comitis
1203 4134 1307 4200 zagrab.
1327 4149 1394 4184 auno
1417 4141 1490 4196 1393.
1515 4139 1544 4182 ut
1563 4130 1640 4180 inira.

1036 4313 1122 4379 365.

552 4439 628 4486 Anno
651 4446 723 4499 1393.
745 4449 784 4500 29.
805 4437 905 4502 aprilis.
925 4437 1078 4504 Zagrabiae.

450 4549 576 4605 Thomas
599 4549 749 4606 zo'cebanos
772 4555 800 4605 et
813 4548 926 4623 sicilicos
949 4548 1084 4604 nobiliiim
1106 4549 1255 4604 corm'totus
1279 4545 1396 4618 zogrob.
1413 4543 1582 4621 johannem
1605 4544 1712 4600 birrum

445 4657 480 4712 do
503 4653 653 4712 horrendis
685 4661 713 4710 et
737 4653 860 4728 trifariis
891 4654 999 4710 aclibus
1012 4655 1147 4728 filiomm
1169 4653 1286 4710 Mastia
1309 4653 1339 4708 iu
1357 4651 1530 4725 possessione
1559 4649 1711 4724 Hrostlrjiz

736 4760 837 4835 sociis,
862 4761 982 4816 inritare
1005 4758 1101 4828 inniti,
1123 4760 1268 4816 certiorem
1284 4759 1412 4834 faciunt

537 4905 700 4978 Magnifico
724 4907 792 4963 viro
816 4905 942 4962 domino
966 4905 1106 4987 Johanni,
1127 4905 1233 4962 comiti
1250 4903 1356 4976 Vegle‚
1373 4901 1538 4972 Modrusye
1561 4907 1626 4976 etc,
1646 4916 1715 4958 nec·

452 5029 511 5071 non
535 5027 702 5084 regnorum
725 5012 893 5082 Dalmacie‚
918 5011 1045 5068 Croacie
1069 5019 1099 5068 et
1122 5009 1284 5068 Sclauonie
1308 5009 1397 5078 bano,
1421 5007 1556 5064 Thomas
1573 5006 1716 5077 vicarius,
